2892 4950
198 379 557 441 urrunnun.
599 380 679 438 r.r.
723 379 883 444 oxvrn.
925 383 1005 456 a5.
1063 391 1126 462 5.ss

84 567 196 641 aperte
217 555 299 616 dixit
322 544 492 641 Δάρδανον
514 552 652 617 Ptolem.
671 564 705 632 5.
722 567 755 618 0.
770 553 816 618 in.
852 553 1031 618 Dardanio
1050 556 1127 642 legi·

85 673 142 719 tur
162 660 196 718 iu
211 657 318 718 Plinio
332 669 366 734 5,
384 669 444 732 33.
460 653 481 716 i.
502 669 559 734 50.
586 655 644 716 oisr
666 655 757 718 malie
777 653 940 718 Dardano
963 657 1015 720 vel
1036 655 1127 721 Dar·

85 758 198 820 donia.
239 755 419 820 Dardanio
445 757 485 818 de
511 757 643 841 regione
669 753 847 828 dIci'solet.
874 770 906 820 et
928 757 969 820 stc
988 757 1027 820 ab
1050 759 1128 822 urbe

86 859 253 944 distingui.
295 857 408 940 Neque
441 873 547 920 tarnen
574 857 627 919 vel
664 857 703 919 stc
732 856 904 921 insolenter
929 859 1055 924 locutus
1084 859 1129 924 est

87 961 269 1031 Noster..ut
285 960 573 1021 docenrttomenn
590 959 627 1021 lt.
639 973 697 1030 ao,
714 971 799 1036 215.
821 959 877 1020 ubi
890 960 997 1023 Schol.
1009 961 1128 1024 Conon

84 1077 203 1126 narrat.
227 1078 285 1124 nr.
314 1073 424 1121 auctor
446 1060 624 1124 Chrestom.
659 1061 807 1124 Strabon.
830 1060 886 1124 lib.
904 1047 938 1142 7.
957 1058 981 1126 f.
1016 1062 1125 1126 Itidor.

86 1165 172 1249 orig.
192 1165 247 1231 16.
270 1181 300 1226 t.
326 1174 360 1222 et
380 1180 460 1244 quoa
483 1161 540 1223 hac
561 1162 601 1222 de
622 1160 710 1224 causa
731 1161 883 1245 produxit
905 1163 1069 1226 Strreren.
1089 1165 1129 1226 ad

86 1267 213 1350 Hygin.
242 1261 303 1326 sab.
325 1275 410 1344 275.
461 1263 555 1325 Prius
587 1281 708 1324 nomen
742 1263 884 1335 Teucris,
915 1265 1128 1347 (Stephanut)

86 1369 164 1452 quia
177 1368 294 1428 Teucri
310 1385 380 1426 earu
395 1365 562 1449 regionem
579 1365 658 1425 olirn
674 1363 835 1434 tenebant.
856 1365 972 1446 quibua
988 1361 1129 1429 successit

88 1489 164 1533 cura
182 1465 272 1530 sociis
292 1467 468 1536 Dardanus.
494 1485 588 1546 quem
603 1468 805 1529 conditorem
820 1464 941 1530 iaciunt
954 1467 1128 1538 Homerus.

88 1571 227 1639 Conon,
254 1568 390 1629 Diodor.
406 1577 441 1648 4,
458 1579 517 1644 75.
551 1567 736 1646 Apollodor.
756 1581 788 1647 3,
811 1585 866 1638 ra.
891 1591 917 1631 r.
935 1569 1000 1632 aiii.
1039 1571 1128 1631 Anti·

87 1672 245 1754 quitatem
268 1669 354 1730 urbia
378 1669 504 1730 testatur
518 1667 695 1736 Horuerue.
721 1669 799 1730 dum
815 1685 887 1730 ante
903 1671 1002 1730 ilium
1019 1669 1129 1732 ssetiss’e

87 1776 145 1836 ait.
181 1773 304 1855 Regio,
330 1789 409 1852 quae
425 1767 514 1852 supra
529 1769 626 1830 Ilium
644 1769 681 1830 ad
699 1769 817 1832 Zeiiam
838 1773 905 1848 (at)
925 1791 1024 1852 usque
1045 1785 1130 1854 pate·

87 1875 162 1945 bat,
190 1872 312 1935 ditioni
334 1869 470 1932 subiecta
494 1883 561 1932 erat
590 1871 712 1932 Aeneae
736 1883 769 1933 et
796 1872 934 1932 duorum
958 1872 1130 1935 Antenoris
1192 1852 1197 1861 ’

88 1976 244 2040 iiiioruur.
281 1973 354 2035 vid.
370 1973 504 2034 Homer.
522 1972 560 2034 ΙΙ.
578 1987 610 2040 2.
629 1983 672 2048 81
680 1993 701 2050 9
714 1970 775 2053 tqq.
802 1973 886 2034 coni.
903 1973 1059 2038 Strabone
1075 1989 1129 2040 ra.

87 2097 123 2161 p.
143 2086 227 2156 589.
245 2071 265 2136 f.
284 2075 367 2151 565.
394 2087 427 2135 et
447 2086 501 2152 ¹5·
517 2093 550 2156 p.
567 2083 653 2152 410.
668 2070 689 2134 s.
706 2075 791 2154 596.
831 2075 953 2136 incolas
969 2075 1131 2138 Homerus

89 2179 195 2240 modo
218 2174 410 2238 Dardanios
429 2188 540 2243 vocat,
568 2175 672 2252 (11.0.
691 2179 790 2256 819.)
817 2177 918 2237 ruodo
938 2175 1130 2246 Dardanos,

88 2277 152 2364 (ΙΙ.
172 2291 225 2355 ι5.
241 2273 348 2358 425.)
374 2277 422 2346 uti
438 2277 534 2336 etiam
550 2290 663 2338 mouet
677 2275 790 2338 Strabo
806 2291 859 2354 13.
876 2287 1001 2357 p.4o7.
1013 2275 1034 2338 i.
1045 2289 1131 2356 592.

90 2395 127 2444 et
147 2381 187 2442 de
212 2379 346 2463 Virgilio
369 2379 456 2438 idem
479 2377 612 2440 Serriue
637 2389 669 2438 et
691 2378 803 2456 Heyne
825 2377 863 2438 ad
886 2379 966 2442 Aen.
983 2389 1019 2456 4.
1044 2381 1129 2443 662.

90 2481 149 2545 etsr
176 2479 359 2542 Dardanus
384 2479 423 2540 de
451 2479 555 2540 Aenea
583 2491 706 2538 tanturn
735 2475 911 2562 intelligere
938 2481 1030 2541 malit
1054 2481 1131 2560 Ery·

88 2581 221 2645 tbraeue
239 2583 272 2640 in
294 2581 400 2641 indice
415 2581 447 2642 h.
462 2601 495 2642 v.
546 2575 661 2640 l'affim
678 2581 770 2642 latiur
790 2594 921 2662 utraque
939 2579 1040 2644 iorrna
1055 2583 1132 2644 dici·

88 2699 145 2747 trrr
162 2702 220 2766 pro
234 2683 403 2752 Troianus,
430 2696 464 2741 ut
480 2673 647 2768 Δάρδανος
664 2677 742 2770 duiyp
765 2685 847 2764 apud
864 2683 996 2746 Homer.
1015 2685 1051 2746 11.
1074 2685 1130 2755 16,

92 2799 182 2864 307.
218 2785 258 2846 At
274 2783 437 2844 Dardana
459 2783 554 2844 Troia
570 2783 651 2843 dixit
665 2782 762 2845 ovid.
776 2784 868 2845 Trist.
881 2795 912 2859 5.
934 2803 988 2854 ro,
1004 2795 1039 2864 4.
1064 2804 1129 2866 quo

1 2874 2 2877 Ἴ
91 2887 191 2950 deber
207 2887 365 2970 originem
382 2882 525 2965 spectare,
542 2884 750 2945 utDordana
765 2907 843 2966 gens
856 2899 888 2946 et
905 2883 1128 2957 Dardanidae,

90 2989 134 3052 de
150 2987 267 3070 quibue
282 2984 322 3048 ci.
340 2985 465 3047 Medda
483 2987 522 3047 de
545 2987 696 3069 progenie
714 2989 793 3070 Aug.
811 2999 912 3066 cap.3
933 2983 975 3067 sq.
1010 2987 1132 3048 Urbem

91 3090 328 3154 conterminam
358 3087 472 3166 Abydo
495 3084 568 3148 facit
592 3088 747 3148 Herodot.
766 3103 797 3162 7,
814 3096 873 3165 43.
908 3087 995 3149 unde
1020 3101 1130 3150 tamen

93 3205 142 3268 7⁰
167 3190 269 3257 stadiis
291 3203 438 3250 removet
462 3189 574 3250 Strabo
598 3201 652 3265 ιδ.
675 3209 707 3270 p.
723 3198 809 3268 409.
835 3185 856 3248 f.
874 3197 959 3266 595.
985 3209 1063 3272 quae
1085 3209 1132 3252 re·

90 3307 256 3376 pugnant.
283 3290 339 3351 nisr
366 3311 483 3352 novam
499 3290 682 3352 Dardanum
705 3289 831 3359 statuae,
863 3290 994 3372 quaein
1016 3289 1132 3372 priscae

90 3395 182 3458 urbia
200 3396 322 3453 dirutae
338 3393 444 3453 locum
462 3385 618 3461 successu,
644 3405 676 3451 et
692 3391 730 3450 ab
747 3389 814 3472 ipio
833 3390 987 3452 Strabone
1007 3389 1130 3479 κτίσμα

93 3493 238 3585 ἂρχαῖον
261 3507 400 3556 vocatur.
454 3491 549 3554 Nora
565 3493 663 3576 igitur
681 3489 833 3552 succrevit
848 3491 887 3552 ab
902 3491 1013 3570 Abydo
1029 3513 1133 3556 remo·

91 3601 174 3668 tior,
207 3597 240 3657 in
261 3616 321 3676 qna
338 3594 424 3655 Sulla
446 3613 518 3655 cum
540 3593 722 3656 Mithridate
739 3595 897 3676 Eupatore
912 3595 952 3656 de
969 3591 1131 3656 sancienda

91 3717 172 3784 pace
192 3695 372 3782 congreiiue
394 3695 447 3757 ett.
481 3694 690 3779 (sinuant.
718 3694 875 3756 Plutarch.
900 3695 934 3754 in
958 3695 1041 3756 Solia
1062 3713 1130 3776 cap.

92 3811 156 3880 24.
174 3799 236 3882 in.)
286 3799 372 3860 Turn
395 3815 472 3856 vero
496 3796 612 3857 rectius
631 3796 736 3856 dicere
753 3795 888 3858 debebat
906 3795 1070 3857 Dardanue
1090 3795 1131 3858 de

92 3901 285 3968 [caretate.
320 3899 438 3980 inquo
469 3911 577 3958 tamen
606 3894 815 3978 promiscuam
839 3897 973 3958 aliorum
995 3895 1130 3960 formam

92 4001 221 4066 secutor
243 3998 303 4064 effe
325 4000 464 4062 videtur.
523 3997 702 4061 inderem
725 3990 884 4084 Δαρδανὶς
906 3988 995 4084 ἄκρα
1017 3998 1133 4060 dicitur

92 4102 288 4169 astrabone
305 4115 361 4183 15.
384 4121 418 4186 p.
434 4109 521 4182 409.
542 4097 564 4164 s.
581 4110 666 4180 595.
692 4119 752 4182 pro
776 4119 840 4183 quo
862 4111 952 4163 autea
974 4101 1025 4184 (p.
1044 4110 1130 4180 409.
