2764 4954
245 464 607 526 nivolonum.
647 463 683 520 L.
703 465 727 520 1.
772 463 863 524 cdo
1016 476 1078 540 523

31 645 118 708 rotie
144 641 313 711 dicuntur,
339 639 442 702 veluti
460 638 543 720 apud
563 637 707 700 Plinium
725 633 845 702 Arabes
861 627 996 732 Ascitoe,
1021 642 1076 718 (6,

33 755 88 829 34.
106 743 132 808 s.
151 747 237 824 29.)
265 742 367 812 Antei,
390 739 446 823 (6,
465 753 523 820 33.
543 736 563 800 s.
582 735 663 822 29.)
697 736 787 807 Oret,
812 741 866 814 (6,
886 741 1077 820 31.t.27.)

30 846 164 914 necant,
188 848 246 924 (5,
264 859 323 906 ιιι.
342 839 362 906 s.
382 842 462 924 Ωιι.)
488 841 641 903 Scenitae.
666 839 730 920 (ib.
748 853 780 902 et
796 839 904 918 alibi.)
941 843 1000 925 lpli
1022 863 1075 924 po·

30 949 113 1030 puli,
143 945 237 1028 quod
260 955 393 1014 uotum,
424 937 737 1014 Arabesrocantur3
769 945 873 1021 Arops
896 943 930 1004 in
955 943 1077 1012 Mssu·

31 1053 128 1111 etiem
146 1049 216 1132 legi
230 1045 359 1106 notavit
372 1043 496 1106 Pieriue
510 1043 547 1104 ed
566 1043 673 1126 virgil.
685 1043 763 1105 Aen.
781 1053 813 1120 8,
831 1044 914 1116 706.
950 1045 999 1116 At,
1023 1066 1077 1110 no·

31 1153 117 1212 mine
136 1146 243 1211 Arabe
259 1143 381 1218 omisso,
404 1145 463 1206 elie
476 1141 616 1204 recenset
629 1143 819 1224 Stephanus,
846 1145 893 1204 uti
913 1143 1076 1219 Arabicus,

31 1250 180 1321 Arabius,
211 1243 310 1309 Arabi
336 1267 368 1309 c.
420 1243 559 1306 Exclusit
575 1241 890 1314 BerkeliueArcbus,
914 1249 987 1326 quia
1002 1268 1076 1310 nuc

30 1373 125 1433 quam
149 1349 243 1432 apud
266 1349 400 1409 idoneor
418 1345 580 1428 scriptores
600 1361 753 1409 occurrat.
804 1345 950 1408 Occurrit
972 1360 1078 1412 tamen

29 1455 110 1534 apud
127 1453 254 1514 Anien.
271 1449 305 1508 in
328 1450 447 1532 petieg,
463 1467 496 1510 v.
519 1465 625 1526 1099,
649 1448 751 1508 immo
772 1449 854 1528 epud
873 1449 981 1532 Virgil.
1000 1453 1079 1515 Aen.

31 1572 60 1628 7,
82 1565 179 1632 705.
205 1549 365 1630 aliosque,
398 1549 447 1609 uti
473 1549 654 1610 docuerunt
679 1549 802 1610 Pieriue
826 1549 865 1609 ad
887 1551 996 1634 virgil.
1013 1569 1040 1614 c.
1056 1553 1077 1616 l.

29 1656 180 1718 Holilen.
209 1651 248 1711 ad
269 1650 421 1732 Stephon.
437 1670 470 1733 p.
488 1663 548 1728 4¹·
575 1663 607 1710 et
629 1650 790 1711 Relandue
814 1649 845 1710 in
860 1651 1028 1713 Palaestina
1050 1675 1079 1724 t,

35 1760 87 1822 ¹6.
112 1745 292 1841 ’Δρᾶβιος,
324 1752 411 1832 quod
436 1771 475 1814 ex
502 1747 660 1828 Hesychio
690 1764 722 1812 et
758 1749 919 1814 Eustathio
946 1755 1080 1833 protulit

28 1857 228 1924 Berkeliue,
262 1853 381 1936 legitur
401 1853 496 1915 etiem
516 1853 549 1912 in
574 1851 785 1936 Agathemero
803 1868 836 1922 o,
857 1873 909 1915 ιι.
935 1867 967 1914 et
984 1856 1080 1917 Suiria

30 1957 101 2022 [v.
119 1951 286 2046 Ἄραβες.
339 1953 437 2037 Quod
458 1972 536 2016 vero
561 1953 598 2015 etl
622 1953 702 2014 hanc
724 1953 827 2014 llllelae
848 1953 992 2014 Arabiam
1014 1975 1081 2037 per·
1195 2009 1198 2022 ,

32 2063 136 2132 tinet,
180 2057 321 2118 minime
350 2055 403 2116 ille
436 2052 551 2138 spectet
574 2055 732 2136 triplicem
758 2055 845 2116 illem
879 2055 1081 2126 divisionem,

32 2181 113 2244 quae
137 2177 207 2220 nec
231 2157 310 2226 olim
331 2151 408 2226 fuit,
435 2153 487 2218 sed
508 2153 704 2238 persequitur
720 2153 844 2216 cursum
864 2152 955 2216 surim
977 2157 1010 2217 lu
1028 2178 1082 2220 ore

31 2265 131 2324 marie
149 2258 286 2329 interni,
310 2269 352 2327 et,
372 2276 451 2338 quae
466 2257 512 2318 lbi
528 2257 670 2318 adiacent
688 2258 834 2340 regionee
850 2257 1082 2338 complectitur,

32 2363 154 2424 adelitie
171 2361 273 2422 etiem
289 2358 327 2418 iie
343 2357 432 2429 locie,
451 2377 531 2440 quae
548 2357 655 2440 paullo
671 2359 745 2418 inde
760 2373 880 2420 remota
897 2355 977 2430 sunt,
997 2361 1086 2440 quoti

32 2464 126 2548 supra
146 2464 184 2522 in
209 2461 322 2542 primic
343 2456 428 2522 iecit,
479 2461 526 2520 lta
550 2458 674 2522 Pliniue
692 2469 723 2536 5,
745 2473 799 2521 ιιι.
818 2458 837 2520 s.
863 2480 916 2522 ιι.
940 2461 1083 2523 nollrmn

32 2565 183 2634 secutur,
221 2574 255 2623 et
278 2561 333 2642 qui
353 2559 440 2622 hunc
464 2559 604 2621 reddunt
627 2559 800 2622 Martianus
824 2561 951 2642 Capella
975 2563 1030 2623 lib.
1051 2563 1084 2626 6.

33 2689 64 2750 p.
82 2683 179 2745 2¹9·
209 2675 243 2725 et
263 2662 391 2724 Solinue
413 2680 478 2743 cap.
497 2663 553 2741 56.
573 2659 594 2720 s.
614 2674 672 2744 35.
695 2662 842 2745 Aegypto
866 2663 1011 2724 Arabum
1034 2663 1084 2724 ad·

35 2781 197 2835 nectunt,
229 2775 262 2823 et
277 2763 315 2823 ad
337 2781 424 2823 mere
444 2781 544 2843 neque
562 2743 707 2823 llubrum
730 2775 762 2824 et
787 2760 976 2824 odoriferam
999 2765 1086 2825 iliam
1160 2795 1168 2808 κ

36 2889 69 2931 ac
84 2869 252 2934 divitem,
279 2863 387 2926 beatae
403 2865 615 2948 cognomine,
641 2861 818 2944 proferunt.
865 2862 978 2946 Neque
997 2865 1085 2926 enlm

37 2971 160 3033 Noster
177 2985 315 3028 omnem
330 2963 476 3026 Arabiam
491 2965 728 3046 complectitur,
754 2965 803 3040 utl
820 2979 910 3048 putat
924 2966 1089 3030 Salmairue

38 3075 71 3133 in
86 3071 249 3132 solinum
264 3087 296 3148 p.
313 3085 358 3129 tn.
375 3073 459 3148 341.
485 3081 518 3128 et
537 3067 649 3127 adnuit
666 3060 798 3136 Volliue,
824 3067 896 3146 quia
914 3067 1089 3128 terminum

38 3171 115 3236 iacit
137 3189 230 3231 mare
247 3166 410 3237 llubrum,
443 3179 476 3230 et
495 3179 565 3230 ture
586 3166 799 3248 odoribusque
822 3167 979 3229 abundare
1000 3168 1089 3239 dicit,

39 3273 92 3336 sed
116 3273 288 3334 Petraeam
311 3281 436 3328 tantum
458 3269 626 3352 intelligit,
653 3269 721 3336 vel,
749 3287 843 3348 quam
868 3269 1089 3332 Eratosthenet

41 3377 128 3458 epod
148 3370 347 3434 Strabonem
363 3369 419 3432 lib.
438 3371 493 3434 16.
507 3389 539 3451 p.
557 3383 640 3448 528.
659 3367 679 3433 s.
696 3371 779 3446 767.
800 3367 1088 3450 septemtrionalem

43 3489 142 3539 vocat
163 3487 202 3536 et
217 3471 301 3533 linue
316 3471 439 3532 Arabici
453 3469 569 3533 recelsu
589 3472 747 3540 terminat,
772 3472 821 3530 utl
840 3470 999 3532 Petraeam
1014 3475 1091 3555 Age·

46 3579 222 3639 themerue
245 3589 279 3643 a,
304 3573 338 3635 6.
359 3572 488 3654 aliique.
538 3573 599 3636 Sed
617 3568 684 3633 vid.
707 3571 857 3653 deinceps
878 3573 1031 3652 disputata
1052 3573 1091 3634 acl

46 3699 147 3741 vocer
164 3671 312 3737 Rubntm
328 3693 423 3736 mere,
458 3674 508 3735 De
523 3675 590 3736 eiue
607 3675 753 3735 terminio
770 3673 855 3734 verie
869 3671 974 3735 versut
990 3673 1091 3734 Peleo·

47 3783 165 3844 ffinam
186 3775 368 3838 constitutio
387 3775 555 3859 diligenter
569 3771 714 3857 exposuit
728 3773 889 3836 Relanduo
906 3775 938 3834 in
953 3771 1094 3836 Pelaesll·

47 3905 87 3944 na
106 3901 140 3952 ι,
163 3881 222 3942 ι6.
256 3877 403 3938 Petraeee
420 3891 527 3937 autem
549 3895 670 3938 nomen
686 3873 723 3936 ab
740 3873 817 3935 urbe
839 3869 986 3956 primorie
1002 3876 1093 3937 Petra

49 3983 243 4066 impolitum
267 3975 373 4044 fuisse,
406 3975 477 4038 satie
499 3975 596 4039 hodie
619 3975 745 4040 constet.
798 3975 951 4037 Ceterum
974 3975 1028 4057 qui
1053 3977 1093 4038 tle

48 4086 165 4151 Arabia
186 4095 221 4146 et
242 4078 340 4145 tebue
355 4077 495 4144 tration
515 4075 718 4164 scripserunt,
751 4073 907 4139 recensuit
923 4073 1096 4142 tlteuteliue

709 4177 738 4244 X
766 4191 787 4242 c
