2892 4950
211 413 263 472 tlt
290 413 426 472 ΡΟΜΡ.
457 411 564 468 MEL.
607 409 688 468 LI.
731 409 866 472 cxlx.
908 410 987 482 §.a
1065 419 1129 486 557

84 587 224 668 Cyzicnr
245 605 362 668 nempe
384 581 534 670 Pelasgoa
554 581 659 646 heller
680 596 784 656 ratur,
818 583 977 671 adgrcllut
996 596 1031 646 et
1052 585 1129 650 inde

84 705 188 753 noctu
210 685 395 750 interfector
415 685 468 748 eli.

162 889 340 974 Placia)
378 888 546 952 Herodoto
569 910 598 968 r,
613 899 673 967 57.
695 885 850 977 Πλακίη,
879 889 1001 971 Scylaci
1019 911 1051 972 p.
1069 899 1128 970 55.

87 992 190 1058 Hunis.
211 988 306 1064 πόλις
326 988 502 1062 Πλακίου,
533 1010 591 1072 pro
612 1011 676 1072 quo
696 986 846 1056 Πλάκιον
878 993 971 1052 malit
991 987 1128 1062 Voffiur.

87 1111 146 1158 ant
173 1091 329 1178 Πλακίης
370 1093 535 1176 Stephano
568 1087 711 1180 Ilddrtry,
747 1089 843 1168 πόλις
872 1089 1128 1182 Ἑλλησποντία.

87 1197 176 1281 quod
200 1191 403 1258 exsulante
427 1205 626 1254 contractum
647 1207 741 1276 putat
763 1192 950 1265 Berkeliua,
984 1207 1040 1256 aut
1059 1213 1130 1255 mu·

85 1299 225 1361 tandum
245 1299 278 1356 in
303 1292 449 1380 Πλακίη.
483 1293 608 1356 Plirriut
622 1307 656 1374 5,
672 1305 732 1378 4ο.
752 1294 772 1358 i.
791 1310 850 1374 552.
874 1310 912 1358 ut
927 1293 1051 1366 Noller,
1074 1295 1130 1356 ha-

87 1401 146 1463 bet
167 1399 292 1460 Plocio.
333 1397 458 1466 Strabo,
481 1396 684 1460 Ptolemaenr
701 1418 772 1458 eam
789 1401 951 1482 ignorant.
990 1399 1040 1458 Ex
1054 1398 1130 1476 Scy·

85 1503 166 1564 lacis
192 1501 329 1561 lectione
363 1498 495 1582 vulgata
532 1497 714 1561 Hollieniur
741 1499 781 1558 ad
808 1499 964 1581 stephan.
991 1520 1022 1580 p.
1042 1499 1127 1575 256.

86 1603 281 1665 sententiam
303 1619 418 1662 eorum
440 1601 623 1660 confirmari
646 1600 730 1683 polle
754 1615 863 1682 putat,
898 1602 954 1681 qui
975 1595 1128 1686 nlenten

87 1716 237 1768 montem
261 1705 296 1762 in
318 1703 373 1764 illo
391 1713 492 1762 tractu
509 1715 646 1782 ponunt,
671 1715 703 1762 et
721 1701 759 1762 ad
777 1703 911 1762 Homeri
935 1703 973 1766 ll.
992 1704 1025 1772 6.
1041 1713 1128 1781 425.

84 1799 304 1876 ‘Trirlnnor
320 1817 352 1864 et
378 1800 488 1862 similia
509 1799 667 1872 referunt,
700 1803 739 1864 de
761 1822 826 1882 quo
844 1801 883 1864 ci.
906 1817 1031 1886 praeter
1053 1805 1130 1866 Hol-

86 1907 224 1970 ileninm
250 1902 527 1967 Schlichthorlliua
553 1905 587 1964 in
615 1905 731 1988 Geogr.
754 1905 888 1965 Homeri
917 1924 990 1986 pag.
1010 1915 1091 1984 triu.
1108 1903 1131 1969 i.

88 2007 273 2076 Malieinm,
299 2007 353 2087 qui
370 2017 555 2090 negaverat,
583 2005 724 2068 Placiam
745 2005 857 2066 urbem
881 2006 919 2066 ad
945 2005 1133 2090 Hellespon·

85 2124 160 2171 turn
183 2121 216 2170 et
233 2107 432 2190 Propontida
454 2125 588 2186 usquam
610 2103 715 2178 inille,
746 2105 866 2166 refutat
885 2105 1063 2190 Welleling.
1089 2107 1131 2170 ad

87 2211 251 2273 Herodot.
276 2231 303 2278 ι,
327 2221 385 2285 57.
439 2207 547 2268 Incola
581 2209 665 2290 apud
692 2207 892 2289 Stephanum
926 2199 1073 2283 Hdtiator
1097 2221 1132 2270 et

87 2313 167 2373 inde
191 2303 399 2382 Πλακιανὸς,
432 2309 519 2390 quod
545 2309 663 2393 legitur
685 2311 719 2371 in
743 2309 903 2370 Herodoti
923 2310 1015 2380 loco,
1043 2310 1130 2372 unde

85 2413 219 2494 repetiit
244 2409 377 2492 Dionys.
406 2411 510 2472 Halic.
535 2429 563 2482 ι,
590 2425 648 2491 29.
684 2409 840 2494 Oppiduli
865 2410 995 2495 pelligia
1020 2409 1131 2474 irulira

85 2515 307 2595 exquirantur.

165 2711 363 2798 Scylace)
415 2713 469 2778 Gr.
486 2709 668 2804 zavlduy.
692 2730 728 2778 ut
744 2717 828 2802 apud
846 2717 1004 2780 Herodot.
1025 2738 1053 2788 t,
1070 2727 1130 2795 57.

88 2817 308 2902 Stephanum,
334 2817 388 2898 qui
404 2818 482 2876 citra
499 2817 653 2896 Cyzicum
676 2822 778 2900 ponit,
806 2833 838 2880 et
854 2819 961 2880 tellam
980 2819 1131 2898 producit

87 2921 302 2982 Hecataeum.
352 2917 477 2979 Eodem
499 2921 633 2981 nominc
649 2933 922 2982 commemoratur
937 2940 955 2980 a
970 2919 1078 2980 Plinio
1097 2933 1129 2998 5,

87 3033 150 3102 4ο.
172 3017 195 3082 l'.
214 3033 273 3094 32.
298 3017 479 3098 scytaca‘on
503 3035 597 3081 vocat
622 3021 723 3083 Valor.
751 3022 879 3084 Flaccus
898 3037 931 3098 3.
956 3021 1014 3100 56.
1042 3021 1130 3102 quod

87 3141 128 3182 ex
155 3139 242 3182 nexu
267 3133 299 3180 et
324 3119 495 3196 Rhyndaci
524 3122 642 3180 vicinia
665 3123 868 3206 intelligitur.
902 3121 956 3182 etsi
980 3122 1014 3181 in
1040 3123 1129 3182 varia

88 3221 258 3284 discedunt
279 3223 475 3302 interpretes.
527 3224 637 3282 Incola
658 3218 875 3308 Σκυλακηνὸς
891 3237 923 3284 et
939 3217 1132 3299 Σκυλάκιος

88 3325 177 3406 apud
201 3323 412 3404 Stephanum.
465 3323 503 3382 In
527 3323 747 3388 conditoribus
772 3324 887 3386 Noster
907 3321 1004 3386 refert
1030 3325 1132 3386 Hero·

89 3426 225 3493 dotum.
253 3421 406 3486 Nostrum
421 3422 461 3484 de
478 3421 536 3484 suu
553 3425 591 3484 ad
609 3423 788 3509 Olympum
804 3427 941 3490 Pliniur.
974 3501 978 3508 Ι

169 3625 381 3709 Olympus.
407 3637 451 3686 ut
476 3625 669 3710 incolae)
720 3628 796 3691 Nou
815 3627 852 3692 sc.
870 3645 987 3710 poetae
1004 3643 1131 3692 tantum

88 3731 210 3798 exteri,
245 3731 300 3810 qui
324 3725 406 3788 soliti
427 3741 517 3790 erant
547 3723 657 3810 passam
684 3729 822 3792 siceum
842 3751 958 3794 vocare
981 3734 1020 3792 ad
1041 3732 1130 3794 diffe-

88 3833 231 3894 rentiam
250 3829 372 3890 montit
392 3830 535 3890 eiusdem
556 3832 711 3892 nominis.
765 3833 826 3894 Sed
844 3833 895 3894 hic
915 3833 1020 3915 polica
1035 3833 1130 3894 vehe-

88 3946 219 3995 menter
234 3930 377 3992 innotuit
398 3931 521 4012 proelio
536 3931 597 3993 Cn.
612 3931 728 3992 Manlii
745 3949 854 3994 contra
872 3935 1130 3996 Gallo-Graecos

88 4035 145 4096 rel
163 4033 294 4096 Galatae
317 4031 403 4115 apud
426 4031 559 4092 Livium
575 4044 632 4112 38,
658 4049 717 4098 20.
749 4047 782 4097 et
800 4033 904 4096 forsan
928 4035 990 4098 hoc
1014 4054 1132 4120 cogno·

88 4155 169 4200 men
187 4137 234 4196 illi
253 4131 319 4196 suit
339 4133 504 4206 additum,
531 4147 566 4196 ut
589 4147 728 4218 pateret,
752 4135 817 4199 huc
833 4155 934 4220 utque
947 4135 1131 4222 pertinuillc
