2764 4958
169 443 376 502 rnrour.
406 443 511 500 uer.
553 443 633 500 nr.
673 441 779 500 αα
821 441 900 512 en.
986 451 1048 517 ¹5³

183 617 211 692 §.
241 633 271 679 a.
322 635 370 676 ex
399 605 811 706 desertisAfricaa)
860 615 1051 697 ltaprimue

54 713 168 773 emnium
187 715 266 776 dixit
283 717 467 778 Herodotus
487 716 543 776 lib.
564 733 595 778 2.
622 709 710 800 [cap.
728 709 810 800 34]
836 733 935 796 quem
952 717 1051 778 Pom·

53 815 144 890 poniur
162 815 212 877 ltic
233 831 265 878 et
286 815 366 878 inira
384 831 416 896 3,
432 835 466 897 9.
490 817 640 898 sequitur.
691 818 753 880 Sed
779 835 816 878 ea
836 817 948 900 opinio
970 817 1050 878 Dio·

53 911 218 978 doroSiculo
240 911 295 1004 [α.
312 911 392 1004 37.]
414 939 481 980 non
500 920 614 1001 placet.
649 915 869 980 crnccontvej
916 919 963 979 lta
981 917 1051 980 latia

52 1028 117 1076 caute
129 1017 261 1098 loquitur
275 1021 411 1089 Auctor,
442 1039 541 1101 quum
562 1015 672 1103 ignota
690 1017 814 1100 prorlua
831 1021 886 1081 illo
901 1031 1050 1101 tempore

50 1112 122 1176 eleut
136 1117 208 1188 loca,
232 1141 312 1202 quae
330 1119 531 1206 scaturigines
547 1119 613 1180 Nili
630 1121 849 1190 continerent,
875 1139 963 1181 nunc
980 1117 1051 1184 latia

15 1243 16 1308 ]
49 1218 144 1297 cognita
158 1221 188 1280 in
201 1217 629 1306 regionibuetlbyffinornm,
646 1219 708 1308 [ita
725 1217 851 1284 Voffiur
864 1222 904 1284 rie
921 1221 1050 1282 Nili—

15 1353 17 1438 ἱ
49 1317 144 1399 origine
159 1339 224 1404 cap.
247 1323 302 1389 16.
323 1324 363 1384 tie
379 1323 553 1406 praecipuis
569 1323 698 1404 quidem
718 1325 786 1385 eiue
802 1319 969 1412 fontibne]
996 1321 1051 1385 led

48 1420 215 1500 aliquisita
236 1427 397 1508 ignorata,
430 1438 468 1485 ut
490 1425 531 1486 tle
551 1443 636 1486 vano
659 1424 766 1485 labore
787 1425 942 1486 dixerint:
977 1423 1052 1486 Ntlt
1106 1485 1113 1499 ,

43 1507 130 1602 sontes
157 1545 320 1606 qrraerere,·
365 1539 398 1586 et
429 1524 570 1587 Ovidius
598 1537 780 1606 opportune
812 1527 904 1611 fingit
933 1525 990 1588 lib.
1015 1539 1050 1590 tt.

48 1616 150 1686 Metam.
172 1621 224 1712 [v.
244 1619 350 1712 255.]
376 1625 489 1687 Nilum
506 1625 675 1689 occuluille
692 1639 804 1708 caput,
834 1628 922 1708 quod
943 1627 1050 1689 adhuc

47 1717 106 1784 luet
142 1746 165 1788 1.
189 1745 387 1788 onouovtve
409 1727 486 1790 MS.
537 1728 650 1812 Agitur
674 1727 728 1790 hic
752 1727 888 1810 quaellio
914 1730 954 1790 de
978 1727 1050 1789 Nili

48 1815 165 1887 lontibus.
218 1829 403 1890 Herodotus
422 1847 453 1897 a,
477 1841 533 1906 23.
556 1831 715 1899 adfirmat,
742 1827 772 1892 le
788 1849 843 1891 eos
861 1849 900 1890 ex
917 1832 1049 1892 nemine

47 1923 81 1980 rel
98 1927 340 2011 Aegyptiorum,
366 1931 419 1992 vel
438 1927 605 1999 Afrorum,
638 1931 690 1992 vel
715 1930 908 1992 Graecorum
932 1927 1049 1992 discere

47 2027 159 2100 potuille.
209 2032 321 2092 Unum
338 2043 461 2091 tantum
476 2025 726 2122 γραμματιστὴν
750 2031 815 2094 τῶν
837 2030 927 2116 ἱερῶν
948 2051 1053 2118 γραμ-

48 2117 129 2206 μάτων
157 2129 216 2217 τῆς
243 2128 418 2218 Ἀθηναίῃ
449 2151 560 2193 eorum
588 2132 750 2196 scientiam
781 2131 952 2214 profellum
978 2131 1049 2202 ell'e.
1118 2213 1123 2220 ι

47 2243 135 2310 nempe
154 2233 185 2292 in
202 2233 315 2294 medio
338 2235 476 2295 duorum
494 2235 655 2296 montium
679 2236 763 2294 inter
778 2236 906 2314 Syenen
927 2247 959 2296 et
979 2233 1053 2296 Ele·

48 2325 199 2402 plantinen,
217 2333 342 2414 Orophi
358 2353 476 2396 nornen
491 2337 558 2404 uni,
576 2335 664 2396 alteri
676 2335 801 2418 Mophi,
820 2355 859 2396 ex
878 2333 1054 2399 immensae

49 2426 241 2501 profunditatis
258 2433 366 2514 abyllo
382 2455 456 2496 eum
477 2435 644 2517 profluere.
699 2437 854 2520 Explodit
868 2437 901 2498 itl
915 2438 1056 2502 omnino

49 2527 128 2595 Strabo
146 2551 197 2610 17.
221 2557 257 2618 p.
274 2537 358 2616 565.
380 2534 401 2598 l.
425 2547 510 2616 8¹9·
533 2537 720 2622 diligentiae
742 2535 874 2609 refutat,
909 2539 964 2620 qui
985 2537 1053 2622 ipie

48 2627 225 2709 ὶυψιίΐινοῐιτ,
250 2638 400 2700 Arillides
417 2639 449 2697 in
467 2651 544 2700 orat.
560 2640 696 2723 Aegypt.
713 2640 753 2701 Τ.
771 2641 1052 2722 ο.ρ.545.1ε1)ὴ.

51 2727 95 2808 Qui
108 2740 188 2798 enirn
204 2740 253 2800 ibi
274 2737 332 2798 lint
349 2737 453 2800 fontes
472 2741 555 2810 duo,
582 2759 646 2800 non
662 2740 721 2801 elle
736 2743 835 2804 totins
856 2743 963 2811 lluvii,
991 2761 1052 2803 uec

51 2837 179 2916 antiquos,
214 2839 271 2902 led
290 2839 327 2900 ad
344 2842 510 2902 interiores
524 2841 661 2923 Aegpyti
675 2856 776 2924 partes
792 2847 950 2926 pertinere
965 2842 1053 2904 etad

50 2941 174 3014 angendae
190 2941 264 3002 Nili
287 2961 389 3021 aquae.
441 2941 489 3002 Ab
504 2943 690 3024 Aethiopiae
709 2946 875 3007 montibus
897 2945 994 3006 ordiri
1009 2945 1054 3004 alt

52 3031 133 3100 Strabo
153 3059 205 3116 17.
229 3065 264 3125 p.
284 3055 366 3122 543.
386 3041 406 3105 l.
427 3059 511 3123 739.
551 3045 674 3106 Plinius
697 3057 731 3122 5,
756 3065 811 3110 to.
836 3046 962 3107 incertia
987 3045 1054 3126 qui·

51 3131 99 3197 den
112 3161 177 3206 eum
194 3144 342 3208 lontibus
359 3147 432 3206 oriri
452 3147 593 3228 primurn
609 3144 731 3216 scribit,
758 3149 890 3216 deinde,
917 3147 965 3207 uti
986 3147 1054 3227 qni·
1155 3189 1157 3192 -

52 3233 102 3297 lun
131 3247 202 3308 iuba
235 3265 294 3306 rex
322 3249 466 3329 potuerit
492 3247 671 3328 exquirere,
709 3251 867 3332 originem
893 3247 987 3329 ponit
1018 3248 1053 3307 in

52 3353 133 3403 uonte
151 3347 313 3410 interioria
337 3347 549 3408 Mauretaniae
571 3368 638 3410 non
665 3350 774 3431 procul
800 3349 946 3418 Oceano,
985 3348 1054 3408 lacu

51 3447 160 3511 Protinus
182 3449 363 3533 stagnante,
395 3469 489 3530 quem
513 3461 631 3510 vocent
650 3450 801 3512 Nilidem.
853 3451 896 3510 Et
917 3450 971 3519 lic,
998 3449 1054 3529 qul

53 3553 102 3600 eun
115 3545 284 3630 lequuntur
298 3551 429 3612 Solinus
447 3569 473 3612 c.
490 3563 547 3629 52.
565 3549 586 3612 l.
607 3561 663 3629 55.
690 3566 723 3612 et
739 3551 912 3613 Martianus
928 3551 1055 3632 Capella

53 3636 89 3700 lib·
103 3648 131 3708 6.
150 3671 180 3730 p.
198 3664 283 3728 218.
313 3651 369 3711 ntti
386 3651 484 3736 vulgo
501 3651 641 3712 Hilt'dcrn
661 3653 791 3738 leguut3
827 3653 933 3714 Grolil
953 3652 1055 3713 codex

54 3739 172 3813 liudem.
223 3755 316 3814 idern
340 3771 416 3812 vero
441 3753 517 3812 luba
541 3767 685 3823 auctore,
719 3755 824 3816 etalii
847 3755 1053 3836 repetierunt,

55 3859 108 3918 quoa
120 3853 155 3911 ad
169 3853 310 3914 Plinium
325 3855 472 3934 producit
487 3853 682 3917 Harduinua.
710 3857 749 3915 ln
764 3857 933 3938 Pygntaeie
949 3868 1055 3916 tamen

56 3943 144 4027 aliquor
162 3955 332 4035 prodirlille
354 3969 457 4015 narrat
473 3956 597 4015 Pliniua
611 3957 644 4023 6.
663 3954 758 4033 59.l.
780 3971 839 4033 30.
889 3957 936 4017 lta
959 3967 1054 4026 certe,

56 4063 121 4120 'ilem
141 4053 264 4116 lorlrtan
283 4058 405 4125 innuit,
437 4056 615 4118 Aristoteles
635 4058 666 4116 in
691 4056 772 4120 Hist.
786 4059 847 4120 An.
862 4069 895 4134 8,
916 4075 972 4128 ιο.
999 4059 1055 4139 qui
1151 4123 1157 4138 ,

56 4155 133 4216 tantan
145 4157 179 4218 in
195 4157 365 4222 Meteorol.
382 4177 411 4230 ι,
434 4171 488 4238 13.
513 4175 588 4218 eum
605 4179 643 4220 ex
656 4159 815 4243 Argenteo
832 4159 944 4223 Monte
958 4163 1055 4248 petit3
