2892 4950
203 381 422 442 turone.
451 377 562 438 ner.
601 323 682 436 rssr.
724 377 869 439 oxvn.
911 379 989 450 te·
1051 389 1115 458 505

78 560 114 620 in
131 556 200 620 vite
215 533 353 640 eaps3.)
382 565 509 616 entmm
531 552 747 636 praetereant
767 553 835 616 eiue
857 550 961 618 iontee
977 577 1116 621 comme·

79 673 240 727 moretur.
274 659 308 718 in
331 675 397 738 quo
417 657 555 718 carmine
577 653 628 716 ine
651 653 776 738 scripiit.
810 655 959 732 (Pauieo.
978 676 1010 728 7,
1029 672 1062 736 5.
1081 661 1116 726 6.

81 758 135 824 Ci.
158 761 256 824 etiem
279 757 433 822 Cellerine
452 760 485 818 in
509 757 627 841 Geogr.
647 769 711 830 ent.
733 767 767 834 3.
788 769 820 834 3.
843 762 921 835 81.)
972 761 1119 842 Denique

82 863 276 944 Smyrnaeus
296 859 371 922 inde
390 859 534 920 innotuit
543 854 648 948 finus.
673 877 768 940 quem
784 855 976 945 Σμυρναίων
994 857 1119 928 κόλπον

82 975 181 1026 vocet
193 961 307 1026 Strabo
328 969 383 1039 14.
405 979 437 1041 p.
453 970 539 1040 444.
557 957 578 1022 [.
596 961 680 1040 645.
706 959 886 1040 Stephanus
898 961 1119 1048 Σμυρναΐκόν,

83 1083 183 1146 quem
202 1063 353 1126 adieetivi
368 1059 503 1124 formem
518 1061 615 1122 etiam
637 1061 682 1121 ibi
705 1081 737 1141 p.
755 1073 838 1140 301.
865 1079 904 1123 ex
919 1065 1059 1126 Lucieno
1079 1067 1120 1128 de

83 1165 243 1250 imagiun.
258 1167 305 1228 in.
322 1177 413 1226 notet
426 1162 565 1225 Hoiiien.
589 1163 641 1222 eui
660 1161 734 1222 aridi
752 1161 853 1244 potest
866 1163 1013 1228 Aristides
1025 1169 1065 1229 T.
1089 1189 1120 1230 ι.

83 1287 159 1352 pag.
178 1281 251 1346 229
268 1263 332 1347 sqq.
358 1264 414 1324 ubi
434 1259 642 1352 Σμυρναϊκός
669 1256 767 1346 λόγος
790 1263 915 1346 pronn.
966 1268 1122 1332 Extendit

85 1369 182 1430 illum
207 1366 351 1428 Melani
377 1365 489 1428 urbem
512 1383 612 1446 ueque
635 1365 790 1436 Lerrcem;
830 1379 861 1426 at
884 1367 996 1430 Strabo
1022 1371 1123 1434 elium

84 1471 194 1532 finum
213 1465 391 1551 subiungit,
424 1467 462 1528 ed
484 1486 581 1548 quem
600 1479 694 1529 vetuo
710 1469 845 1546 Smyrna
861 1471 989 1530 condite
1009 1469 1121 1545 iuerat.

86 1573 142 1634 eui
158 1571 255 1632 etiem
272 1569 408 1630 Leucaro
425 1567 570 1649 adponit.
614 1567 700 1631 Cum
715 1585 836 1630 nornen
852 1567 1032 1654 subprimut‚
1054 1593 1123 1637 non

85 1669 192 1755 poteii
214 1671 312 1732 elium
336 1669 532 1753 intelligere,
557 1688 650 1750 quern
677 1667 854 1740 Hermetem,
881 1673 949 1750 (rr)
976 1673 1010 1734 in
1033 1676 1124 1738 cuiue

86 1770 207 1836 receffo
223 1771 357 1850 Cymeei
372 1771 540 1849 Smyrnam
556 1769 783 1840 exstruxerant,
807 1771 856 1832 uti
871 1773 1054 1837 Herodotus
1071 1777 1126 1840 ille

86 1875 123 1936 in
141 1875 211 1936 vin
226 1873 361 1934 Homeri
380 1891 408 1934 c.
426 1887 459 1934 2.
481 1868 593 1940 refert.
624 1891 703 1954 quoe
727 1871 768 1933 iio
787 1884 858 1952 epte
875 1891 1124 1956 componuntur.

88 1977 125 2040 st
158 1977 393 2044 recentiorum,
428 1972 533 2034 veluti
571 1971 742 2043 Pocockii,
780 1971 900 2037 tebuiee
939 1975 1125 2051 confideret,

87 2089 176 2140 recte
193 2079 228 2136 in
247 2075 388 2136 Hermen
405 2071 473 2136 stou
489 2074 623 2156 ponitur
636 2075 782 2152 Smyrna.
816 2075 903 2139 Turn
919 2095 1006 2146 vero,
1028 2097 1127 2158 quem

88 2176 199 2260 postea
220 2189 314 2238 vocet
329 2175 558 2255 Smyrnaeum,
584 2174 637 2236 iile
657 2175 764 2256 potius
782 2173 824 2236 est
839 2175 923 2238 iinue
938 2177 971 2238 h.
992 2177 1026 2240 V
1025 2179 1126 2252 ouria.

90 2280 130 2342 ed
145 2277 356 2340 Clazomenas
373 2290 506 2347 veteres,
531 2295 609 2358 quae
627 2273 661 2338 V
660 2275 748 2336 oraria
764 2295 850 2337 nnnc
865 2291 990 2359 putent,
1013 2281 1129 2356 (Tour.

91 2377 201 2442 ueiort
221 2397 345 2462 voyage
359 2379 458 2440 Tem.
477 2390 511 2455 3.
528 2398 560 2460 p.
576 2395 621 2440 m.
638 2381 736 2456 377.)
762 2389 796 2438 et
816 2377 872 2438 ubi
890 2391 982 2442 vetuo
995 2382 1130 2460 Smyrna

91 2481 196 2552 stetit,
221 2481 337 2542 eodem
354 2477 427 2542 teste
444 2479 620 2562 Angloruru
640 2476 683 2540 en
706 2480 816 2558 Peeg's
831 2478 909 2544 hoie.
939 2481 1012 2544 vid.
1035 2484 1074 2546 T.
1094 2497 1127 2564 3.

91 2603 124 2666 p.
145 2577 374 2661 5·.et59iq.
424 2581 565 2642 Hermeo
595 2591 679 2640 certe
706 2583 924 2643 conterminus
950 2583 994 2645 eii
1023 2584 1130 2665 Smyr·
1177 2607 1182 2614 ·

92 2703 196 2746 ueeue
223 2679 329 2744 verine
356 2679 624 2762 septemtrionem.
676 2678 742 2761 lpse
767 2679 859 2753 urbe,
892 2685 943 2744 oui
967 2703 1027 2747 noo
1052 2689 1132 2746 enti·

93 2803 197 2868 quum
216 2801 336 2845 nomen
360 2783 547 2851 tribunum.
578 2800 596 2842 e
617 2781 729 2843 Terrcie
749 2796 879 2844 vocetur
896 2775 1008 2876 Ismr'r‚
1040 2789 1130 2848 cuiue

94 2887 230 2955 rudera.
265 2903 344 2964 quee
369 2895 476 2944 temen
507 2899 603 2963 peuce
629 2879 778 2964 iupereffe
810 2885 913 2945 adhuc
938 2885 1063 2949 testatus
1088 2887 1141 2950 est·

94 3006 202 3070 nuper
222 2981 426 3048 Sauveboeuf
443 2981 558 3046 Reiien
572 2983 613 3045 Τ.
630 2999 663 3062 Ω.
686 3005 718 3064 p.
741 3002 754 3046 t
762 3001 821 3062 97.
845 2984 998 3064 copiofine
1021 2984 1132 3047 descri-

94 3087 229 3173 pserunt
244 3084 392 3148 Pocooke
405 3087 502 3146 Torn.
521 3097 555 3162 3.
576 3103 608 3165 p.
624 3095 670 3162 55
686 3083 747 3165 sqq.
773 3081 967 3145 Teumeson
982 3086 1080 3150 Torn.
1097 3099 1132 3166 3.

94 3211 130 3275 p.
149 3201 222 3268 380
241 3171 302 3268 inq.
336 3171 510 3248 Tevernier
532 3203 655 3269 voyage
676 3187 816 3268 (1724.)
840 3185 880 3248 T.
900 3203 930 3250 t.
949 3205 981 3268 p.
1001 3205 1070 3255 tot
1087 3186 1131 3272 iq.

95 3304 131 3356 et
152 3289 314 3354 channa
330 3285 423 3351 nette
447 3308 479 3372 p.
500 3287 548 3364 86
565 3283 630 3368 sqq.

176 3485 444 3571 cervicibus)
491 3489 518 3552 1.
534 3507 563 3552 e.
590 3483 647 3549 ubi
671 3487 811 3569 primum
832 3507 871 3550 ex
891 3507 944 3551 ore
965 3491 1133 3572 procurrit,

99 3595 191 3658 tenni
213 3593 330 3654 isthmo
351 3591 481 3671 incipit,
506 3603 540 3651 et
562 3591 690 3650 tendent
713 3591 871 3652 dilatetur.
902 3591 955 3653 Sic
976 3599 1004 3661 ι’,
1027 3607 1134 3669 19‚2.

100 3699 133 3758 in
149 3696 267 3756 cervice
283 3681 526 3781 paeneinsulae.
553 3709 577 3752 1.
597 3709 794 3752 onouovrve
812 3689 887 3753 MS.
904 3712 933 3754 ι.
975 3693 1027 3754 Sic
1043 3705 1138 3754 vocat

101 3797 282 3865 transitum.
317 3795 372 3873 qui
395 3792 584 3872 relinquitur
605 3793 811 3853 venientibus
832 3811 871 3853 ex
894 3794 1079 3855 continente
1103 3793 1137 3854 in
1260 3805 1265 3828 ¹

100 3899 184 3960 leuno
197 3915 297 3978 paene
318 3893 461 3962 insulam,
488 3894 644 3974 utvtenuie
661 3893 726 3953 illie
743 3891 893 3955 interrae
910 3891 1050 3964 isthmus.
1071 3914 1139 3956 uon

102 3999 188 4061 ieeue
205 4017 240 4060 ac
256 3999 363 4056 cervix
380 3998 412 4054 in
430 4012 562 4074 corpore
580 3993 734 4055 humano.
770 4013 795 4056 t.
809 3995 1089 4057 onouovrveMS.
1104 4009 1138 4058 Ω.

103 4099 300 4188 Significatio
324 4111 358 4164 et
379 4093 452 4161 uiue
477 4095 566 4160 vooie
591 4113 631 4160 ex
655 4095 734 4160 lecit
759 4094 911 4179 perelleiie
935 4095 1019 4161 bene
1039 4095 1142 4182 poteii
