2818 4964
290 381 313 451 4
562 368 725 434 ΝΟΤΑΕ,
761 369 1065 428 EXEGETICAE

296 535 479 637 cognoscere
486 563 499 618 ,·
531 555 648 615 tamen,
672 543 748 626 quia
770 531 841 634 ipsa
851 539 922 634 fibi
941 515 1047 637 objici
1064 539 1258 622 magnitudo,
1281 561 1319 602 re

297 669 424 731 rumque
454 640 623 736 diverfitas
654 645 751 706 aciem
777 645 960 708 intentionis
985 642 1161 722 abrumpit,
1188 634 1319 732 facicm,

294 749 382 835 quod
397 737 520 838 soient.
547 747 602 828 qui
617 758 769 806 terrarum
781 741 871 836 filus
892 747 1050 826 pingunt:
1082 745 1116 806 iu
1138 739 1321 837 breviqucsc

295 848 413 914 tabella
428 861 532 911 totam
549 847 614 932 ciue
630 847 797 927 imaginem
815 845 998 926 amplectar.
1029 831 1034 852 '

372 1046 617 1131 adgredior)
653 1047 780 1134 Signcte
796 1047 830 1109 in
846 1068 879 1110 re
895 1045 1029 1112 difficili.
1063 1045 1148 1110 Nam
1162 1066 1199 1110 ee
1213 1038 1323 1129 potiffi·

295 1169 387 1215 mum
409 1149 538 1234 adgredi
563 1150 729 1220 videmur,
762 1169 841 1232 quae
864 1152 976 1212 maiori
1002 1163 1118 1213 conatu
1143 1163 1178 1210 et
1209 1147 1323 1208 viribus

241 1242 248 1255 ¹
295 1253 397 1337 magii
416 1252 548 1312 intentis
569 1252 783 1332 perficiuntur.
819 1269 1005 1313 venunve.
1062 1251 1115 1312 Sic
1135 1249 1273 1310 lustinue
1293 1247 1322 1306 in

296 1371 441 1438 prooem.
463 1371 524 1414 rem
542 1353 650 1432 magni
661 1364 691 1413 et
711 1353 811 1412 animi
829 1363 861 1411 ec
883 1353 984 1432 opecis
998 1343 1182 1441 adgreffus5
1219 1347 1323 1412 Cicero

295 1454 337 1517 de
347 1465 425 1516 orat.
442 1467 475 1522 Ω,
490 1462 550 1532 44.
566 1453 736 1534 ancipitem
754 1442 884 1542 ceresam
898 1465 930 1513 et
943 1473 1084 1533 gravem.
1110 1464 1143 1514 et
1158 1451 1276 1518 similia,
1295 1449 1325 1507 in

295 1553 412 1638 quibui
433 1553 470 1614 ad
493 1553 648 1614 librorum
669 1565 855 1636 argumenta
878 1549 1071 1621 transfertur,
1098 1571 1172 1614 cum
1196 1551 1230 1611 in
1247 1547 1323 1610 bello

295 1657 370 1729 aliae
394 1652 480 1736 saepe
503 1667 655 1716 occurrat.
708 1653 852 1722 Eodem,
877 1673 942 1735 quo
962 1653 1067 1716 noster
1086 1653 1203 1721 modo,
1229 1650 1325 1732 Sulpi·

295 1759 360 1820 tiue
382 1775 411 1826 ι,
434 1775 463 1816 ι.
483 1765 532 1816 res
544 1785 593 1798 —
607 1753 707 1816 dicere
721 1745 883 1845 adgreffics
894 1745 982 1848 sum.
1034 1751 1087 1820 Ci.
1109 1753 1261 1818 Maniliae
1281 1751 1322 1811 in.

295 1857 353 1921 Gr.
375 1855 415 1918 iic
435 1851 616 1945 ἐπιχειρεῖν.

301 2055 303 2060 ’
367 2057 382 2120 i
391 2080 420 2121 m
429 2055 610 2138 peditum
618 2053 638 2138 )
684 2056 808 2119 Pliniue
825 2071 858 2135 3.
874 2057 919 2119 in.
943 2057 976 2118 in
992 2053 1204 2119 fimilieauiac
1229 2050 1326 2146 infini-

296 2171 364 2220 tum
388 2159 423 2218 id
442 2157 656 2249 exfiimatur,
683 2177 738 2216 nec
760 2168 869 2217 temere
904 2177 955 2217 me
977 2155 1083 2242 aliqua
1102 2151 1325 2246 reprehenstone

296 2271 482 2320 tractatum.
535 2253 638 2318 Haud
656 2255 720 2316 ullo
740 2258 774 2316 in
797 2278 905 2336 genere
921 2259 1014 2318 venia
1028 2255 1161 2350 iustiore,
1179 2255 1215 2349 fl
1237 2253 1325 2317 modo

295 2358 421 2420 minime
442 2357 552 2417 mirum
574 2353 627 2449 est,
653 2355 809 2416 hominem
831 2357 971 2437 genitum
987 2377 1051 2419 non
1066 2359 1174 2419 ornnia
1189 2359 1324 2418 humana

293 2449 424 2548 noviffe.
451 2475 637 2518 venum.
690 2458 742 2519 Sic
762 2457 862 2518 locuti
879 2455 949 2518 [unt
964 2459 1004 2518 de
1025 2459 1230 2543 geographia,
1253 2475 1324 2538 quo·

293 2560 380 2644 niam
397 2559 539 2618 intricata
556 2557 609 2620 eii.
649 2559 757 2638 ltaque
773 2571 805 2618 et
821 2557 934 2620 Cicero
954 2558 1066 2620 dehac
1082 2562 1208 2621 materia
1226 2556 1325 2620 scribit

292 2660 348 2720 lib.
369 2675 401 2722 Ω.
425 2660 463 2720 ad
480 2659 574 2722 Attio.
592 2657 679 2741 epist.
698 2660 731 2721 6.
757 2671 792 2716 ut
813 2673 908 2720 vocet
929 2651 1085 2752 difficiic‘m
1108 2659 1153 2720 ad
1167 2660 1325 2740 explican-

293 2759 379 2822 dum.
431 2757 499 2840 lpse
531 2773 640 2820 auctor
669 2777 746 2820 mox
769 2757 824 2820 lib.
845 2772 878 2838 3.
903 2777 930 2822 c.
952 2773 984 2838 3.
1018 2759 1220 2821 Germaniam
1251 2758 1325 2821 dicit

293 2859 400 2923 nectitis
410 2854 599 2946 fluminibus
619 2857 814 2938 impeditam.
848 2879 872 2920 1.
893 2878 1088 2922 cnocovcvc
1110 2859 1240 2923 MStus.
1280 2861 1325 2920 lta

292 2979 370 3022 vero
392 2959 489 3021 solent
504 2974 646 3021 auctores
669 2957 815 3040 praefari,
842 2971 879 3017 ut
893 2959 931 3019 ab
948 2961 1052 3042 operis
1071 2959 1258 3022 difficultate
1274 2979 1325 3021 ve·

290 3061 377 3122 niam
400 3061 455 3120 iibi
478 3073 511 3122 et
534 3057 766 3122 excusationem
792 3059 974 3124 concilient.
1027 3057 1077 3124 Ci.
1094 3063 1214 3132 Livius,
1244 3063 1323 3122 item

291 3161 404 3224 Florus
432 3162 465 3221 in
496 3145 625 3242 praefat.
675 3161 728 3222 Sic
750 3160 944 3242 Augustinus
969 3161 1010 3222 de
1034 3161 1122 3224 civit.
1148 3163 1211 3225 Dei
1234 3181 1264 3235 ι,
1293 3179 1321 3221 ι.

284 3251 413 3354 suscepi
432 3281 580 3342 magnum
603 3281 682 3343 opus
703 3271 734 3321 et
755 3260 900 3325 arduum.

368 3461 530 3543 capax)
579 3461 705 3524 Plinius
725 3463 760 3522 in
780 3459 908 3544 praeiet.
934 3463 974 3525 de
994 3460 1055 3526 iuie
1079 3463 1210 3537 libellis,
1242 3483 1320 3549 quoe

291 3576 396 3633 vocat.
422 3563 562 3624 nostrum
579 3561 661 3626 forte
676 3582 748 3623 cum
764 3576 935 3646 augmento
950 3564 1109 3628 imitatus:
1135 3587 1191 3626 nec
1205 3563 1321 3648 ingenii

285 3653 369 3758 sunt
393 3679 526 3742 capaces
554 3692 603 3705 -
636 3684 692 3723 nec
717 3661 894 3723 admimmc
917 3657 1056 3752 excqffus
1075 3677 1134 3726 aut
1153 3669 1318 3736 orationes.

285 3755 503 3856 ¹[centonesque
523 3775 582 3822 cuc
598 3753 690 3853 casus
711 3758 866 3824 mirabiles
885 3763 935 3824 vel
953 3777 1081 3826 eventus
1100 3767 1224 3837 varios,
1255 3787 1317 3829 non

293 3863 360 3926 alia
376 3861 513 3923 iucunda
526 3862 624 3933 dictu,
650 3875 707 3924 aut
725 3859 895 3941 legentibus
910 3861 1038 3936 blanda,
1057 3863 1160 3958 sterili
1173 3869 1315 3931 materia.

292 3963 395 4044 Atque
416 3963 472 4024 hcc
492 3961 652 4046 ciperitate
667 3975 700 4024 et
721 3961 876 4025 sterilitate
892 3961 920 4024 se
940 3983 958 4025 ι
980 3965 1070 4025 simili
1089 3967 1248 4049 propofito
1266 3969 1317 4029 de·

290 4067 439 4128 territum
460 4059 549 4126 iuiffe
572 4064 715 4127 adfirmat
738 4061 850 4128 Cicero
872 4065 911 4128 ed
934 4065 1031 4131 Attic.
1052 4085 1086 4131 c.
1102 4069 1125 4131 1.
1156 4071 1211 4150 qui
1230 4069 1317 4132 locue
