2852 4946
206 459 259 518 ηπ
285 457 424 515 roure.
456 455 562 514 unt.
604 457 686 515 ιι.
728 455 850 514 cxn.
892 453 972 526 tc·
1045 465 1106 532 592

68 643 187 696 vocant
214 627 316 711 Keip,·
348 629 389 691 iic
412 625 561 691 Pococke
578 647 605 692 c.
625 627 648 692 l.
678 629 733 712 qui
751 629 856 700 addit,
886 627 1026 690 cundem
1047 625 1108 690 effe

69 735 266 796 Graecorum
285 725 430 819 fluvium
462 731 611 791 caninum
646 731 688 791 ita
721 730 843 792 dictum
875 727 913 793 ab
944 727 1108 790 simulacro

70 837 173 904 canis,
200 833 288 914 quod
311 832 357 893 ibi
373 832 452 894 olim
468 829 539 894 fuit.
591 830 652 893 Atti
670 832 800 916 vulgare
821 851 941 894 nornen
962 825 1111 892 adiemnt

73 937 180 1006 cam,
207 933 349 996 Arabum
364 933 463 993 Nuhr
490 929 585 1002 Kella,
611 933 801 1014 quodidem
826 915 909 995 vuit.
961 925 1110 994 Conferri
1152 943 1159 953 ”

70 1039 169 1100 etiam
193 1037 234 1096 de
256 1055 296 1096 eo
317 1033 420 1116 potest
445 1031 553 1094 Mariti
574 1035 671 1096 Tom.
688 1049 722 1096 o.
742 1053 809 1116 cap.
825 1053 860 1113 7.
883 1054 915 1116 p.
940 1050 1020 1112 109.
1055 1031 1110 1114 qui

70 1139 159 1200 viam
186 1137 276 1196 illem
301 1155 342 1198 ex
362 1133 567 1216 inscriptione
596 1136 666 1215 rupi
697 1133 792 1196 incisa
822 1135 988 1196 Antonino
1011 1133 1109 1194 etiam

70 1239 226 1307 vindicat,
243 1235 473 1318 comprobante
487 1233 692 1317 inscriptione
706 1236 789 1320 apud
799 1235 942 1297 Gudium
957 1255 990 1317 p.
1001 1249 1060 1310 72.
1075 1249 1109 1297 Ω.

71 1339 230 1420 fimuique
247 1335 363 1399 refutat
382 1356 454 1406 eoa,
484 1338 540 1418 qui
559 1355 634 1398 eum
656 1349 803 1398 veterum
818 1337 963 1398 Adonida
984 1347 1111 1418 putent.

71 1443 226 1505 Ceterum
259 1439 366 1522 ploret
391 1439 470 1518 Lyci
499 1439 632 1500 nomine
660 1437 751 1499 fluvii
774 1439 810 1498 in
833 1439 901 1500 aliie
926 1436 1111 1522 regionibus

72 1553 262 1611 occurrunt,
295 1541 351 1623 qui
374 1551 407 1602 et
428 1533 541 1623 paffim
563 1536 827 1612 commiscentur,
857 1539 905 1601 uti
926 1535 1047 1602 iactum
1067 1527 1112 1602 est

71 1643 111 1704 ab
134 1641 273 1705 Orteiio.

152 1789 322 1855 Beudos
329 1789 349 1875 J
398 1789 540 1854 Dubiam
555 1789 619 1853 hoc
634 1809 756 1854 nomen
777 1805 913 1875 occupat
929 1791 1047 1864 seriem,
1070 1790 1112 1856 de

76 1895 168 1958 cuiue
199 1891 285 1954 causa
311 1894 490 1976 expositum
521 1893 564 1956 eii
594 1893 629 1952 in
658 1892 746 1956 notia
770 1893 885 1954 criticie
909 1911 942 1975 p.
957 1901 1031 1974 [μη
1048 1890 1113 1974 [qq.

74 1997 213 2059 Videtur
232 1992 435 2060 referendum
451 1993 511 2057 effe
526 1993 564 2056 ad
580 1994 717 2057 fluvium
737 2011 837 2076 prope
853 1994 977 2064 Palton‚
1003 1994 1059 2076 qui
1079 1992 1113 2058 ir.

76 2110 211 2160 vocatur
225 2095 328 2158 Meter
344 2094 365 2160 i,
379 2095 523 2159 Malleolo
561 2094 646 2158 Nam
658 2091 888 2166 Natordtett.
910 2096 965 2176 qui
980 2097 1013 2156 in
1028 2094 1115 2158 notia

78 2201 197 2262 criticis
213 2197 357 2270 additur,
382 2199 421 2260 ad
440 2197 566 2276 Lycum
586 2195 743 2280 pertinet,
769 2208 806 2257 ut
824 2209 915 2258 antea
933 2196 1012 2259 dixi.
1065 2281 1067 2288 Ι

156 2345 363 2429 Orontes)
401 2347 456 2409 Gr.
478 2339 643 2434 Ὀρόντης.
679 2345 839 2409 Orientem
853 2347 949 2410 etiam
962 2359 1115 2415 rotatum

80 2449 182 2522 iuiiie,
201 2449 296 2510 tradit
310 2447 547 2532 IlidorueOrig.
564 2463 687 2527 1821.
707 2462 739 2512 et
755 2449 833 2510 hinc
848 2449 962 2511 ciuitas
972 2445 1117 2510 Orientis

81 2554 256 2634 explicatur
276 2552 310 2610 in
324 2549 440 2634 Geogr.
456 2549 603 2613 Ravenn.
618 2562 652 2630 8,
669 2561 701 2628 8.
718 2551 764 2612 in.
790 2547 903 2614 obici.
919 2549 1115 2620 Porcheron,

83 2653 225 2716 Orteliuu
247 2653 281 2712 in
304 2641 447 2712 thesauro
469 2649 586 2734 Geogr.
601 2649 636 2714 h.
656 2671 689 2714 v.
723 2651 902 2716 Columbur
926 2651 965 2714 ad
987 2652 1117 2713 Lactan-

82 2755 164 2816 tium
191 2755 230 2815 de
250 2751 408 2813 mortibus
428 2749 617 2834 persecutor.
641 2771 668 2813 c.
687 2762 748 2829 50.
778 2771 816 2813 ex
839 2751 958 2834 Cuperi
979 2751 1118 2834 epistole,

82 2870 115 2917 et
136 2853 272 2918 Oberiin
293 2855 332 2914 ad
354 2851 484 2914 Vibium
508 2871 540 2934 p.
563 2853 642 2916 161.
694 2853 816 2915 Eadem
838 2865 944 2915 tamen
965 2854 1061 2914 etiam
1083 2853 1119 2916 in

84 2957 146 3020 tab.
162 2956 316 3039 Peuting.
334 2971 388 3018 to.
405 2955 448 3015 D.
479 2953 567 3015 unde
588 2951 729 3036 suspicari
750 2953 841 3025 licet,
869 2951 1029 3015 Orientem
1050 2951 1120 3014 scri·

82 3071 174 3140 ptum
190 3055 250 3118 effe
271 3073 329 3138 pro
345 3053 506 3125 Orontem,
531 3067 568 3116 ut
582 3055 698 3116 volunt
717 3056 781 3116 viri
800 3055 886 3117 docti
907 3055 940 3116 in
956 3055 1119 3116 Lactantio

85 3179 112 3222 c.
131 3161 153 3223 l.
178 3158 237 3219 ubi
258 3157 299 3218 fic
319 3157 452 3242 legitur,
478 3157 571 3216 utin
596 3155 775 3240 Hegefippo
798 3168 830 3236 3,
854 3169 888 3234 5.
941 3155 1121 3238 Antiquom

84 3279 206 3323 nomen
232 3255 294 3318 fuit
322 3257 468 3339 Typhon,
500 3269 627 3319 auctore
651 3255 805 3320 Strabone
831 3256 886 3319 lib.
905 3257 960 3320 16.
984 3275 1018 3340 p.
1034 3255 1121 3334 816.

85 3360 107 3424 f.
122 3375 208 3440 750.
231 3359 428 3440 aTyphone
450 3358 608 3430 inditum,
641 3377 737 3440 quem
764 3355 868 3419 fabula
894 3357 1055 3420 deiectum
1077 3355 1124 3418 ibi

85 3459 222 3524 fulmine
246 3472 367 3532 narrat;
407 3479 486 3541 quae
508 3455 591 3521 forte
612 3458 737 3522 acatio
760 3473 871 3522 monte
894 3471 927 3522 et
952 3457 1122 3523 Sirbonide

85 3565 221 3648 palude,
248 3559 305 3622 ubi
325 3560 378 3623 ille
399 3559 508 3633 latuit,
541 3559 605 3622 huc
625 3560 769 3622 translata
787 3559 840 3624 est.
875 3559 947 3621 Viri.
965 3559 1123 3623 Herodot.

90 3679 122 3746 8,
146 3679 182 3744 5.
223 3661 408 3726 Draconem
428 3675 520 3724 antea
541 3661 664 3723 dictum
684 3679 758 3723 cum
780 3661 848 3724 aliie
869 3661 1059 3743 quibusdam
1079 3659 1124 3722 ait

88 3765 221 3828 Malam
236 3765 270 3825 in
290 3762 459 3848 chronogr.
477 3761 533 3825 lib.
552 3773 586 3841 8.
603 3783 634 3844 p.
653 3773 712 3842 84.
732 3763 811 3826 Ven.
858 3761 1002 3845 Ophiten
1026 3763 1125 3824 Zona·
1173 3835 1174 3839 Ἰ

88 3887 137 3931 raa
156 3881 213 3946 18,
230 3877 262 3945 8.
297 3883 376 3946 quae
397 3865 437 3926 ad
459 3863 629 3946 Typhonie
651 3863 812 3926 historiam
837 3861 992 3946 spectant,
1027 3881 1125 3944 quem

91 3969 262 4031 draconem
277 3963 366 4028 tutor
382 3965 509 4048 quidam
527 3975 691 4047 putarunt.
714 3961 843 4041 (Strabo
860 3985 887 4028 c.
906 3965 944 4042 l.)
984 3953 1126 4054 Thapsa-

91 4091 147 4132 cus
168 4089 209 4132 ex
226 4067 354 4148 Scylace
372 4087 404 4151 p.
419 4077 480 4148 4⁰·
498 4061 599 4128 Hudi.
626 4077 717 4130 notat
731 4065 880 4129 Mannert
901 4065 1018 4152 Geogr.
1033 4065 1075 4125 T.
1093 4061 1125 4128 6.

90 4171 127 4237 P.
148 4191 180 4235 ι.
197 4190 231 4256 p.
246 4178 334 4253 448.
360 4181 394 4236 et
416 4151 583 4254 antiquum
605 4185 728 4235 nomen
744 4165 903 4232 Peraeam
922 4164 1011 4230 iuiffe
1033 4161 1128 4248 suipi-
