2852 4946
336 437 401 509 420
607 424 770 486 rrorrr
809 425 1113 487 excorrrcer

340 615 465 668 tentum
482 598 634 664 naturalia
654 595 831 681 proceliue.
856 599 910 681 qui
926 599 970 664 est
985 602 1126 665 velocior
1140 613 1261 684 propter
1278 611 1353 661 ortu·

338 727 407 770 rem
426 704 546 774 omnio,
580 700 712 783 perinde
734 713 771 760 ut
789 716 822 769 α,
847 702 882 780 6,
904 701 937 766 6.
968 703 1101 784 pelagus
1121 724 1233 784 magno
1252 703 1353 781 impetu

339 797 518 898 admiffitm.
545 823 569 866 r.
589 819 793 864 ooortovtvo
809 802 885 864 MS.
938 805 1082 886 Impetus
1098 819 1221 866 motum
1237 803 1353 866 celerem

338 911 550 993 rapidumque
572 905 605 964 in
628 901 763 964 flumine
785 903 921 976 iudicat,
944 919 979 966 ut
999 906 1039 968 de
1055 905 1132 966 Nilo
1147 907 1221 968 dicit
1240 926 1266 974 ι.
1283 921 1312 983 9.
1326 916 1353 964 α.

339 1009 509 1094 praecipiti
527 1008 646 1085 impetro
666 994 816 1094 egrrffus.
849 1025 909 1068 uec
935 1005 1034 1068 obstet
1059 1007 1164 1090 gravio
1186 1004 1287 1073 caule.
1309 1021 1354 1064 cur

339 1116 375 1176 in
392 1111 483 1194 lpecu
496 1105 557 1170 effe
571 1120 717 1187 nequeat.
756 1105 859 1192 Magio
875 1105 1037 1170 olienrlere
1055 1108 1088 1168 in
1105 1107 1167 1169 hoc
1181 1127 1260 1169 nexu
1277 1099 1355 1186 pollit

338 1213 475 1278 verbum
491 1209 594 1278 traxit,
613 1207 679 1270 five
694 1227 843 1288 magnum
859 1208 1018 1288 impetum.
1040 1208 1105 1270 lire
1117 1206 1235 1270 irevem
1248 1209 1354 1283 ciurup

337 1312 492 1396 respicite.
543 1305 645 1370 Infert
669 1309 757 1369 enim
784 1311 953 1370 notionem
983 1309 1126 1372 obiectae
1159 1309 1356 1373 reluctationis

338 1412 547 1493 molesteequo
567 1422 599 1472 et
621 1409 776 1494 longioris
797 1411 1024 1488 contentionic.
1075 1409 1182 1474 Potest
1198 1426 1297 1472 tomen
1313 1407 1356 1468 eli·

338 1535 402 1600 quo
419 1513 519 1576 morlo
539 1509 682 1593 probari,
709 1509 882 1595 sroogltee.
908 1511 997 1572 insito
1014 1507 1113 1575 fontir
1135 1517 1169 1573 vi
1191 1531 1280 1594 aquae
1297 1527 1358 1594 pro·

337 1617 432 1704 pelli,
457 1601 490 1675 et
506 1625 661 1696 perpetuo
679 1610 896 1694 constantique
910 1613 1035 1696 impetu
1052 1632 1249 1697 procurrere.

414 1803 644 1906 demersus)
678 1804 837 1902 Ποταμὸς
858 1802 957 1888 εὐθὺς
976 1811 1195 1878 καταπίπτων
1215 1804 1276 1878 iuri
1289 1811 1358 1898 γῆν·

339 1912 485 2003 ἐνεχθεὶς
504 1912 530 1978 δ’
547 1909 678 1999 ἀφανὴς
694 1903 807 1984 ἔξεισιν
827 1912 869 1988 εἰς
883 1911 942 2003 τὴν
961 1910 1151 1979 θάλατταν.
1189 1919 1234 1978 lte
1251 1913 1358 1981 Strabo.

338 2023 393 2103 qni
409 2019 496 2080 addit
517 2010 629 2102 πικρὸν
648 2009 733 2103 ὕδωρ
751 2016 912 2097 adpellari.
945 2017 1074 2081 Solinue
1091 2029 1219 2080 tentum
1234 2015 1359 2080 l'onlittm

333 2121 495 2184 edfiducm
518 2115 741 2204 scaturiginem
757 2129 928 2181 memorat.

413 2316 636 2401 horribile)
687 2319 914 2382 Reverendum
935 2335 1060 2384 etcum
1078 2317 1160 2383 locro
1187 2321 1299 2384 timore
1317 2317 1360 2382 ei·

338 2419 552 2504 [ficientium.
585 2413 736 2502 quoniam
752 2440 827 2482 vore
849 2421 901 2483 hic
918 2421 1008 2485 locut
1022 2421 1106 2504 apud
1127 2426 1279 2504 antiquos
1293 2421 1359 2482 odeo

336 2521 399 2583 fuit
414 2521 613 2584 venerabilii.
648 2521 732 2581 Hinc
747 2536 927 2603 opportune
941 2522 1045 2586 Cebes
1063 2525 1097 2583 in
1113 2522 1220 2585 tabula
1243 2526 1286 2604 [c.
1301 2521 1359 2602 t6·]

335 2621 450 2692 icribit.
475 2621 557 2692 illoc,
589 2623 644 2703 qui
665 2620 846 2703 sapientiem
868 2637 901 2686 et
921 2643 1030 2686 rerum
1048 2623 1207 2686 bonarum
1223 2627 1360 2688 notitiam

335 2735 560 2806 perceperunt,
593 2736 679 2784 tutos
704 2736 736 2783 et
763 2720 861 2786 lucror
882 2722 961 2797 elie,
993 2725 1163 2786 stanuum
1193 2726 1360 2807 Corycium

334 2836 491 2888 tenerent.
527 2843 550 2886 1.
574 2842 771 2887 orouortve
794 2824 870 2888 MS.
889 2843 921 2890 ι.
985 2825 1071 2888 Facit
1103 2827 1170 2887 huc
1197 2825 1362 2890 commode

334 2927 424 2989 locue
445 2926 593 2988 Suetonii
612 2927 652 2987 de
669 2924 799 3011 Augusti
820 2915 891 2988 l'ooo
907 2922 1002 2987 natali
1024 2929 1057 2987 in
1074 2927 1140 2990 rite
1156 2946 1226 3010 cap.
1244 2929 1278 2992 6.
1299 2945 1362 2988 cort·

334 3040 429 3106 cepta
457 3027 604 3103 opirriorte
627 3029 741 3098 veteri,
776 3022 867 3118 qtrcfi
900 3039 1011 3088 remen
1041 3026 1234 3092 &mortibus
1260 3031 1364 3092 honor

331 3127 462 3214 quidam
480 3139 512 3188 ec
530 3140 629 3190 noetus
651 3125 827 3190 obiictirtrtr.
867 3123 919 3191 Ci.
935 3140 969 3190 et
984 3127 1098 3191 Florue
1115 3143 1150 3202 Ω,
1176 3145 1232 3209 ι7,
1257 3146 1313 3196 12.

332 3339 336 3346 '
405 3324 621 3422 augrtslur)
663 3328 802 3414 Apparet
820 3337 982 3393 auctorem
1002 3347 1130 3414 quoque
1150 3331 1288 3396 voluille
1305 3329 1364 3395 ien-

330 3429 465 3493 teretium
496 3428 583 3490 luam
609 3431 703 3493 edere
736 3431 776 3492 de
802 3431 837 3492 ri
865 3433 965 3494 rocio.
1016 3451 1041 3496 1.
1066 3451 1268 3497 orouovrre
1292 3431 1363 3496 MS.

330 3531 441 3594 Tradit
454 3541 561 3591 eutem
576 3531 753 3594 Suetonius
768 3532 804 3592 in
819 3531 958 3616 Augusto
977 3551 1044 3616 cop.
1062 3548 1095 3609 7.
1118 3533 1188 3596 loca
1208 3524 1363 3626 religiose,

323 3645 362 3694 -et
384 3633 418 3692 in
441 3628 556 3714 picibus
583 3645 742 3712 augurato
762 3631 840 3717 quid
861 3623 1094 3724 consecratum,
1128 3635 1269 3726 cugrrsia
1292 3635 1363 3696 dici.

329 3733 371 3794 Et
395 3731 436 3792 lio
461 3733 526 3794 Dio
549 3731 627 3795 cair.
645 3745 703 3812 53.
730 3735 786 3798 16.
817 3728 927 3798 orioro
953 3730 999 3798 roi
1022 3730 1221 3825 ἐντιμότατα
1246 3731 1303 3799 noi
1322 3731 1365 3800 ro*

328 3827 490 3921 ἱερώταται
513 3825 686 3917 circuere
708 3825 1002 3922 προσαγορεύεται,
1028 3838 1114 3898 unde
1135 3851 1167 3899 et
1187 3837 1363 3922 Augustum

327 3955 344 3996 a
360 3934 485 3996 Graecis
497 3931 673 4010 Σεβαστὸν
689 3937 794 3997 vocari
809 3937 907 4000 ocidit.
936 3935 987 3999 Cf.
1000 3936 1098 4001 Orici.
1110 3939 1134 4000 F
1135 3938 1225 4000 attor.
1241 3961 1271 4010 ι,
1282 3938 1363 4021 609.

327 4035 422 4098 Plura
440 4034 578 4106 debunt,
604 4056 685 4118 quoe
702 4039 740 4098 ed
759 4039 899 4100 Dionem
918 4037 1022 4100 leurlet
1039 4039 1205 4101 Reimarus
1220 4059 1256 4121 p.
1279 4054 1321 4114 71
1333 4057 1362 4100 t.

325 4137 477 4202 Ceterum
492 4138 525 4200 iu
544 4138 661 4202 ricinia
677 4136 823 4235 Sebastert
839 4137 955 4206 urbem
968 4141 1118 4226 producit
1128 4141 1269 4208 Ptolem.
1281 4151 1315 4220 5,
1329 4149 1361 4218 a.
