2764 4954
276 353 290 440 j
321 376 385 447 514
591 367 753 426 Norae
794 369 1097 430 axacnrtctra

319 543 383 604 viri
400 541 496 614 docti,
516 556 553 604 ut
561 541 724 604 Brodaeua
738 541 869 606 Miscell.
881 545 914 615 6,
932 545 988 609 16.
1014 545 1162 610 Bochart.
1178 546 1211 606 in
1225 544 1346 630 Phaleg.

319 655 355 724 4,
374 659 433 718 27.
470 644 615 706 Omnino
629 658 736 706 autem
753 634 978 730 ὑπερβολίκῶς
993 649 1168 710 incolarum
1184 648 1348 709 multitudo

319 747 358 808 ab
383 746 526 808 Homero
548 745 733 808 declaratur.
781 744 832 809 Cf.
856 748 952 808 etiam
975 749 1089 826 Heyne
1113 751 1153 810 ad
1176 749 1348 812 Homerum

317 849 416 910 Tom.
433 858 464 924 5.
481 869 514 930 p.
525 849 596 910 610
612 843 654 928 sq.
681 861 714 908 et
728 867 807 929 quae
820 865 885 932 ‘ego
899 847 987 930 supra
1001 851 1104 910 adtuli
1120 851 1160 912 de
1179 851 1347 912 incolarum

317 947 505 1031 frequentia.
557 947 712 1011 Ceterum
733 949 857 1011 Plinius
874 951 932 1027 36,
952 965 1011 1013 20.
1028 949 1049 1012 s.
1071 957 1125 1032 ¹4·
1148 950 1247 1014 refert
1268 971 1348 1012 exer·

317 1053 398 1113 citur
428 1061 563 1112 armatos
585 1047 690 1110 subter
712 1051 846 1112 educere
870 1049 976 1113 solitos
1003 1050 1095 1114 suilse
1124 1072 1231 1137 reges,
1266 1051 1347 1112 nullo

317 1152 549 1234 oppidanorum
565 1148 731 1213 sentiente.
763 1147 939 1240 Effundere
953 1164 1061 1215 autem
1076 1153 1157 1215 bene
1178 1153 1217 1214 ad
1233 1155 1350 1234 copiam

227 1291 233 1298 -
316 1267 350 1315 et
370 1252 571 1314 celeritatem.
620 1251 750 1313 Factum
767 1254 800 1312 id
822 1255 952 1315 videtur
966 1268 1059 1324 tunc,
1084 1274 1158 1316 cum
1177 1254 1217 1316 ab
1237 1253 1351 1316 Ostride

315 1352 532 1422 obsidebatur,
558 1364 595 1414 ut
611 1351 719 1416 suadet
731 1353 916 1417 scholiastes
935 1355 1081 1420 Homeri.

389 1553 676 1638 Alexandria)
725 1551 842 1619 Passim
862 1559 957 1620 etiam
976 1556 1195 1630 Alexandrea,
1228 1557 1349 1638 dequo

315 1655 354 1722 cs.
378 1660 541 1721 Staveren.
564 1658 603 1719 ad
626 1657 744 1739 Nepot.
768 1660 808 1723 tle
829 1660 927 1744 regib.
948 1674 979 1738 5,
1000 1674 1032 1739 5.
1062 1673 1094 1721 et
1116 1681 1197 1742 quoe
1222 1659 1347 1720 indicat.

315 1761 371 1822 Gr.
389 1749 629 1847 Ἀλεξάνδρεια.
681 1757 849 1830 Conditor,
875 1761 1050 1823 Alexander
1067 1760 1114 1821 Μ.
1132 1776 1242 1831 notus,
1266 1759 1347 1819 unde

312 1863 431 1924 Lucan.
453 1881 506 1932 to,
523 1874 608 1938 511.
629 1859 771 1922 Pellaeus
786 1882 890 1922 maeror
906 1863 995 1926 dicit.
1028 1862 1227 1924 Architectue
1243 1861 1345 1922 Plinio

313 1977 347 2041 5,
370 1983 425 2027 tt.
446 1961 466 2026 s.
486 1983 540 2026 ιο.
564 1960 776 2033 Dinocrates,
814 1963 870 2022 ubi
905 1963 944 2024 de
975 1964 1116 2025 nominis
1142 1961 1347 2024 inconstantia

300 2065 515 2136 'Harduirun;
541 2064 580 2125 de
596 2078 740 2146 tempore
755 2064 900 2144 disquirit
915 2064 1036 2146 Popma
1051 2066 1091 2126 ad
1107 2065 1219 2127 Vellei.
1244 2082 1274 2134 ι,
1294 2073 1345 2138 ¹4.

312 2167 402 2228 Varia
418 2167 486 2226 eiua
507 2165 637 2226 nomina
659 2163 798 2231 recenset
819 2165 997 2246 Stephanus
1017 2165 1050 2228 h.
1073 2185 1106 2227 v.
1135 2185 1220 2246 quae
1245 2177 1347 2225 tamen

310 2269 438 2350 proprie
458 2281 560 2348 partes
576 2264 710 2347 spectare
730 2267 896 2338 videntur,
924 2267 1008 2327 unde
1033 2265 1094 2348 ipsa
1111 2265 1249 2326 conflata
1270 2275 1344 2332 erat;

309 2382 347 2430 ut
363 2369 508 2438 Recolis,
532 2364 590 2444 (cs.
605 2367 716 2428 Strabo
738 2383 793 2442 17.
810 2389 841 2450 p.
857 2377 940 2445 545.
952 2365 972 2429 s.
986 2370 1091 2446 792.)
1117 2387 1214 2448 quarn
1232 2365 1346 2427 inslau·

239 2537 242 2546 .
310 2468 384 2530 rasse
401 2481 434 2530 et
452 2466 565 2528 auxisse
583 2468 797 2529 Alexandrum
818 2469 893 2530 inde
908 2469 1108 2552 intelligitur,
1131 2469 1219 2548 quod
1235 2463 1344 2530 Strabo

308 2569 407 2631 huiue
424 2570 582 2652 originem
601 2569 712 2649 primia
726 2569 862 2652 Aegypti
879 2570 1006 2654 regibus
1021 2567 1182 2641 adscribit3
1209 2567 1267 2630 etst
1283 2565 1345 2647 qui·

310 2673 384 2732 dam
401 2671 505 2752 paullo
518 2669 618 2740 aliter,
641 2669 681 2730 de
695 2689 758 2750 quo
773 2671 855 2730 dixit
865 2669 1006 2734 Holslen.
1020 2672 1057 2732 ad
1073 2671 1226 2752 Steplran.
1243 2689 1276 2751 p.
1287 2674 1342 2746 24.

309 2773 410 2835 Porro
438 2771 578 2842 Pharos,
609 2769 665 2853 (in
690 2790 754 2852 quo
780 2775 945 2834 neminem
970 2771 1066 2833 habet
1092 2769 1342 2833 consentientem

309 2870 510 2955 Stephanus)
533 2885 604 2932 tum
613 2871 829 2952 Leontopolis,
849 2871 1007 2956 (Eustath.
1019 2873 1056 2934 acl
1066 2870 1200 2951 Dionys.
1215 2893 1248 2934 v.
1261 2878 1340 2946 254.

310 2976 393 3037 conl.
419 2972 589 3036 Plutarcho
602 2974 635 3032 in
645 2973 732 3036 Alex.
745 2993 810 3054 cap.
823 2971 877 3054 a.)
902 2975 1039 3055 denique
1052 2992 1108 3056 per
1123 2973 1340 3036 excellentiam

308 3071 412 3150 πόλις.
443 3073 603 3154 (Eustath.
626 3076 664 3134 ad
690 3075 821 3136 Homer.
840 3073 947 3154 Odyls.
968 3095 997 3146 1,
1017 3087 1050 3155 lp.
1073 3095 1105 3156 p.
1123 3095 1167 3136 m.
1183 3079 1241 3160 9.)
1277 3071 1340 3134 Alia
1375 3105 1376 3126 r

307 3179 441 3240 nomina
458 3179 492 3236 in
511 3175 605 3236 rebua
623 3177 777 3236 Romanis
796 3175 903 3262 usitata
924 3178 1070 3259 adiungit
1086 3176 1178 3236 haec:
1207 3169 1337 3264 sebaste.

307 3279 413 3348 Iulia,
444 3275 598 3346 Claudia,
624 3275 834 3346 Domitiano,
859 3277 1072 3360 Alexynteria.
1124 3277 1207 3338 dddi
1231 3271 1336 3359 potest,

308 3380 395 3462 quod
412 3379 450 3440 ab
471 3379 611 3438 Antonio
635 3379 803 3439 triumviro
820 3379 926 3438 Roma
947 3379 1100 3458 adpellata
1122 3377 1180 3446 eil,
1216 3380 1257 3439 de
1278 3389 1336 3456 quo

306 3481 373 3542 vid.
390 3481 487 3540 Liebe
504 3478 609 3540 Gotha
632 3478 781 3542 numism.
803 3499 833 3560 p.
854 3492 938 3558 331.
971 3480 1106 3540 Vaillant
1121 3479 1158 3540 P.
1178 3493 1210 3543 a.
1236 3499 1266 3562 p.
1283 3469 1336 3552 76·

307 3583 390 3644 Urbs
418 3582 525 3663 magni
554 3581 633 3641 oIIm
662 3579 818 3650 ambitus,
850 3580 946 3640 hodie
973 3581 1143 3650 contracti,
1178 3571 1337 3642 commodi

306 3684 382 3744 fitua
403 3685 486 3743 inter
507 3700 593 3742 mare
609 3681 804 3764 Aegyptium
824 3695 857 3741 et
872 3677 1043 3742 Mareotim
1060 3683 1182 3750 lacum,
1208 3693 1335 3762 quatuor

306 3784 462 3866 portubus
484 3781 663 3863 obportuua
682 3785 780 3858 (nunc
796 3783 860 3842 duo
878 3796 972 3842 vetuo
988 3795 1020 3843 et
1035 3800 1142 3844 novus
1165 3777 1333 3864 supersunt)

307 3885 457 3947 aedificiis
482 3881 657 3964 splendida,
690 3883 803 3944 incolis
825 3879 1089 3964 frequentissima,
1118 3880 1178 3967 (cs.
1197 3882 1283 3965 supra
1299 3875 1334 3938 ad

307 3990 337 4066 §.
361 3982 412 4068 1.)
437 3984 630 4046 bibliotheca
653 3983 800 4052 celebria,
826 4005 905 4064 quae
921 3987 1029 4046 omnia
1047 4005 1062 4044 a
1079 3986 1191 4048 moltis
1211 3978 1333 4046 auctori·

306 4083 367 4151 bue
383 4087 436 4150 vel
453 4086 632 4160 coniuncta,
658 4085 711 4149 vel
727 4085 907 4171 singulatim
925 4101 1153 4160 memorantur,
1178 4089 1212 4149 in
1232 4079 1333 4170 primis
