2770 4954
205 419 258 476 IN
284 417 423 478 POMP.
452 419 563 475 Mur..
605 417 684 476 Lr.
728 415 819 480 GV·
861 419 938 490 §.n
1028 433 1091 504 rap

47 591 95 654 hia
116 589 287 656 Plutarch.
303 591 337 654 in
353 591 493 654 Sertorio
510 609 577 672 cap.
592 607 627 670 9.
654 610 730 652 cum
751 610 815 674 quo
837 591 994 656 consentit
1006 597 1088 658 Stra·
1140 607 1144 614 ·

47 691 90 754 bo
114 709 172 766 ι7.
189 715 226 776 p.
243 705 328 770 570.
344 691 366 755 s.
382 705 466 770 329.
489 705 520 752 ct
532 691 720 766 Herodorus
735 693 817 775 apud
831 694 937 756 Schol.
954 695 1085 758 Pindari

47 795 84 854 ad
106 793 222 858 lsthm.
238 803 274 872 4.
293 805 351 875 87.
375 813 487 875 corpus
502 793 548 853 illi
564 791 676 854 tribuit
698 807 824 855 tantum
841 808 977 876 quatuor
994 794 1088 858 cubi·

45 911 154 956 torum
176 897 331 956 etunius
355 895 457 976 pedis.
508 891 560 957 ef.
581 895 676 956 etiam
698 915 737 956 ex
759 895 927 959 Herodoto
948 899 1088 962 Tzetzet

43 996 131 1060 Chii.
158 1014 194 1067 o,
225 997 309 1076 264.
349 993 427 1080 (qui
459 1008 567 1056 tamen
599 983 874 1083 ἑξηκοντάπηχυν
907 995 1019 1082 refert)
1051 1011 1087 1062 et

43 1099 185 1160 omnino
209 1097 250 1158 de
272 1093 467 1179 prodigiosae
488 1097 720 1180 magnitudinis
742 1097 928 1162 homiuibus
949 1099 1033 1162 Plin.
1051 1115 1085 1174 7,

48 1201 103 1262 16.
132 1211 168 1260 et
189 1217 273 1279 quae
286 1197 424 1280 conlegit
441 1196 566 1280 Magius
582 1199 615 1257 in
630 1196 758 1262 miscell.
778 1219 807 1270 r,
822 1207 857 1276 4.
910 1201 1007 1283 Quod
1024 1198 1086 1262 sert

38 1297 169 1370 sabula,
203 1297 343 1380 hospites
367 1295 470 1360 secum
493 1299 603 1358 luctari
627 1299 775 1382 cogebat,
808 1298 966 1363 delassatus
988 1301 1085 1363 inter·

38 1399 192 1470 liciebat,
228 1417 301 1460 cum
324 1397 380 1480 ipsr
408 1399 440 1458 id
466 1411 545 1460 terra
568 1413 668 1460 mater
691 1399 838 1470 dediffet.
872 1415 924 1470 ut,
958 1403 1084 1483 quoties

36 1501 219 1584 prollratua
234 1498 433 1570 occubuisset,
450 1501 619 1582 geminatis
633 1499 753 1562 viribus
766 1499 949 1586 resurgeret.
976 1504 1083 1586 Quare

35 1623 116 1665 euru
141 1601 305 1663 Hercules
323 1600 520 1672 constrinxit,
554 1599 796 1684 suspensumque
810 1614 874 1662 tem
891 1603 946 1661 diu
967 1605 1082 1674 tenuit,

35 1705 149 1764 donec
165 1700 356 1782 exspirasset.
395 1703 544 1786 Adtigere
562 1703 679 1762 luctam
700 1703 806 1784 plures
828 1716 956 1784 poetro,
986 1704 1083 1785 aliqui

35 1809 141 1867 eriam
175 1814 389 1872 exornarunt,
422 1815 459 1862 ur
482 1803 601 1864 Statius
625 1801 729 1864 Theb.
753 1801 786 1873 0,
812 1814 895 1880 890.
926 1804 1084 1884 copiosius

34 1907 196 1966 Lucanus
214 1915 250 1982 4.
268 1905 339 1981 615
354 1901 416 1983 sqq.
439 1905 574 1984 pictores
590 1918 622 1964 et
637 1903 772 1977 statuarii
791 1903 1013 1974 exhibuerunt,
1035 1906 1086 1966 uti

34 2007 177 2088 adparet
202 2024 243 2066 ex
268 2003 444 2066 Philostrati
465 2005 549 2066 icon.
566 2019 598 2072 2,
625 2019 684 2066 αι.
717 2017 750 2065 et
773 2000 1023 2066 Montesalconio
1048 2007 1084 2068 in

35 2110 169 2188 antiqu.
191 2105 278 2186 expl.
302 2107 342 2168 T.
364 2125 392 2166 r.
414 2103 450 2166 P.
469 2120 501 2164 2.
528 2104 590 2167 tab.
613 2117 693 2182 ¹5⁰·
720 2104 814 2164 numi
838 2106 934 2165 etiam
956 2125 1085 2187 excope·

35 2223 116 2270 runt
144 2205 382 2275 Nicaeensium,
415 2205 695 2288 Pergamenorum,
725 2204 976 2276 Perinthiorum,
1001 2207 1085 2268 liab-

34 2311 320 2398 batharuenorum
341 2319 374 2366 et
394 2305 605 2375 Tarsensium.
630 2307 708 2367 item
728 2307 930 2387 quorundam
948 2308 1085 2388 Impera·

37 2426 176 2480 torum,
213 2407 391 2488 dequibus
416 2408 483 2468 vid.
508 2405 628 2468 Ilasche
651 2407 685 2466 in
708 2407 784 2469 Lex.
810 2409 856 2468 rei
879 2426 968 2468 num.
990 2410 1030 2470 T.
1051 2430 1081 2474 r.

35 2513 73 2575 P.
98 2533 134 2573 r.
161 2529 194 2590 p.
218 2520 302 2586 795.
326 2508 416 2570 h.'v.
478 2509 560 2595 Eanq
582 2504 720 2569 sabulum
743 2525 820 2570 vero
846 2507 885 2569 etl
911 2509 1084 2572 Herculem

34 2611 265 2674 Phoenicium
286 2605 431 2671 transfert
451 2598 626 2670 Bochsrtus
646 2609 680 2668 in
699 2609 846 2671 Chanaan
866 2628 895 2678 r,
915 2619 970 2686 24.
995 2612 1084 2690 quod

35 2715 122 2776 olim
157 2711 340 2772 Phoenices
371 2710 422 2770 illa
455 2707 522 2770 loca
551 2713 722 2772 tenuerint.
774 2705 824 2771 Cs.
854 2709 949 2771 etiam
976 2711 1082 2772 liitter

33 2835 68 2897 p.
92 2824 184 2891 149.
202 2830 232 2872 c.
249 2811 272 2873 l.
306 2809 423 2870 Martin
439 2811 472 2869 in
490 2807 603 2872 dissert.
622 2808 671 2870 sur
690 2808 844 2894 Espagne,
868 2827 946 2890 quse
963 2811 1084 2873 adnexa

36 2915 83 2977 est
103 2915 180 2976 eius
202 2911 274 2971 hist.
298 2912 353 2972 des
375 2911 491 2972 Gaulec
507 2913 548 2974 T.
571 2931 600 2973 ι.
621 2930 653 2994 p.
674 2912 758 2990 596.
810 2911 852 2971 Et
873 2910 912 2970 src
929 2910 1084 2974 Graevius

36 3016 162 3080 ustus
176 3034 193 3075 a
207 3013 426 3074 Phoenicibus
447 3009 579 3092 repetit,
604 3012 658 3092 qui
677 3032 694 3072 a
712 3009 801 3072 losua
816 3007 935 3070 suerint
950 3013 1028 3072 victi
1050 3025 1085 3074 et

36 3116 168 3201 fugati,
201 3114 325 3175 Punice
351 3110 553 3194 inscriptione
582 3112 656 3173 telle
683 3113 765 3194 apud
792 3111 984 3192 Procopium
1007 3131 1034 3174 c.
1057 3113 1082 3176 l.

37 3220 111 3282 Suo
128 3235 226 3278 more
240 3215 263 3277 i.
281 3233 309 3276 e.
329 3214 494 3296 allegorice
509 3213 641 3294 explicat
655 3213 840 3294 Fulgentius
854 3210 991 3290 Mythol.
1004 3227 1036 3280 2,
1048 3225 1083 3286 7.

40 3321 73 3381 l.
93 3317 288 3380 Gronovius
308 3314 393 3376 Mst.
417 3316 599 3374 auctoritate
620 3313 787 3374 Cleodemi
810 3312 892 3394 apud
914 3311 1083 3392 losephum

41 3423 172 3500 antiqu.
189 3417 262 3478 lud.
288 3435 316 3485 r,
339 3427 394 3492 15.
412 3411 434 3478 s.
458 3416 495 3474 sd
518 3428 652 3475 aetatem
671 3414 807 3474 liliorum
823 3410 992 3474 Abrehemi
1013 3430 1084 3473 eam

43 3518 191 3580 fabulam
211 3516 326 3578 reiicit.
378 3515 471 3575 Plura
494 3516 533 3576 de
557 3517 678 3576 Arstaeo
702 3514 843 3596 conlegit
866 3512 1040 3574 hldrete'c.
1058 3511 1082 3575 l.

43 3635 82 3681 et
103 3639 145 3679 ex
168 3617 332 3679 veteribus
353 3617 506 3687 maxime,
536 3635 616 3696 quos
637 3613 817 3696 producunt
839 3615 1000 3674 Stavereu.
1017 3631 1045 3674 c.
1060 3611 1084 3678 l.

46 3735 84 3782 et
96 3723 218 3783 Suum.
235 3717 272 3776 ad
290 3717 466 3796 Pherecyd.
482 3737 514 3798 p.
537 3726 616 3793 ι47.
652 3715 803 3778 Ceterum
823 3712 864 3774 ob
880 3711 999 3795 insigne
1020 3731 1087 3774 cor·

45 3823 138 3902 poris
157 3819 258 3881 robur
273 3819 445 3898 Imperator
462 3817 657 3880 Maximinus
674 3821 805 3878 vocatus
825 3812 868 3876 eil
886 3811 1037 3877 Hercules
1052 3827 1086 3878 et

47 3926 215 3991 Autome,
241 3921 291 3978 uti
306 3929 408 3979 narrat
424 3915 595 4000 Capitolin.
610 3918 644 3978 iu
661 3917 727 3980 vita
747 3935 775 3981 c.
794 3929 828 3994 7.

103 4137 197 4212 Pornp.
215 4136 308 4193 Μαῖα.
329 4085 496 4209 tugost..
517 4135 539 4190 l.
814 4116 831 4180 Ῑ
