<?xml version="1.0" encoding="UTF-8"?>
<!DOCTYPE html PUBLIC "-//W3C//DTD XHTML 1.0 Transitional//EN"
    "http://www.w3.org/TR/xhtml1/DTD/xhtml1-transitional.dtd">
<html xmlns="http://www.w3.org/1999/xhtml" xml:lang="en" lang="en">
 <head>
  <title>
</title>
<meta http-equiv="Content-Type" content="text/html;charset=utf-8" />
  <meta name='ocr-system' content='tesseract 3.04.00' />
  <meta name='ocr-capabilities' content='ocr_page ocr_carea ocr_par ocr_line ocrx_word'/>
</head>
<body>
  <div class='ocr_page' id='page_1' title='image "./pomponiimelaede06melagoog_0118.png"; bbox 0 0 2756 4964; ppageno 0'>
   <div class='ocr_carea' id='block_1_1' title="bbox 355 394 1122 468">
    <p class='ocr_par' dir='ltr' id='par_1_1' title="bbox 355 394 1122 468">
     <span class='ocr_line' id='line_1_1' title="bbox 355 394 1122 468; baseline -0.003 -12"><span class='ocrx_word' id='word_1_1' title='bbox 355 399 417 468; x_wconf 77' lang='lat'><strong>²08</strong></span> <span class='ocrx_word' id='word_1_2' title='bbox 494 397 499 408; x_wconf 86' lang='lat'>&#39;</span> <span class='ocrx_word' id='word_1_3' title='bbox 620 394 782 455; x_wconf 73' lang='lat' dir='ltr'><strong>Nom</strong></span> <span class='ocrx_word' id='word_1_4' title='bbox 821 394 1122 456; x_wconf 67' lang='lat' dir='ltr'><strong>excommun</strong></span> 
     </span>
    </p>
   </div>
   <div class='ocr_carea' id='block_1_2' title="bbox 347 563 1353 1562">
    <p class='ocr_par' dir='ltr' id='par_1_2' title="bbox 347 563 1353 1562">
     <span class='ocr_line' id='line_1_2' title="bbox 350 563 1353 655; baseline -0.005 -21"><span class='ocrx_word' id='word_1_5' title='bbox 350 569 391 634; x_wconf 83' lang='lat' dir='ltr'><strong>ad</strong></span> <span class='ocrx_word' id='word_1_6' title='bbox 411 568 523 655; x_wconf 75' lang='lat' dir='ltr'><strong>virgil.</strong></span> <span class='ocrx_word' id='word_1_7' title='bbox 546 567 625 632; x_wconf 80' lang='lat' dir='ltr'><strong>den.</strong></span> <span class='ocrx_word' id='word_1_8' title='bbox 648 583 682 642; x_wconf 82' lang='lat'><strong>2,</strong></span> <span class='ocrx_word' id='word_1_9' title='bbox 709 563 793 649; x_wconf 82' lang='lat'><strong>604.</strong></span> <span class='ocrx_word' id='word_1_10' title='bbox 825 587 843 630; x_wconf 81' lang='lat' dir='ltr'><strong>a</strong></span> <span class='ocrx_word' id='word_1_11' title='bbox 862 563 978 651; x_wconf 78' lang='lat' dir='ltr'><strong>quibua</strong></span> <span class='ocrx_word' id='word_1_12' title='bbox 998 570 1095 632; x_wconf 88' lang='lat' dir='ltr'><strong>etiam</strong></span> <span class='ocrx_word' id='word_1_13' title='bbox 1114 567 1258 651; x_wconf 84' lang='lat' dir='ltr'><strong>exempla</strong></span> <span class='ocrx_word' id='word_1_14' title='bbox 1279 563 1353 652; x_wconf 83' lang='lat' dir='ltr'><strong>prol</strong></span> 
     </span>
     <span class='ocr_line' id='line_1_3' title="bbox 348 667 1353 753; baseline -0.002 -21"><span class='ocrx_word' id='word_1_15' title='bbox 348 685 477 734; x_wconf 87' lang='lat' dir='ltr'><strong>ruutur.</strong></span> <span class='ocrx_word' id='word_1_16' title='bbox 512 667 635 752; x_wconf 79' lang='lat' dir='ltr'><strong>Libyae</strong></span> <span class='ocrx_word' id='word_1_17' title='bbox 657 689 772 732; x_wconf 83' lang='lat' dir='ltr'><strong>armas</strong></span> <span class='ocrx_word' id='word_1_18' title='bbox 791 683 897 732; x_wconf 86' lang='lat' dir='ltr'><strong>autem</strong></span> <span class='ocrx_word' id='word_1_19' title='bbox 915 667 1095 752; x_wconf 85' lang='lat' dir='ltr'><strong>frequenter</strong></span> <span class='ocrx_word' id='word_1_20' title='bbox 1110 671 1145 732; x_wconf 83' lang='lat' dir='ltr'><strong>ira</strong></span> <span class='ocrx_word' id='word_1_21' title='bbox 1164 671 1276 753; x_wconf 82' lang='lat' dir='ltr'><strong>primia</strong></span> <span class='ocrx_word' id='word_1_22' title='bbox 1296 689 1353 750; x_wconf 90' lang='lat' dir='ltr'><strong>apu</strong></span> 
     </span>
     <span class='ocr_line' id='line_1_4' title="bbox 349 769 1353 855; baseline -0.001 -22"><span class='ocrx_word' id='word_1_23' title='bbox 349 785 460 855; x_wconf 83' lang='lat' dir='ltr'><strong>poetae</strong></span> <span class='ocrx_word' id='word_1_24' title='bbox 481 783 778 840; x_wconf 81' lang='lat' dir='ltr'><strong>commemorantur,</strong></span> <span class='ocrx_word' id='word_1_25' title='bbox 804 771 844 831; x_wconf 89' lang='lat' dir='ltr'><strong>de</strong></span> <span class='ocrx_word' id='word_1_26' title='bbox 864 769 977 852; x_wconf 83' lang='lat' dir='ltr'><strong>quibua</strong></span> <span class='ocrx_word' id='word_1_27' title='bbox 991 771 1058 834; x_wconf 82' lang='lat' dir='ltr'><strong>vid.</strong></span> <span class='ocrx_word' id='word_1_28' title='bbox 1076 770 1245 833; x_wconf 87' lang='lat' dir='ltr'><strong>Bentleiue</strong></span> <span class='ocrx_word' id='word_1_29' title='bbox 1258 770 1296 830; x_wconf 90' lang='lat' dir='ltr'><strong>ad</strong></span> <span class='ocrx_word' id='word_1_30' title='bbox 1314 769 1353 832; x_wconf 83' lang='lat' dir='ltr'><strong>H&lt;</strong></span> 
     </span>
     <span class='ocr_line' id='line_1_5' title="bbox 349 869 1353 953; baseline -0.005 -19"><span class='ocrx_word' id='word_1_31' title='bbox 349 886 409 935; x_wconf 88' lang='lat' dir='ltr'><strong>rat.</strong></span> <span class='ocrx_word' id='word_1_32' title='bbox 423 887 455 953; x_wconf 80' lang='lat'><strong>5.</strong></span> <span class='ocrx_word' id='word_1_33' title='bbox 469 874 523 934; x_wconf 90' lang='lat' dir='ltr'><strong>od.</strong></span> <span class='ocrx_word' id='word_1_34' title='bbox 538 881 573 950; x_wconf 79' lang='grc'><strong>4.</strong></span> <span class='ocrx_word' id='word_1_35' title='bbox 592 885 649 952; x_wconf 76' lang='lat'><strong>31.</strong></span> <span class='ocrx_word' id='word_1_36' title='bbox 676 886 709 933; x_wconf 91' lang='lat' dir='ltr'><strong>et</strong></span> <span class='ocrx_word' id='word_1_37' title='bbox 725 869 853 933; x_wconf 87' lang='lat' dir='ltr'><strong>Nodell.</strong></span> <span class='ocrx_word' id='word_1_38' title='bbox 869 873 903 932; x_wconf 88' lang='lat' dir='ltr'><strong>in</strong></span> <span class='ocrx_word' id='word_1_39' title='bbox 918 871 1004 934; x_wconf 84' lang='lat' dir='ltr'><strong>notia</strong></span> <span class='ocrx_word' id='word_1_40' title='bbox 1020 872 1151 942; x_wconf 86' lang='lat' dir='ltr'><strong>criticie,</strong></span> <span class='ocrx_word' id='word_1_41' title='bbox 1176 889 1255 952; x_wconf 89' lang='lat' dir='ltr'><strong>quaa</strong></span> <span class='ocrx_word' id='word_1_42' title='bbox 1267 871 1353 932; x_wconf 83' lang='lat' dir='ltr'><strong>dviar</strong></span> 
     </span>
     <span class='ocr_line' id='line_1_6' title="bbox 349 971 1353 1056; baseline -0.006 -22"><span class='ocrx_word' id='word_1_43' title='bbox 349 971 468 1034; x_wconf 81' lang='lat' dir='ltr'><strong>fabulia</strong></span> <span class='ocrx_word' id='word_1_44' title='bbox 486 972 637 1033; x_wconf 80' lang='lat' dir='ltr'>adnexuit</span> <span class='ocrx_word' id='word_1_45' title='bbox 657 989 723 1052; x_wconf 86' lang='lat' dir='ltr'><strong>cap.</strong></span> <span class='ocrx_word' id='word_1_46' title='bbox 741 981 774 1048; x_wconf 83' lang='lat'><strong>5.</strong></span> <span class='ocrx_word' id='word_1_47' title='bbox 798 991 830 1053; x_wconf 92' lang='lat' dir='ltr'><strong>p.</strong></span> <span class='ocrx_word' id='word_1_48' title='bbox 852 985 933 1048; x_wconf 83' lang='lat'><strong>¹¹7·</strong></span> <span class='ocrx_word' id='word_1_49' title='bbox 983 974 1031 1034; x_wconf 87' lang='lat' dir='ltr'><strong>lta</strong></span> <span class='ocrx_word' id='word_1_50' title='bbox 1050 973 1187 1034; x_wconf 86' lang='lat' dir='ltr'><strong>omniuo</strong></span> <span class='ocrx_word' id='word_1_51' title='bbox 1204 972 1245 1034; x_wconf 85' lang='lat' dir='ltr'><strong>de</strong></span> <span class='ocrx_word' id='word_1_52' title='bbox 1261 972 1353 1056; x_wconf 81' lang='lat' dir='ltr'><strong>ignoti</strong></span> 
     </span>
     <span class='ocr_line' id='line_1_7' title="bbox 348 1069 1353 1158; baseline -0.007 -22"><span class='ocrx_word' id='word_1_53' title='bbox 348 1071 531 1158; x_wconf 86' lang='lat' dir='ltr'><strong>regionibua</strong></span> <span class='ocrx_word' id='word_1_54' title='bbox 553 1071 620 1134; x_wconf 85' lang='lat' dir='ltr'><strong>loca</strong></span> <span class='ocrx_word' id='word_1_55' title='bbox 635 1071 718 1132; x_wconf 85' lang='lat' dir='ltr'><strong>aestu</strong></span> <span class='ocrx_word' id='word_1_56' title='bbox 738 1084 771 1133; x_wconf 87' lang='lat' dir='ltr'><strong>et</strong></span> <span class='ocrx_word' id='word_1_57' title='bbox 790 1069 906 1157; x_wconf 78' lang='lat' dir='ltr'>frigore</span> <span class='ocrx_word' id='word_1_58' title='bbox 922 1073 1035 1144; x_wconf 80' lang='lat' dir='ltr'><strong>exulta,</strong></span> <span class='ocrx_word' id='word_1_59' title='bbox 1060 1070 1134 1134; x_wconf 78' lang='lat' dir='ltr'><strong>ferie</strong></span> <span class='ocrx_word' id='word_1_60' title='bbox 1157 1073 1274 1154; x_wconf 61' lang='lat' dir='ltr'><strong>plena„</strong></span> <span class='ocrx_word' id='word_1_61' title='bbox 1290 1070 1353 1132; x_wconf 81' lang='lat' dir='ltr'><strong>valli</strong></span> 
     </span>
     <span class='ocr_line' id='line_1_8' title="bbox 349 1168 1353 1256; baseline -0.007 -19"><span class='ocrx_word' id='word_1_62' title='bbox 349 1173 446 1237; x_wconf 72' lang='lat' dir='ltr'><strong>obsita</strong></span> <span class='ocrx_word' id='word_1_63' title='bbox 462 1171 627 1234; x_wconf 74' lang='lat' dir='ltr'><strong>montibus</strong></span> <span class='ocrx_word' id='word_1_64' title='bbox 643 1171 822 1256; x_wconf 84' lang='lat' dir='ltr'><strong>lingebant,</strong></span> <span class='ocrx_word' id='word_1_65' title='bbox 847 1169 896 1234; x_wconf 90' lang='lat' dir='ltr'><strong>uti</strong></span> <span class='ocrx_word' id='word_1_66' title='bbox 912 1175 1005 1235; x_wconf 86' lang='lat' dir='ltr'><strong>docet</strong></span> <span class='ocrx_word' id='word_1_67' title='bbox 1023 1168 1148 1236; x_wconf 83' lang='lat' dir='ltr'><strong>Voffiue</strong></span> <span class='ocrx_word' id='word_1_68' title='bbox 1162 1173 1202 1234; x_wconf 89' lang='lat' dir='ltr'><strong>ad</strong></span> <span class='ocrx_word' id='word_1_69' title='bbox 1217 1174 1353 1252; x_wconf 83' lang='lat' dir='ltr'><strong>Scylacer</strong></span> 
     </span>
     <span class='ocr_line' id='line_1_9' title="bbox 348 1269 1351 1358; baseline -0.002 -22"><span class='ocrx_word' id='word_1_70' title='bbox 348 1295 381 1358; x_wconf 90' lang='lat' dir='ltr'><strong>p.</strong></span> <span class='ocrx_word' id='word_1_71' title='bbox 403 1274 482 1336; x_wconf 77' lang='lat'>126.</span> <span class='ocrx_word' id='word_1_72' title='bbox 513 1271 584 1354; x_wconf 87' lang='lat' dir='ltr'><strong>(ed.</strong></span> <span class='ocrx_word' id='word_1_73' title='bbox 611 1269 779 1357; x_wconf 86' lang='lat' dir='ltr'><strong>Gronov.)</strong></span> <span class='ocrx_word' id='word_1_74' title='bbox 805 1275 860 1334; x_wconf 85' lang='lat' dir='ltr'><strong>etti</strong></span> <span class='ocrx_word' id='word_1_75' title='bbox 881 1273 934 1334; x_wconf 89' lang='lat' dir='ltr'><strong>hic</strong></span> <span class='ocrx_word' id='word_1_76' title='bbox 950 1293 1025 1336; x_wconf 84' lang='lat' dir='ltr'><strong>vera</strong></span> <span class='ocrx_word' id='word_1_77' title='bbox 1043 1292 1080 1336; x_wconf 86' lang='lat' dir='ltr'><strong>ea</strong></span> <span class='ocrx_word' id='word_1_78' title='bbox 1101 1286 1277 1336; x_wconf 84' lang='lat' dir='ltr'><strong>narrantur.</strong></span> <span class='ocrx_word' id='word_1_79' title='bbox 1326 1270 1351 1334; x_wconf 85' lang='lat' dir='ltr'>C</span> 
     </span>
     <span class='ocr_line' id='line_1_10' title="bbox 348 1369 1353 1458; baseline -0.004 -24"><span class='ocrx_word' id='word_1_80' title='bbox 348 1387 471 1458; x_wconf 86' lang='lat' dir='ltr'><strong>praeter</strong></span> <span class='ocrx_word' id='word_1_81' title='bbox 489 1374 565 1435; x_wconf 81' lang='lat' dir='ltr'><strong>alios</strong></span> <span class='ocrx_word' id='word_1_82' title='bbox 579 1373 688 1435; x_wconf 86' lang='lat' dir='ltr'><strong>Poirct</strong></span> <span class='ocrx_word' id='word_1_83' title='bbox 708 1391 831 1457; x_wconf 79' lang='lat' dir='ltr'><strong>voyage</strong></span> <span class='ocrx_word' id='word_1_84' title='bbox 846 1391 887 1434; x_wconf 87' lang='lat' dir='ltr'><strong>en</strong></span> <span class='ocrx_word' id='word_1_85' title='bbox 904 1373 1060 1444; x_wconf 85' lang='lat' dir='ltr'><strong>Barbarie.</strong></span> <span class='ocrx_word' id='word_1_86' title='bbox 1085 1371 1215 1455; x_wconf 82' lang='lat' dir='ltr'><strong>praelat.</strong></span> <span class='ocrx_word' id='word_1_87' title='bbox 1229 1393 1263 1457; x_wconf 89' lang='lat' dir='ltr'><strong>p.</strong></span> <span class='ocrx_word' id='word_1_88' title='bbox 1281 1390 1298 1434; x_wconf 79' lang='lat' dir='ltr'><strong>a</strong></span> <span class='ocrx_word' id='word_1_89' title='bbox 1315 1369 1353 1453; x_wconf 79' lang='lat' dir='ltr'><strong>lq&lt;</strong></span> 
     </span>
     <span class='ocr_line' id='line_1_11' title="bbox 347 1469 1154 1562; baseline 0.002 -24"><span class='ocrx_word' id='word_1_90' title='bbox 347 1474 435 1538; x_wconf 86' lang='lat' dir='ltr'><strong>Nota</strong></span> <span class='ocrx_word' id='word_1_91' title='bbox 450 1473 522 1536; x_wconf 87' lang='lat' dir='ltr'><strong>lunt</strong></span> <span class='ocrx_word' id='word_1_92' title='bbox 532 1475 573 1562; x_wconf 84' lang='lat' dir='ltr'><strong>in</strong></span> <span class='ocrx_word' id='word_1_93' title='bbox 592 1474 704 1558; x_wconf 85' lang='lat' dir='ltr'><strong>primia</strong></span> <span class='ocrx_word' id='word_1_94' title='bbox 720 1469 838 1536; x_wconf 82' lang='lat' dir='ltr'><strong>deferta</strong></span> <span class='ocrx_word' id='word_1_95' title='bbox 852 1473 967 1538; x_wconf 88' lang='lat' dir='ltr'><strong>Barcae</strong></span> <span class='ocrx_word' id='word_1_96' title='bbox 982 1489 1015 1538; x_wconf 90' lang='lat' dir='ltr'><strong>et</strong></span> <span class='ocrx_word' id='word_1_97' title='bbox 1034 1475 1154 1540; x_wconf 78' lang='lat' dir='ltr'><strong>Sacrae.</strong></span> 
     </span>
    </p>
   </div>
   <div class='ocr_carea' id='block_1_3' title="bbox 342 1666 1353 3172">
    <p class='ocr_par' dir='ltr' id='par_1_3' title="bbox 342 1666 1353 3172">
     <span class='ocr_line' id='line_1_12' title="bbox 416 1666 1353 1768; baseline -0.003 -31"><span class='ocrx_word' id='word_1_98' title='bbox 416 1666 568 1768; x_wconf 78' lang='lat' dir='ltr'><strong>sitim)</strong></span> <span class='ocrx_word' id='word_1_99' title='bbox 618 1673 762 1756; x_wconf 85' lang='lat' dir='ltr'><strong>Nempe,</strong></span> <span class='ocrx_word' id='word_1_100' title='bbox 792 1677 848 1760; x_wconf 88' lang='lat' dir='ltr'><strong>qui</strong></span> <span class='ocrx_word' id='word_1_101' title='bbox 872 1673 927 1738; x_wconf 83' lang='lat' dir='ltr'><strong>iub</strong></span> <span class='ocrx_word' id='word_1_102' title='bbox 956 1677 1086 1759; x_wconf 87' lang='lat' dir='ltr'><strong>tropicia</strong></span> <span class='ocrx_word' id='word_1_103' title='bbox 1108 1675 1200 1750; x_wconf 82' lang='lat' dir='ltr'><strong>funt,</strong></span> <span class='ocrx_word' id='word_1_104' title='bbox 1226 1693 1353 1761; x_wconf 74' lang='lat' dir='ltr'><strong>magnur</strong></span> 
     </span>
     <span class='ocr_line' id='line_1_13' title="bbox 345 1773 1353 1866; baseline -0.003 -26"><span class='ocrx_word' id='word_1_105' title='bbox 345 1777 465 1840; x_wconf 77' lang='lat' dir='ltr'><strong>aelium</strong></span> <span class='ocrx_word' id='word_1_106' title='bbox 486 1775 645 1838; x_wconf 83' lang='lat' dir='ltr'><strong>sustinent.</strong></span> <span class='ocrx_word' id='word_1_107' title='bbox 684 1777 816 1851; x_wconf 79' lang='lat' dir='ltr'><strong>Diodor.</strong></span> <span class='ocrx_word' id='word_1_108' title='bbox 837 1777 892 1840; x_wconf 91' lang='lat' dir='ltr'><strong>lib.</strong></span> <span class='ocrx_word' id='word_1_109' title='bbox 908 1787 943 1858; x_wconf 82' lang='grc'><strong>4.</strong></span> <span class='ocrx_word' id='word_1_110' title='bbox 966 1774 1041 1866; x_wconf 91' lang='lat' dir='ltr'><strong>[lib.</strong></span> <span class='ocrx_word' id='word_1_111' title='bbox 1059 1792 1092 1858; x_wconf 75' lang='lat'><strong>5.</strong></span> <span class='ocrx_word' id='word_1_112' title='bbox 1109 1796 1136 1840; x_wconf 91' lang='lat' dir='ltr'><strong>c.</strong></span> <span class='ocrx_word' id='word_1_113' title='bbox 1155 1773 1236 1866; x_wconf 58' lang='lat'><strong>54]</strong></span> <span class='ocrx_word' id='word_1_114' title='bbox 1258 1778 1297 1838; x_wconf 88' lang='lat' dir='ltr'><strong>ad</strong></span> <span class='ocrx_word' id='word_1_115' title='bbox 1319 1776 1353 1838; x_wconf 78' lang='lat' dir='ltr'><strong>At</strong></span> 
     </span>
     <span class='ocr_line' id='line_1_14' title="bbox 345 1877 1353 1964; baseline -0.004 -25"><span class='ocrx_word' id='word_1_116' title='bbox 345 1879 439 1964; x_wconf 74' lang='lat' dir='ltr'><strong>gypti</strong></span> <span class='ocrx_word' id='word_1_117' title='bbox 454 1891 488 1938; x_wconf 84' lang='lat' dir='ltr'><strong>et</strong></span> <span class='ocrx_word' id='word_1_118' title='bbox 501 1877 772 1960; x_wconf 81' lang='lat' dir='ltr'><strong>Troglodytamm</strong></span> <span class='ocrx_word' id='word_1_119' title='bbox 786 1880 864 1941; x_wconf 80' lang='lat' dir='ltr'><strong>finer</strong></span> <span class='ocrx_word' id='word_1_120' title='bbox 878 1891 1006 1940; x_wconf 87' lang='lat' dir='ltr'><strong>tanturn</strong></span> <span class='ocrx_word' id='word_1_121' title='bbox 1020 1879 1103 1942; x_wconf 80' lang='lat' dir='ltr'><strong>Solia</strong></span> <span class='ocrx_word' id='word_1_122' title='bbox 1117 1881 1197 1942; x_wconf 87' lang='lat' dir='ltr'><strong>circa</strong></span> <span class='ocrx_word' id='word_1_123' title='bbox 1208 1877 1353 1941; x_wconf 86' lang='lat' dir='ltr'><strong>meridier</strong></span> 
     </span>
     <span class='ocr_line' id='line_1_15' title="bbox 344 1976 1353 2056; baseline -0.009 -12"><span class='ocrx_word' id='word_1_124' title='bbox 344 1979 463 2044; x_wconf 78' lang='lat' dir='ltr'><strong>aelium</strong></span> <span class='ocrx_word' id='word_1_125' title='bbox 488 1976 695 2048; x_wconf 68' lang='lat' dir='ltr'><strong>efferentur,</strong></span> <span class='ocrx_word' id='word_1_126' title='bbox 728 1979 824 2042; x_wconf 88' lang='lat' dir='ltr'><strong>utin</strong></span> <span class='ocrx_word' id='word_1_127' title='bbox 853 1999 906 2042; x_wconf 86' lang='lat' dir='ltr'><strong>vae</strong></span> <span class='ocrx_word' id='word_1_128' title='bbox 927 1999 1062 2042; x_wconf 88' lang='lat' dir='ltr'><strong>aeneum</strong></span> <span class='ocrx_word' id='word_1_129' title='bbox 1084 1978 1165 2050; x_wconf 85' lang='lat' dir='ltr'><strong>cibi,</strong></span> <span class='ocrx_word' id='word_1_130' title='bbox 1199 1999 1273 2041; x_wconf 89' lang='lat' dir='ltr'><strong>cum</strong></span> <span class='ocrx_word' id='word_1_131' title='bbox 1300 1995 1353 2056; x_wconf 86' lang='lat' dir='ltr'><strong>aqu</strong></span> 
     </span>
     <span class='ocr_line' id='line_1_16' title="bbox 343 2077 1353 2164; baseline -0.007 -22"><span class='ocrx_word' id='word_1_132' title='bbox 343 2079 457 2164; x_wconf 70' lang='lat' dir='ltr'><strong>positi,</strong></span> <span class='ocrx_word' id='word_1_133' title='bbox 482 2079 643 2162; x_wconf 83' lang='lat' dir='ltr'><strong>externplo</strong></span> <span class='ocrx_word' id='word_1_134' title='bbox 668 2077 741 2142; x_wconf 86' lang='lat' dir='ltr'><strong>lolia</strong></span> <span class='ocrx_word' id='word_1_135' title='bbox 761 2081 871 2142; x_wconf 84' lang='lat' dir='ltr'><strong>ardore</strong></span> <span class='ocrx_word' id='word_1_136' title='bbox 888 2080 1004 2162; x_wconf 79' lang='lat' dir='ltr'><strong>absque</strong></span> <span class='ocrx_word' id='word_1_137' title='bbox 1023 2081 1098 2164; x_wconf 83' lang='lat' dir='ltr'><strong>igne</strong></span> <span class='ocrx_word' id='word_1_138' title='bbox 1115 2081 1179 2142; x_wconf 92' lang='lat' dir='ltr'><strong>alio</strong></span> <span class='ocrx_word' id='word_1_139' title='bbox 1202 2080 1353 2160; x_wconf 71' lang='lat' dir='ltr'><strong>decoquat</strong></span> 
     </span>
     <span class='ocr_line' id='line_1_17' title="bbox 343 2179 1353 2264; baseline -0.004 -22"><span class='ocrx_word' id='word_1_140' title='bbox 343 2195 414 2252; x_wconf 86' lang='lat' dir='ltr'><strong>tur,</strong></span> <span class='ocrx_word' id='word_1_141' title='bbox 440 2199 499 2242; x_wconf 87' lang='lat' dir='ltr'><strong>nec</strong></span> <span class='ocrx_word' id='word_1_142' title='bbox 512 2180 596 2241; x_wconf 87' lang='lat' dir='ltr'><strong>ullua</strong></span> <span class='ocrx_word' id='word_1_143' title='bbox 611 2179 700 2240; x_wconf 89' lang='lat' dir='ltr'><strong>nudo</strong></span> <span class='ocrx_word' id='word_1_144' title='bbox 720 2183 801 2262; x_wconf 85' lang='lat' dir='ltr'><strong>pede</strong></span> <span class='ocrx_word' id='word_1_145' title='bbox 821 2195 935 2242; x_wconf 83' lang='lat' dir='ltr'><strong>terram</strong></span> <span class='ocrx_word' id='word_1_146' title='bbox 950 2183 1104 2264; x_wconf 84' lang='lat' dir='ltr'><strong>attingere</strong></span> <span class='ocrx_word' id='word_1_147' title='bbox 1119 2196 1225 2263; x_wconf 82' lang='lat' dir='ltr'><strong>queat.</strong></span> <span class='ocrx_word' id='word_1_148' title='bbox 1276 2180 1353 2262; x_wconf 80' lang='lat' dir='ltr'><strong>Quat</strong></span> 
     </span>
     <span class='ocr_line' id='line_1_18' title="bbox 344 2279 1353 2364; baseline -0.007 -21"><span class='ocrx_word' id='word_1_149' title='bbox 344 2282 467 2362; x_wconf 86' lang='lat' dir='ltr'><strong>inquit,</strong></span> <span class='ocrx_word' id='word_1_150' title='bbox 492 2279 712 2364; x_wconf 76' lang='lat' dir='ltr'><strong>ignorantibus</strong></span> <span class='ocrx_word' id='word_1_151' title='bbox 736 2282 930 2342; x_wconf 84' lang='lat' dir='ltr'><strong>incredibilia</strong></span> <span class='ocrx_word' id='word_1_152' title='bbox 953 2281 1114 2350; x_wconf 84' lang='lat' dir='ltr'><strong>videntur,</strong></span> <span class='ocrx_word' id='word_1_153' title='bbox 1140 2283 1179 2344; x_wconf 88' lang='lat' dir='ltr'><strong>iia</strong></span> <span class='ocrx_word' id='word_1_154' title='bbox 1199 2297 1294 2350; x_wconf 81' lang='lat' dir='ltr'><strong>vero,</strong></span> <span class='ocrx_word' id='word_1_155' title='bbox 1318 2297 1353 2358; x_wconf 91' lang='lat' dir='ltr'><strong>qu</strong></span> 
     </span>
     <span class='ocr_line' id='line_1_19' title="bbox 345 2378 1353 2467; baseline -0.007 -24"><span class='ocrx_word' id='word_1_156' title='bbox 345 2383 468 2463; x_wconf 86' lang='lat' dir='ltr'><strong>experti</strong></span> <span class='ocrx_word' id='word_1_157' title='bbox 484 2379 564 2449; x_wconf 81' lang='lat' dir='ltr'><strong>lunt,</strong></span> <span class='ocrx_word' id='word_1_158' title='bbox 590 2378 702 2442; x_wconf 80' lang='lat' dir='ltr'><strong>facilia.</strong></span> <span class='ocrx_word' id='word_1_159' title='bbox 753 2381 913 2444; x_wconf 85' lang='lat' dir='ltr'><strong>Credibile</strong></span> <span class='ocrx_word' id='word_1_160' title='bbox 931 2381 1028 2467; x_wconf 85' lang='lat' dir='ltr'><strong>igitur</strong></span> <span class='ocrx_word' id='word_1_161' title='bbox 1044 2379 1150 2452; x_wconf 81' lang='lat' dir='ltr'><strong>fuerit,</strong></span> <span class='ocrx_word' id='word_1_162' title='bbox 1176 2380 1353 2444; x_wconf 78' lang='lat' dir='ltr'><strong>Androclun</strong></span> 
     </span>
     <span class='ocr_line' id='line_1_20' title="bbox 344 2473 1352 2568; baseline -0.004 -26"><span class='ocrx_word' id='word_1_163' title='bbox 344 2481 437 2542; x_wconf 88' lang='lat' dir='ltr'><strong>illum</strong></span> <span class='ocrx_word' id='word_1_164' title='bbox 453 2481 559 2542; x_wconf 89' lang='lat' dir='ltr'><strong>Gellio</strong></span> <span class='ocrx_word' id='word_1_165' title='bbox 575 2473 632 2564; x_wconf 80' lang='lat'><strong>[5.</strong></span> <span class='ocrx_word' id='word_1_166' title='bbox 655 2474 731 2568; x_wconf 63' lang='lat'><strong>14]</strong></span> <span class='ocrx_word' id='word_1_167' title='bbox 754 2482 929 2551; x_wconf 82' lang='lat' dir='ltr'><strong>celebrem,</strong></span> <span class='ocrx_word' id='word_1_168' title='bbox 954 2484 1109 2565; x_wconf 88' lang='lat' dir='ltr'><strong>opimiora</strong></span> <span class='ocrx_word' id='word_1_169' title='bbox 1125 2481 1270 2544; x_wconf 88' lang='lat' dir='ltr'><strong>membra</strong></span> <span class='ocrx_word' id='word_1_170' title='bbox 1288 2497 1352 2562; x_wconf 90' lang='lat' dir='ltr'><strong>prae</strong></span> 
     </span>
     <span class='ocr_line' id='line_1_21' title="bbox 345 2577 1352 2663; baseline -0.005 -19"><span class='ocrx_word' id='word_1_171' title='bbox 345 2583 403 2644; x_wconf 87' lang='lat' dir='ltr'><strong>dae</strong></span> <span class='ocrx_word' id='word_1_172' title='bbox 425 2583 544 2651; x_wconf 83' lang='lat' dir='ltr'><strong>leonia,</strong></span> <span class='ocrx_word' id='word_1_173' title='bbox 575 2599 713 2661; x_wconf 90' lang='lat' dir='ltr'><strong>quocum</strong></span> <span class='ocrx_word' id='word_1_174' title='bbox 734 2581 768 2643; x_wconf 88' lang='lat' dir='ltr'><strong>in</strong></span> <span class='ocrx_word' id='word_1_175' title='bbox 790 2583 891 2663; x_wconf 86' lang='lat' dir='ltr'><strong>Libya</strong></span> <span class='ocrx_word' id='word_1_176' title='bbox 914 2583 1054 2646; x_wconf 88' lang='lat' dir='ltr'><strong>triennio</strong></span> <span class='ocrx_word' id='word_1_177' title='bbox 1074 2583 1252 2653; x_wconf 84' lang='lat' dir='ltr'><strong>victitavit,</strong></span> <span class='ocrx_word' id='word_1_178' title='bbox 1282 2577 1352 2642; x_wconf 82' lang='lat' dir='ltr'><strong>merl</strong></span> 
     </span>
     <span class='ocr_line' id='line_1_22' title="bbox 345 2679 1351 2767; baseline -0.007 -22"><span class='ocrx_word' id='word_1_179' title='bbox 345 2683 441 2746; x_wconf 86' lang='lat' dir='ltr'><strong>diano</strong></span> <span class='ocrx_word' id='word_1_180' title='bbox 456 2679 519 2743; x_wconf 85' lang='lat' dir='ltr'><strong>lole</strong></span> <span class='ocrx_word' id='word_1_181' title='bbox 535 2681 694 2752; x_wconf 78' lang='lat' dir='ltr'><strong>conoide,</strong></span> <span class='ocrx_word' id='word_1_182' title='bbox 719 2701 793 2743; x_wconf 88' lang='lat' dir='ltr'><strong>cum</strong></span> <span class='ocrx_word' id='word_1_183' title='bbox 808 2685 917 2767; x_wconf 78' lang='lat' dir='ltr'><strong>ignem</strong></span> <span class='ocrx_word' id='word_1_184' title='bbox 932 2703 997 2746; x_wconf 90' lang='lat' dir='ltr'><strong>non</strong></span> <span class='ocrx_word' id='word_1_185' title='bbox 1019 2682 1160 2748; x_wconf 88' lang='lat' dir='ltr'><strong>haberet.</strong></span> <span class='ocrx_word' id='word_1_186' title='bbox 1214 2684 1252 2746; x_wconf 88' lang='lat' dir='ltr'><strong>ld</strong></span> <span class='ocrx_word' id='word_1_187' title='bbox 1267 2693 1351 2742; x_wconf 88' lang='lat' dir='ltr'><strong>auten</strong></span> 
     </span>
     <span class='ocr_line' id='line_1_23' title="bbox 343 2777 1351 2868; baseline -0.006 -23"><span class='ocrx_word' id='word_1_188' title='bbox 343 2785 424 2845; x_wconf 89' lang='lat' dir='ltr'><strong>circa</strong></span> <span class='ocrx_word' id='word_1_189' title='bbox 441 2782 626 2864; x_wconf 85' lang='lat' dir='ltr'><strong>Capricorni</strong></span> <span class='ocrx_word' id='word_1_190' title='bbox 642 2783 802 2864; x_wconf 89' lang='lat' dir='ltr'><strong>tropicum</strong></span> <span class='ocrx_word' id='word_1_191' title='bbox 825 2782 1020 2864; x_wconf 76' lang='lat' dir='ltr'><strong>steqnendua</strong></span> <span class='ocrx_word' id='word_1_192' title='bbox 1040 2783 1192 2868; x_wconf 79' lang='lat' dir='ltr'><strong>obtingit.</strong></span> <span class='ocrx_word' id='word_1_193' title='bbox 1232 2782 1314 2846; x_wconf 85' lang='lat' dir='ltr'><strong>Nam</strong></span> <span class='ocrx_word' id='word_1_194' title='bbox 1328 2777 1351 2840; x_wconf 87' lang='lat' dir='ltr'><strong>lc</strong></span> 
     </span>
     <span class='ocr_line' id='line_1_24' title="bbox 342 2874 1351 2966; baseline -0.005 -21"><span class='ocrx_word' id='word_1_195' title='bbox 342 2885 410 2946; x_wconf 91' lang='lat' dir='ltr'><strong>illic</strong></span> <span class='ocrx_word' id='word_1_196' title='bbox 433 2896 530 2945; x_wconf 86' lang='lat' dir='ltr'><strong>terrae</strong></span> <span class='ocrx_word' id='word_1_197' title='bbox 553 2883 689 2944; x_wconf 82' lang='lat' dir='ltr'><strong>vicinior</strong></span> <span class='ocrx_word' id='word_1_198' title='bbox 710 2874 784 2954; x_wconf 62' lang='lat' dir='ltr'><strong>eit:</strong></span> <span class='ocrx_word' id='word_1_199' title='bbox 804 2897 836 2946; x_wconf 90' lang='lat' dir='ltr'><strong>et</strong></span> <span class='ocrx_word' id='word_1_200' title='bbox 855 2888 1003 2946; x_wconf 88' lang='lat' dir='ltr'><strong>omnium</strong></span> <span class='ocrx_word' id='word_1_201' title='bbox 1022 2885 1223 2966; x_wconf 87' lang='lat' dir='ltr'><strong>planetarum</strong></span> <span class='ocrx_word' id='word_1_202' title='bbox 1248 2883 1289 2946; x_wconf 89' lang='lat' dir='ltr'><strong>ob</strong></span> <span class='ocrx_word' id='word_1_203' title='bbox 1310 2883 1351 2942; x_wconf 88' lang='lat' dir='ltr'><strong>loc</strong></span> 
     </span>
     <span class='ocr_line' id='line_1_25' title="bbox 342 2977 1350 3066; baseline -0.009 -19"><span class='ocrx_word' id='word_1_204' title='bbox 342 2983 460 3047; x_wconf 85' lang='lat' dir='ltr'><strong>iubditi</strong></span> <span class='ocrx_word' id='word_1_205' title='bbox 473 2983 568 3046; x_wconf 86' lang='lat' dir='ltr'><strong>radlia</strong></span> <span class='ocrx_word' id='word_1_206' title='bbox 584 2977 854 3066; x_wconf 83' lang='lat' dir='ltr'><strong>propinquitatem</strong></span> <span class='ocrx_word' id='word_1_207' title='bbox 870 2986 970 3046; x_wconf 86' lang='lat' dir='ltr'><strong>maior</strong></span> <span class='ocrx_word' id='word_1_208' title='bbox 986 2988 1047 3056; x_wconf 87' lang='lat' dir='ltr'><strong>via,</strong></span> <span class='ocrx_word' id='word_1_209' title='bbox 1068 2997 1102 3046; x_wconf 89' lang='lat' dir='ltr'><strong>et</strong></span> <span class='ocrx_word' id='word_1_210' title='bbox 1112 2985 1216 3046; x_wconf 87' lang='lat' dir='ltr'><strong>maior</strong></span> <span class='ocrx_word' id='word_1_211' title='bbox 1230 2979 1350 3044; x_wconf 85' lang='lat' dir='ltr'><strong>humori</strong></span> 
     </span>
     <span class='ocr_line' id='line_1_26' title="bbox 343 3078 1350 3172; baseline -0.006 -25"><span class='ocrx_word' id='word_1_212' title='bbox 343 3083 493 3166; x_wconf 80' lang='lat' dir='ltr'><strong>depastio.</strong></span> <span class='ocrx_word' id='word_1_213' title='bbox 546 3084 632 3144; x_wconf 83' lang='lat' dir='ltr'><strong>ilinc</strong></span> <span class='ocrx_word' id='word_1_214' title='bbox 658 3084 819 3148; x_wconf 71' lang='lat' dir='ltr'><strong>Homerus</strong></span> <span class='ocrx_word' id='word_1_215' title='bbox 846 3080 905 3172; x_wconf 90' lang='lat' dir='ltr'><strong>[ll.</strong></span> <span class='ocrx_word' id='word_1_216' title='bbox 926 3103 955 3156; x_wconf 85' lang='lat' dir='ltr'><strong>t.</strong></span> <span class='ocrx_word' id='word_1_217' title='bbox 976 3095 1050 3166; x_wconf 72' lang='lat'><strong>425</strong></span> <span class='ocrx_word' id='word_1_218' title='bbox 1068 3078 1131 3171; x_wconf 65' lang='grc' dir='ltr'><strong>[ῳ]</strong></span> <span class='ocrx_word' id='word_1_219' title='bbox 1159 3087 1274 3148; x_wconf 85' lang='lat' dir='ltr'><strong>lovem</strong></span> <span class='ocrx_word' id='word_1_220' title='bbox 1296 3099 1350 3142; x_wconf 86' lang='lat' dir='ltr'><strong>cun</strong></span> 
     </span>
    </p>
   </div>
   <div class='ocr_carea' id='block_1_4' title="bbox 204 3182 1349 3268">
    <p class='ocr_par' dir='ltr' id='par_1_4' title="bbox 204 3182 1349 3268">
     <span class='ocr_line' id='line_1_27' title="bbox 204 3182 1349 3268; baseline -0.009 -19"><span class='ocrx_word' id='word_1_221' title='bbox 204 3225 211 3234; x_wconf 86' lang='lat'><em>-</em></span> <span class='ocrx_word' id='word_1_222' title='bbox 341 3186 404 3250; x_wconf 80' lang='lat' dir='ltr'><strong>diis</strong></span> <span class='ocrx_word' id='word_1_223' title='bbox 427 3182 578 3246; x_wconf 77' lang='lat' dir='ltr'><strong>omnibus</strong></span> <span class='ocrx_word' id='word_1_224' title='bbox 607 3184 641 3244; x_wconf 88' lang='lat' dir='ltr'><strong>in</strong></span> <span class='ocrx_word' id='word_1_225' title='bbox 665 3183 834 3268; x_wconf 83' lang='lat' dir='ltr'><strong>Aethiopia</strong></span> <span class='ocrx_word' id='word_1_226' title='bbox 859 3185 940 3266; x_wconf 85' lang='lat' dir='ltr'><strong>apud</strong></span> <span class='ocrx_word' id='word_1_227' title='bbox 969 3185 1159 3268; x_wconf 87' lang='lat' dir='ltr'><strong>Neptunum</strong></span> <span class='ocrx_word' id='word_1_228' title='bbox 1182 3183 1349 3248; x_wconf 78' lang='lat' dir='ltr'><strong>couciviuu</strong></span> 
     </span>
    </p>
   </div>
   <div class='ocr_carea' id='block_1_5' title="bbox 332 3283 1349 4171">
    <p class='ocr_par' dir='ltr' id='par_1_5' title="bbox 332 3283 1349 4171">
     <span class='ocr_line' id='line_1_28' title="bbox 341 3283 1349 3372; baseline -0.004 -24"><span class='ocrx_word' id='word_1_229' title='bbox 341 3305 433 3372; x_wconf 84' lang='lat' dir='ltr'><strong>agere</strong></span> <span class='ocrx_word' id='word_1_230' title='bbox 453 3285 555 3347; x_wconf 82' lang='lat' dir='ltr'><strong>finxit.</strong></span> <span class='ocrx_word' id='word_1_231' title='bbox 588 3302 772 3346; x_wconf 79' lang='lat' dir='ltr'><strong>vaurauve.</strong></span> <span class='ocrx_word' id='word_1_232' title='bbox 823 3284 987 3348; x_wconf 78' lang='lat' dir='ltr'><strong>Sallustius</strong></span> <span class='ocrx_word' id='word_1_233' title='bbox 1007 3288 1077 3370; x_wconf 83' lang='lat' dir='ltr'><strong>lug.</strong></span> <span class='ocrx_word' id='word_1_234' title='bbox 1093 3285 1131 3348; x_wconf 87' lang='lat' dir='ltr'><strong>B.</strong></span> <span class='ocrx_word' id='word_1_235' title='bbox 1152 3305 1179 3348; x_wconf 93' lang='lat' dir='ltr'><strong>c.</strong></span> <span class='ocrx_word' id='word_1_236' title='bbox 1200 3283 1349 3362; x_wconf 77' lang='lat' dir='ltr'><strong>17.i.15</strong></span> 
     </span>
     <span class='ocr_line' id='line_1_29' title="bbox 341 3385 1348 3469; baseline -0.005 -21"><span class='ocrx_word' id='word_1_237' title='bbox 341 3385 425 3448; x_wconf 78' lang='lat' dir='ltr'><strong>coelo</strong></span> <span class='ocrx_word' id='word_1_238' title='bbox 448 3398 591 3467; x_wconf 78' lang='lat' dir='ltr'><strong>terraque</strong></span> <span class='ocrx_word' id='word_1_239' title='bbox 613 3386 747 3465; x_wconf 77' lang='lat' dir='ltr'><strong>penuria</strong></span> <span class='ocrx_word' id='word_1_240' title='bbox 767 3405 931 3469; x_wconf 71' lang='lat' dir='ltr'><strong>aurianam.</strong></span> <span class='ocrx_word' id='word_1_241' title='bbox 984 3386 1106 3448; x_wconf 84' lang='lat' dir='ltr'><strong>Eadem</strong></span> <span class='ocrx_word' id='word_1_242' title='bbox 1127 3399 1161 3447; x_wconf 92' lang='lat' dir='ltr'><strong>et</strong></span> <span class='ocrx_word' id='word_1_243' title='bbox 1182 3387 1348 3458; x_wconf 66' lang='lat' dir='ltr'><strong>Curtiuei</strong></span> 
     </span>
     <span class='ocr_line' id='line_1_30' title="bbox 343 3483 1348 3569; baseline -0.008 -19"><span class='ocrx_word' id='word_1_244' title='bbox 343 3502 377 3564; x_wconf 88' lang='lat'><strong>7,</strong></span> <span class='ocrx_word' id='word_1_245' title='bbox 401 3487 435 3550; x_wconf 82' lang='lat'><strong>6.</strong></span> <span class='ocrx_word' id='word_1_246' title='bbox 469 3502 681 3548; x_wconf 80' lang='lat' dir='ltr'><strong>craccourre.</strong></span> <span class='ocrx_word' id='word_1_247' title='bbox 732 3487 771 3548; x_wconf 88' lang='lat' dir='ltr'><strong>lu</strong></span> <span class='ocrx_word' id='word_1_248' title='bbox 793 3485 851 3547; x_wconf 92' lang='lat' dir='ltr'><strong>bac</strong></span> <span class='ocrx_word' id='word_1_249' title='bbox 871 3483 991 3548; x_wconf 79' lang='lat' dir='ltr'><strong>Africae</strong></span> <span class='ocrx_word' id='word_1_250' title='bbox 1014 3485 1227 3569; x_wconf 82' lang='lat' dir='ltr'><strong>descriptione</strong></span> <span class='ocrx_word' id='word_1_251' title='bbox 1250 3484 1348 3547; x_wconf 81' lang='lat' dir='ltr'><strong>lecum</strong></span> 
     </span>
     <span class='ocr_line' id='line_1_31' title="bbox 340 3581 1348 3650; baseline -0.009 0"><span class='ocrx_word' id='word_1_252' title='bbox 340 3586 386 3650; x_wconf 83' lang='lat' dir='ltr'><strong>eil</strong></span> <span class='ocrx_word' id='word_1_253' title='bbox 409 3589 443 3646; x_wconf 89' lang='lat' dir='ltr'><strong>in</strong></span> <span class='ocrx_word' id='word_1_254' title='bbox 469 3586 579 3646; x_wconf 79' lang='lat' dir='ltr'><strong>multis</strong></span> <span class='ocrx_word' id='word_1_255' title='bbox 603 3584 781 3647; x_wconf 82' lang='lat' dir='ltr'><strong>Sallustium</strong></span> <span class='ocrx_word' id='word_1_256' title='bbox 811 3584 907 3649; x_wconf 88' lang='lat' dir='ltr'><strong>Mela.</strong></span> <span class='ocrx_word' id='word_1_257' title='bbox 946 3607 1093 3650; x_wconf 81' lang='lat' dir='ltr'><strong>voearva.</strong></span> <span class='ocrx_word' id='word_1_258' title='bbox 1156 3587 1244 3648; x_wconf 87' lang='lat' dir='ltr'><strong>Haec</strong></span> <span class='ocrx_word' id='word_1_259' title='bbox 1272 3581 1348 3646; x_wconf 74' lang='lat' dir='ltr'><strong>verb:</strong></span> 
     </span>
     <span class='ocr_line' id='line_1_32' title="bbox 341 3681 1347 3782; baseline -0.008 -32"><span class='ocrx_word' id='word_1_260' title='bbox 341 3686 468 3770; x_wconf 82' lang='lat' dir='ltr'><strong>egregie</strong></span> <span class='ocrx_word' id='word_1_261' title='bbox 489 3686 624 3767; x_wconf 82' lang='lat' dir='ltr'><strong>explicat</strong></span> <span class='ocrx_word' id='word_1_262' title='bbox 646 3684 756 3746; x_wconf 77' lang='lat' dir='ltr'><strong>Livius</strong></span> <span class='ocrx_word' id='word_1_263' title='bbox 774 3695 808 3764; x_wconf 82' lang='grc'><strong>4,</strong></span> <span class='ocrx_word' id='word_1_264' title='bbox 832 3699 889 3765; x_wconf 81' lang='lat'><strong>50.</strong></span> <span class='ocrx_word' id='word_1_265' title='bbox 910 3701 942 3760; x_wconf 84' lang='lat'><strong>7.</strong></span> <span class='ocrx_word' id='word_1_266' title='bbox 968 3707 1023 3748; x_wconf 86' lang='lat' dir='ltr'><strong>nec</strong></span> <span class='ocrx_word' id='word_1_267' title='bbox 1045 3687 1184 3782; x_wconf 82' lang='lat' dir='ltr'><strong>coelestes</strong></span> <span class='ocrx_word' id='word_1_268' title='bbox 1204 3685 1295 3748; x_wconf 82' lang='lat' dir='ltr'><strong>modo</strong></span> <span class='ocrx_word' id='word_1_269' title='bbox 1314 3681 1347 3742; x_wconf 72' lang='lat' dir='ltr'><strong>aa</strong></span> 
     </span>
     <span class='ocr_line' id='line_1_33' title="bbox 332 3776 1347 3879; baseline -0.005 -32"><span class='ocrx_word' id='word_1_270' title='bbox 332 3778 474 3879; x_wconf 81' lang='lat' dir='ltr'><strong>fuerunt</strong></span> <span class='ocrx_word' id='word_1_271' title='bbox 488 3805 606 3868; x_wconf 73' lang='lat' dir='ltr'><strong>opum,</strong></span> <span class='ocrx_word' id='word_1_272' title='bbox 623 3776 686 3874; x_wconf 82' lang='lat' dir='ltr'><strong>sed</strong></span> <span class='ocrx_word' id='word_1_273' title='bbox 698 3797 781 3846; x_wconf 83' lang='lat' dir='ltr'><strong>terra</strong></span> <span class='ocrx_word' id='word_1_274' title='bbox 795 3805 932 3868; x_wconf 77' lang='lat' dir='ltr'><strong>quoque,</strong></span> <span class='ocrx_word' id='word_1_275' title='bbox 958 3788 1098 3868; x_wconf 79' lang='lat' dir='ltr'><strong>ingenito</strong></span> <span class='ocrx_word' id='word_1_276' title='bbox 1120 3791 1249 3851; x_wconf 74' lang='lat' dir='ltr'><strong>humore</strong></span> <span class='ocrx_word' id='word_1_277' title='bbox 1265 3799 1347 3866; x_wconf 81' lang='lat' dir='ltr'><strong>egens</strong></span> 
     </span>
     <span class='ocr_line' id='line_1_34' title="bbox 340 3875 1346 3974; baseline -0.005 -25"><span class='ocrx_word' id='word_1_278' title='bbox 340 3887 400 3950; x_wconf 78' lang='lat' dir='ltr'><strong>vix</strong></span> <span class='ocrx_word' id='word_1_279' title='bbox 413 3883 458 3946; x_wconf 78' lang='lat' dir='ltr'><strong>ad</strong></span> <span class='ocrx_word' id='word_1_280' title='bbox 467 3905 615 3964; x_wconf 83' lang='lat' dir='ltr'><strong>perennes</strong></span> <span class='ocrx_word' id='word_1_281' title='bbox 622 3875 765 3974; x_wconf 81' lang='lat' dir='ltr'><strong>subfecr&#39;t</strong></span> <span class='ocrx_word' id='word_1_282' title='bbox 781 3905 894 3968; x_wconf 82' lang='lat' dir='ltr'><strong>aquas.</strong></span> <span class='ocrx_word' id='word_1_283' title='bbox 921 3905 946 3950; x_wconf 85' lang='lat'><strong>1.</strong></span> <span class='ocrx_word' id='word_1_284' title='bbox 962 3905 1158 3950; x_wconf 74' lang='lat' dir='ltr'><strong>cnodovtve</strong></span> <span class='ocrx_word' id='word_1_285' title='bbox 1172 3887 1248 3950; x_wconf 83' lang='lat' dir='ltr'><strong>MS.</strong></span> <span class='ocrx_word' id='word_1_286' title='bbox 1286 3879 1346 3944; x_wconf 75' lang='lat' dir='ltr'><strong>siti</strong></span> 
     </span>
     <span class='ocr_line' id='line_1_35' title="bbox 341 3981 1346 4074; baseline -0.006 -26"><span class='ocrx_word' id='word_1_287' title='bbox 341 3987 420 4050; x_wconf 82' lang='lat' dir='ltr'><strong>coeli</strong></span> <span class='ocrx_word' id='word_1_288' title='bbox 440 3984 567 4066; x_wconf 87' lang='lat' dir='ltr'><strong>quaudo</strong></span> <span class='ocrx_word' id='word_1_289' title='bbox 588 4003 655 4046; x_wconf 89' lang='lat' dir='ltr'><strong>non</strong></span> <span class='ocrx_word' id='word_1_290' title='bbox 675 3984 777 4066; x_wconf 87' lang='lat' dir='ltr'><strong>pluit;</strong></span> <span class='ocrx_word' id='word_1_291' title='bbox 800 3981 883 4074; x_wconf 81' lang='lat' dir='ltr'><strong>fitis</strong></span> <span class='ocrx_word' id='word_1_292' title='bbox 906 3999 1007 4049; x_wconf 83' lang='lat' dir='ltr'><strong>terrae</strong></span> <span class='ocrx_word' id='word_1_293' title='bbox 1027 3989 1154 4069; x_wconf 88' lang='lat' dir='ltr'><strong>quando</strong></span> <span class='ocrx_word' id='word_1_294' title='bbox 1173 3985 1276 4050; x_wconf 84' lang='lat' dir='ltr'><strong>iontea</strong></span> <span class='ocrx_word' id='word_1_295' title='bbox 1296 3999 1346 4044; x_wconf 88' lang='lat' dir='ltr'><strong>nor</strong></span> 
     </span>
     <span class='ocr_line' id='line_1_36' title="bbox 342 4083 1345 4171; baseline -0.006 -21"><span class='ocrx_word' id='word_1_296' title='bbox 342 4087 424 4151; x_wconf 76' lang='lat' dir='ltr'><strong>lunc</strong></span> <span class='ocrx_word' id='word_1_297' title='bbox 443 4101 670 4150; x_wconf 79' lang='lat' dir='ltr'><strong>arnuanrrva.</strong></span> <span class='ocrx_word' id='word_1_298' title='bbox 700 4083 828 4150; x_wconf 84' lang='lat' dir='ltr'><strong>Praeter</strong></span> <span class='ocrx_word' id='word_1_299' title='bbox 842 4105 888 4160; x_wconf 80' lang='lat' dir='ltr'><strong>ea,</strong></span> <span class='ocrx_word' id='word_1_300' title='bbox 905 4107 984 4171; x_wconf 84' lang='lat' dir='ltr'><strong>quae</strong></span> <span class='ocrx_word' id='word_1_301' title='bbox 998 4089 1158 4154; x_wconf 86' lang='lat' dir='ltr'><strong>incriticia</strong></span> <span class='ocrx_word' id='word_1_302' title='bbox 1169 4083 1345 4158; x_wconf 72' lang='lat' dir='ltr'><strong>narratio</strong></span> 
     </span>
    </p>
   </div>
   <div class='ocr_carea' id='block_1_6' title="bbox 0 0 1382 4964">
    <p class='ocr_par' dir='ltr' id='par_1_6' title="bbox 0 0 1382 4964">
     <span class='ocr_line' id='line_1_37' title="bbox 0 0 1382 4964; baseline 0 3"><span class='ocrx_word' id='word_1_303' title='bbox 0 0 1382 4964; x_wconf 95' lang='lat' dir='ltr'><strong> </strong></span> 
     </span>
    </p>
   </div>
  </div>
 </body>
</html>
