2756 4964
809 163 820 206 Ι

366 385 426 466 ayt
579 371 584 382 ”
632 381 793 442 norun
834 369 1136 443 ttxnontrclr

364 561 397 624 iu
425 582 525 629 more,
548 569 691 642 ,utroque
714 567 809 637 parte
832 567 1037 637 proemptum
1061 571 1157 642 atque
1183 549 1352 652 nspentm·

363 679 397 726 et
414 664 460 726 tt.
478 663 516 724 P.
533 660 571 723 ab
589 661 678 720 Utica
693 671 852 720 removet.
902 658 1070 742 Deleriplit
1086 664 1182 722 etiam
1203 661 1316 722 Lucan.
1330 679 1352 722 c.

362 757 523 846 Scipionis
552 761 681 822 maioris
716 757 854 820 Africani
884 759 977 823 calita
1008 774 1105 823 vocat
1133 761 1262 825 orofiue
1280 771 1352 840 49

365 867 461 930 Sltaw
483 865 523 926 T.
546 885 575 926 t.
590 883 622 944 p.
638 873 716 939 189.
737 881 764 922 c.
782 860 803 923 l.
825 863 966 942 quaerit,
992 862 1050 923 ubi
1068 863 1101 927 h.
1118 863 1246 932 Gellalt,
1273 861 1352 923 tluub

362 967 539 1030 miliaribus
564 963 744 1048 Anglicnnit
765 961 874 1024 verius
894 963 1052 1026 orientem
1072 967 1111 1026 ad
1133 967 1274 1034 Uticam,
1304 983 1352 1042 qut

362 1069 397 1131 h.
419 1068 480 1130 elle
504 1067 582 1126 dicit
603 1064 838 1126 Boo-staua
854 1051 984 1134 Gauro,
1013 1085 1130 1148 nempe
1150 1066 1185 1128 in
1202 1067 1352 1128 extremiu

362 1173 496 1233 cervicis
516 1169 601 1228 illiue
618 1179 718 1228 termo
741 1163 849 1226 verius
872 1167 1029 1227 orientem
1053 1167 1219 1230 aellivum.
1257 1167 1306 1228 Sic
1320 1185 1352 1225 ve

361 1271 502 1357 Bagrada
517 1265 552 1332 ll.
568 1289 655 1331 nunc
671 1263 751 1328 infra
766 1265 838 1327 linit
852 1264 958 1330 versut
974 1267 1176 1331 occidentem
1193 1269 1352 1331 hibernum

435 1467 663 1556 Bagrada)
724 1469 885 1552 Frequent
924 1473 993 1534 eine
1024 1471 1150 1536 mentio
1184 1473 1330 1535 obiicitur

345 1575 558 1646 rumoribus,
591 1571 758 1655 inquibus
783 1571 854 1634 lunt
876 1573 935 1635 lul.
959 1572 1046 1636 Cael.
1069 1575 1109 1638 de
1132 1573 1170 1636 B.
1187 1574 1262 1638 Cir.
1285 1587 1351 1642 ω

360 1695 394 1744 et
411 1689 469 1760 58.
503 1677 587 1738 Plin.
602 1689 635 1752 5,
657 1689 689 1754 3.
706 1673 727 1734 l.
747 1685 782 1752 4.
803 1688 835 1737 et
858 1685 891 1752 3,
918 1685 973 1758 ι4.
1009 1675 1108 1736 Valer.
1126 1674 1212 1742 Max.
1237 1697 1264 1746 t,
1284 1685 1316 1751 3.
1330 1690 1352 1732 er

361 1797 424 1862 99.
453 1778 574 1840 Gellius
591 1777 623 1846 6.
643 1791 677 1853 3.
698 1789 913 1858 praetereat,
942 1794 1024 1858 quoe
1041 1777 1181 1857 produxi
1198 1777 1265 1838 Vol.
1286 1796 1312 1838 ι.
1337 1793 1352 1832 u

359 1885 458 1948 etiam
473 1881 513 1942 do
529 1881 611 1942 varie
626 1876 774 1958 scripturn
787 1877 943 1939 librorum
957 1878 1078 1938 dictum
1093 1877 1146 1940 eil.
1175 1877 1321 1942 Straboni
1338 1894 1348 1936 t

359 2005 393 2070 p.
412 1997 497 2062 572.
515 1979 536 2044 l.
554 1994 637 2063 832.
657 1979 700 2041 ell
719 1970 909 2066 Βαγᾶδρας,
935 1997 1001 2041 nun
1017 1973 1208 2067 Βαγὰρδας,
1233 1992 1269 2044 nt
1286 1977 1352 2036 vitit

359 2086 523 2149 redditum
538 2081 642 2144 exiiet.
680 2081 838 2161 Polybius
859 2101 886 2151 t,
904 2093 963 2158 75.
983 2082 1041 2159 36.
1058 2076 1218 2169 Boudpnv
1241 2093 1273 2142 et
1293 2091 1339 2154 ιθ,

358 2181 495 2273 Bu'ttpov
510 2197 613 2252 vocat,
637 2183 685 2242 uti
701 2183 832 2264 quidem
849 2181 939 2243 dedit
950 2200 1008 2263 pto
1021 2177 1191 2269 Mutro'pov
1207 2197 1240 2244 et
1255 2175 1352 2258 Mo'up.

361 2283 651 2370 Schweighaeuser,
678 2285 780 2364 quiet
801 2283 924 2365 prolixe
939 2283 978 2344 de
994 2283 1051 2344 hac
1070 2281 1174 2345 forma
1192 2299 1225 2346 et
1245 2280 1352 2343 finrilibt

359 2388 524 2457 disseruit,
551 2399 588 2446 ut
602 2397 692 2446 enter
712 2383 888 2446 Bochnrtut
903 2385 938 2445 in
955 2383 1056 2447 Chen.
1078 2403 1106 2454 t,
1130 2395 1191 2464 24.
1245 2386 1281 2445 ln
1296 2381 1352 2444 Sui

359 2489 383 2554 l.
400 2510 433 2552 v.
455 2481 584 2576 Τενάγη
609 2485 725 2570 legitur
752 2479 923 2571 Bourtu'pu,
956 2487 990 2546 in
1013 2483 1117 2548 tabula
1138 2487 1320 2569 Peutinger.
1335 2481 1351 2540 1‘

228 2641 233 2656 .
358 2588 571 2670 Bagamacta,
605 2589 639 2647 ln
664 2586 777 2647 Edtisti
801 2585 902 2647 Africa
923 2605 957 2667 p.
979 2598 1061 2663 275.
1082 2587 1249 2668 Nagerdn,
1277 2585 1351 2645 ubit

358 2693 549 2758 Hartmanu.
592 2687 712 2749 Verum
730 2688 798 2750 eius
818 2705 938 2748 nomon
953 2689 1061 2748 Brnca
1076 2687 1165 2752 fullle
1183 2690 1234 2752 vel
1253 2681 1351 2749 Bructl

357 2797 382 2857 i.
405 2813 433 2856 e.
451 2791 609 2877 stagnum,
641 2801 731 2870 putet
753 2787 944 2858 Bochattue.
972 2791 1024 2849 cui
1048 2790 1181 2870 quidem
1205 2809 1269 2852 non
1285 2789 1350 2849 ntlvt

358 2894 464 2958 lentur
478 2893 658 2953 notationes
678 2903 858 2953 auctorum.
910 2889 962 2952 Sic
979 2891 1107 2954 Lucano
1127 2903 1161 2971 4,
1183 2905 1264 2971 539.
1279 2891 1350 2950 dicit

358 2997 478 3064 tortus.
511 3007 545 3055 et
568 2993 624 3054 Sil.
649 2991 875 3071 ttat.6,1t,3.
890 2989 1073 3082 stagnante
1090 2993 1178 3062 vado
1201 2987 1350 3074 patulosr'

357 3095 483 3160 volvere
505 3111 655 3172 eampos,·
686 3106 776 3152 antea
794 3083 922 3183 limosus
929 3112 942 3164 ,·
974 3093 1075 3155 Statio
1098 3095 1213 3157 Silvnr.
1229 3105 1262 3175 4,
1281 3109 1343 3169 2.9

358 3201 483 3261 Poenos
506 3197 589 3256 iuter
613 3211 709 3272 agros
731 3183 866 3282 serpere.
929 3193 955 3254 l.
979 3193 1165 3258 Gronovius
1189 3195 1257 3259 MS.
1281 3195 1344 3254 ideo

357 3300 445 3362 Mela
468 3295 609 3381 positum
632 3293 685 3354 hic
707 3289 795 3354 luille
820 3291 942 3365 censet,
975 3296 1061 3374 quod
1084 3297 1235 3357 celebrari
1255 3311 1348 3376 coepet

356 3401 481 3465 Punico
505 3395 601 3466 bello,
625 3414 699 3456 cum
721 3393 845 3476 serpent
861 3393 1034 3458 immensae
1051 3399 1280 3482 magnitudinis
1297 3391 1348 3456 call

356 3503 579 3566 Romanorum
592 3498 740 3566 vexavit,
763 3495 879 3578 dequo
895 3493 935 3558 cl.
954 3497 1039 3561 Flor.
1059 3514 1091 3566 tt,
1108 3517 1139 3570 u,
1156 3515 1216 3563 no.
1247 3495 1298 3562 Sil.
1314 3497 1348 3554 ltt

356 3605 393 3673 6,
411 3603 483 3677 673
501 3597 544 3681 lq.
570 3597 717 3662 Martinn.
735 3596 813 3680 cap.
831 3602 865 3661 6.
881 3618 913 3679 p.
933 3599 1016 3661 216.
1042 3599 1160 3680 quibus
1175 3603 1253 3662 alios
1267 3596 1347 3658 addtu

356 3705 545 3782 interpretee
572 3698 668 3762 Flori.
724 3698 844 3760 Mirum
873 3700 972 3782 igitur
1004 3699 1064 3770 eli,
1096 3703 1152 3781 qui
1178 3693 1347 3763 Aethicutl

357 3801 522 3886 Colmogr.
544 3821 577 3882 p.
595 3815 679 3875 722.
694 3799 744 3862 etl.
763 3799 789 3860 l.
809 3799 908 3862 Gron.
934 3797 1065 3862 scribere
1084 3799 1198 3883 poffit,
1226 3823 1244 3863 n
1264 3800 1346 3860 maior

354 3905 419 3967 bue
441 3905 524 3962 inter
545 3899 661 3962 fluvios
675 3898 796 3961 Αἰτίαι
813 3919 880 3960 non
901 3904 1081 3964 memorari.
1133 3903 1295 3987 originem
1314 3897 1346 3956 eit

357 4025 377 4068 e
399 4015 512 4065 monte
539 3999 716 4084 Mamplato
738 4001 827 4061 ducit
847 4001 984 4064 Ptolem.
1002 4013 1037 4081 4,
1062 4017 1094 4083 3.
1135 4005 1264 4068 Fluebat
1285 4013 1346 4081 proi

353 4103 458 4170 ntulit
481 4099 614 4185 (vibius
634 4121 663 4168 c.
684 4103 708 4167 l.
733 4099 789 4166 etii
808 4104 956 4167 renititur
978 4105 1074 4170 stow
1095 4107 1137 4173 Τ.
1164 4125 1196 4175 ι.
1225 4125 1257 4190 p.
1280 4111 1342 4176 227
