2764 4954
216 367 268 424 ru
296 365 434 422 rome.
467 353 574 424 Mur..
614 370 693 425 ur.
736 367 827 426 ott
977 379 1041 442 325

25 537 74 598 bot
101 533 241 601 disseruit
273 539 480 610 Perizonius,
522 539 589 622 ipso
624 541 854 622 comprobante
885 561 972 604 nexu
1006 555 1039 603 et

25 639 102 698 Plinii
121 641 189 702 ioco
208 639 312 704 simili.
364 641 411 700 ita
434 661 511 702 vero
534 635 644 723 pasi'tm
666 643 812 704 Rubrum
832 663 920 704 mare
943 663 1040 727 angu-

25 739 90 800 liiori
109 739 191 802 sensu
208 743 288 812 diui.
320 741 523 802 declarabunt
546 763 599 814 ea.
631 763 710 825 quae
733 745 771 804 ad
793 743 847 806 lib.
866 758 898 822 3.
919 765 985 826 cup.
1003 756 1037 822 8.

24 855 110 902 notata
130 840 210 905 sunt.
260 841 407 906 Rubrum
425 845 523 928 igitur
535 862 621 905 mare
638 844 732 906 debet
747 845 806 906 esse
825 845 926 906 Rubri
942 847 1037 908 marie

25 939 52 1000 ab
68 943 118 1004 bac
138 957 224 1025 parte
248 945 390 1008 initium.
448 944 561 1026 Neque
582 959 690 1008 tamen
715 943 870 1015 diffiteor.
897 949 1036 1028 apertior

25 1059 72 1103 non
90 1042 204 1117 solum,
239 1043 292 1108 sed
311 1059 345 1108 ot
373 1046 567 1110 consiantiue
590 1045 705 1110 versari
726 1047 761 1108 in
788 1047 851 1109 boc
871 1061 1035 1110 auctorem

23 1144 139 1222 ponite.

78 1347 285 1430 pertinet)
335 1349 432 1412 idest
452 1349 619 1435 dirigitur,
645 1351 845 1424 extenditur,
871 1351 1031 1434 pervenit.

23 1443 56 1504 tn
68 1447 283 1531 interpretatur
302 1451 399 1512 edicti
414 1451 509 1512 rerba
523 1453 675 1532 Ulpianus
696 1453 729 1512 in
750 1453 786 1515 L.
809 1471 837 1524 ι,
855 1470 890 1532 9.
911 1471 966 1516 to.
989 1453 1032 1516 D.

23 1543 170 1614 decideris.
199 1569 415 1617 croccourva.
452 1551 549 1615 Plura
563 1553 603 1614 de
627 1554 684 1615 bac
700 1553 791 1617 verbi
804 1554 1031 1640 significatione

24 1645 76 1708 dedi
90 1651 124 1711 ad
143 1673 173 1724 t,
192 1668 228 1731 7,
249 1665 285 1732 5.

76 1851 182 1936 itttc)
233 1857 274 1918 In
304 1857 474 1920 meridiem
504 1869 537 1919 et
569 1871 688 1923 ortum.
723 1875 908 1920 raptorve.
960 1856 1030 1918 liiic

25 1967 69 2010 ron
82 1955 245 2036 respondet
258 1961 441 2029 remotiori.
468 1957 518 2020 sed
536 1961 731 2042 propinquo.
783 1959 835 2020 Sic
849 1959 900 2020 hic
916 1969 949 2018 et
965 1957 1030 2018 islir

25 2045 88 2131 saepe
103 2071 205 2120 eontra
223 2051 512 2123 Grammatic'ornm
534 2063 656 2145 regulae
677 2061 868 2143 usurpantur
882 2079 900 2120 a
916 2059 1032 2120 reteri·

27 2145 75 2214 bus.
97 2175 261 2222 ortumve
278 2160 354 2224 MS.
406 2163 458 2224 Sic
472 2174 504 2223 et
524 2163 586 2232 iric,
611 2163 670 2226 isse.
714 2161 867 2258 Exempla
890 2159 1030 2242 piurima

27 2259 234 2323 exauctoribus
260 2263 400 2322 conlecta
425 2263 584 2326 dederuut
604 2266 667 2326 viri
691 2265 793 2334 docti,
820 2261 967 2323 I’erizon.
989 2259 1030 2321 ati

27 2351 114 2416 Stnctii
135 2361 277 2424 Minerv.
296 2379 328 2433 Ω,
351 2383 385 2447 9.
408 2383 439 2444 p.
459 2379 529 2450 279
545 2363 606 2446 sqq.
626 2365 676 2457 ed.
691 2365 821 2434 Baueri,
851 2360 973 2424 Duker.
997 2373 1030 2424 et

27 2449 153 2523 Drakenb.
175 2465 215 2524 ad
240 2465 313 2525 Lir.
334 2477 392 2542 asp.
410 2477 467 2542 28,
486 2480 518 2544 3.
553 2465 674 2528 Ernesti
696 2467 734 2527 ud
749 2469 900 2528 Tacitum
915 2463 1029 2526 Annas.

29 2563 49 2619 ²2
61 2570 106 2630 77.
120 2576 150 2622 et
166 2575 224 2640 82.
255 2565 466 2648 Oudendorp.
485 2567 523 2626 ad
539 2565 626 2630 Caes.
645 2560 683 2630 de
699 2567 737 2629 Β.
757 2567 796 2631 G.
814 2586 843 2636 1.
866 2585 894 2638 t,
912 2575 947 2644 4.
963 2564 1028 2626 ulii-

28 2667 76 2730 que,
92 2679 163 2740 quot
177 2679 371 2729 memorant.
404 2669 453 2728 De
469 2665 557 2728 sensu
573 2682 663 2730 antea
679 2667 870 2732 dictumest.
896 2667 1025 2752 Nempe

30 2752 53 2810 td
65 2777 135 2824 mare
153 2765 302 2829 Rubrum
318 2770 341 2831 i.
360 2787 388 2830 e.
405 2769 574 2830 Arabicum
591 2767 704 2834 smum.

79 2969 197 3048 magis
220 2971 335 3032 laetu
351 2969 427 3052 -)
476 2972 610 3033 Adiudit
627 2972 664 3033 ad
684 2990 804 3034 nomeu
822 2969 953 3034 Arabiae
969 2969 1026 3031 Fe·

30 3049 85 3132 Ῑῑῑῑθ,
112 3089 199 3148 quam
222 3061 413 3158 Εὐδαίμονα
440 3073 517 3134 dicit
539 3089 571 3152 5,
598 3087 631 3151 8.
677 3095 700 3138 t.
727 3091 922 3136 ottonovrrrt
945 3071 1022 3133 MS.

32 3153 104 3224 stata
118 3185 217 3234 autem
240 3169 351 3256 passim
366 3175 405 3236 de
419 3177 508 3236 terrie
525 3176 649 3237 dicitur.
700 3176 753 3238 Sic
771 3177 843 3255 agri
859 3174 973 3237 Noster
987 3185 1022 3250 3,

34 3271 105 3344 ¹⁰24·
128 3273 243 3336 Tibutl.
261 3291 294 3345 Ω,
311 3287 343 3353 5.
364 3289 396 3351 5.
424 3276 534 3359 Virgil.
555 3276 673 3360 Georg.
698 3296 726 3345 r,
750 3293 829 3339 102.
853 3277 892 3338 tie
914 3273 1024 3337 fertili·
1118 3352 1122 3368 Ι

33 3365 72 3422 uu
86 3382 113 3428 et
128 3373 279 3439 ubertate.
333 3375 385 3436 Sic
406 3375 486 3458 ipsae
510 3397 559 3438 ree
579 3378 680 3438 saetae
695 3397 712 3438 a
728 3377 841 3439 Nostro
859 3391 1023 3444 vocantur,

33 3469 55 3514 ω
68 3479 92 3536 t,
112 3492 135 3542 ¹,
151 3475 183 3538 6.
202 3475 341 3554 pabular
374 3490 406 3555 3.
424 3479 457 3547 6.
474 3477 506 3543 6.
526 3475 652 3548 herbae,
678 3491 710 3538 et
729 3478 766 3538 src
785 3480 822 3540 ab
844 3481 913 3541 aiiio
936 3479 1024 3548 aliae,
1066 3464 1067 3468 ¹

34 3565 137 3666 diducet
151 3575 324 3640 burmann.
341 3579 379 3638 ad
393 3579 529 3641 Phaedr.
548 3595 581 3648 α,
599 3591 629 3655 5,
654 3589 706 3657 ¹4·
730 3593 761 3640 et
779 3581 903 3644 Lexica.
934 3583 1023 3642 Tum

34 3671 55 3714 ¹11
66 3669 271 3740 adiectirorum
292 3679 461 3742 efferendis
477 3681 623 3764 gradibus
643 3679 778 3742 sormam
794 3685 908 3753 variat,
933 3684 1023 3768 quod

36 3767 55 3814 ²¹
65 3767 90 3827 fit
101 3772 132 3832 ab
145 3777 219 3843 aliia.
271 3783 461 3863 Utramque.
489 3795 526 3842 ut
545 3802 649 3842 unum
669 3784 851 3866 exemplum
871 3785 1020 3860 adseram,

35 3849 101 3931 bah„
123 3880 196 3958 apud
220 3883 326 3946 Aurei.
350 3884 472 3946 Victor.
492 3883 533 3945 de
563 3881 682 3946 Caesar.
705 3903 771 3967 cap.
794 3901 848 3950 ru.
870 3889 915 3952 in.
941 3889 1022 3974 quid

36 3953 113 4032 ΝΜ
128 3981 307 4054 prudentius
327 3985 489 4067 magisque
506 3983 711 4056 moderatum,
735 4007 874 4068 proquo
890 3991 923 4050 in
941 3993 1018 4074 epit.

36 4071 80 4144 up,
97 4091 140 4142 tu.
153 4081 194 4148 io.
214 4084 407 4150 moderatius
422 4085 549 4172 legitur.
600 4087 661 4149 Sed
678 4089 793 4151 eodem
813 4093 926 4164 modu,
954 4115 1019 4176 qno
