2828 4966
228 399 231 406 ⁴
321 419 343 484 a
593 406 754 468 Noetu
792 408 1097 464 exeee‘rrcne

328 582 460 669 (Line
465 589 551 660 ..45
569 577 622 662 5.)
648 601 787 662 quorum
806 578 1194 664 pluredebitTuriellin.
1217 579 1267 640 de
1289 580 1384 660 partit

331 705 397 766 cap
419 694 501 763 245.
524 703 555 766 p.
578 704 621 744 m.
640 698 706 761 791
729 681 772 764 sq.
823 683 963 746 ilariorie
983 681 1103 743 formae
1127 682 1384 762 exemplumi

329 786 451 850 Iustino
479 800 532 854 12.
550 796 581 862 ὅ.
605 805 616 844 ι
626 796 658 861 5
682 784 744 846 hoc
758 783 819 846 eil
837 781 955 874 seuau
972 781 1136 854 uuluabus
1159 782 1224 844 vel
1243 773 1324 874 ipse
1335 777 1384 874 sel

330 899 459 972 pareat.
510 887 560 948 De
582 905 663 948 voce
682 886 804 948 orantis
826 887 948 946 dictum
971 885 1015 948 est
1034 883 1106 948 Vol.
1128 905 1158 948 ι.

407 1037 585 1120 pretium
612 1035 783 1118 operae)
841 1037 894 1100 sic
925 1038 1043 1100 Seneca
1075 1033 1151 1098 Nat.
1190 1035 1273 1119 Qu.
1301 1035 1340 1102 6.
1369 1041 1384 1114 4

335 1137 442 1235 Quod,
465 1137 583 1221 inquis,
608 1139 666 1198 erit
681 1159 793 1220 operae
811 1139 970 1218 pretium?
995 1157 1058 1220 qua
1072 1136 1195 1198 nullum
1216 1137 1384 1224 maiusep

333 1261 374 1306 uo
404 1251 594 1302 ereaturam.
646 1239 757 1322 Neque
775 1241 854 1302 euiut
875 1239 1047 1323 quidquam
1069 1235 1192 1298 tabee·
1178 1259 1218 1297 err
1236 1224 1285 1328 se
1303 1237 1384 1296 leuiu

334 1341 483 1405 materiae
503 1341 657 1402 tractatio
678 1340 858 1419 pulchrius,
896 1361 966 1400 cum
988 1339 1088 1399 multa
1113 1336 1242 1398 hebeat
1269 1329 1384 1428 fretun

334 1433 416 1532 usui,
440 1459 535 1524 qrtam
550 1440 636 1524 quod
650 1441 804 1502 homiuem
823 1439 1062 1532 magnificentia
1075 1430 1141 1530 sua
1163 1438 1317 1508 decime,
1343 1459 1384 1498 ua

335 1541 486 1611 mercede,
513 1533 575 1632 sed
599 1541 748 1602 miraculo
774 1539 898 1604 colitur.
937 1559 1145 1602 croccoutve.
1197 1541 1334 1601 Florus
1365 1539 1384 1598 il

334 1661 482 1728 prooem.
504 1643 578 1714 libri
605 1663 633 1710 ι.
657 1656 691 1722 5.
723 1663 817 1726 qreuru
842 1643 1009 1722 praecipue
1034 1643 1093 1702 hac
1117 1661 1269 1724 quoque,
1298 1637 1384 1730 secu

334 1747 438 1806 cetera
452 1746 711 1824 operaepretium
722 1739 775 1835 fle
790 1734 981 1835 cognoscere.
1013 1740 1065 1806 cf.
1082 1743 1168 1802 Livii
1183 1738 1297 1824 praef.
1318 1743 1370 1802 in.

381 1877 749 1978 'atlteucleutium)
784 1896 838 1958 Sic
862 1908 958 1956 vocet
980 1913 1055 1964 θοι.
1076 1895 1132 1975 qui
1156 1892 1311 1954 studium
1340 1890 1384 1952 eli

304 1978 309 1987 ¹
335 1997 421 2078 quod
438 1995 631 2077 impendunt
645 1996 720 2057 huic
734 2017 843 2082 generi
834 1998 1029 2064 'doctrinae
1044 1995 1177 2077 perinde
1193 1995 1384 2056 utSneton

335 2097 373 2158 in
390 2097 490 2180 Celig.
508 2115 536 2160 c.
551 2109 609 2176 55.
627 2097 668 2158 lic
683 2097 761 2159 drcrt
774 2099 966 2180 eloquenteae
980 2094 1151 2166 attendere
1173 2108 1208 2157 et
1225 2096 1265 2154 in
1286 2093 1384 2155 Gelbt

337 2210 415 2274 a5.
439 2217 500 2257 eurr
494 2197 685 2258 attendere
720 2217 745 2262 1.
769 2216 965 2260 enouovrve
984 2195 1060 2261 MS
1113 2196 1341 2260 coniunxit
1333 2193 1384 2276 egi

182 2330 197 2355 -.
313 2311 389 2379 ‚tur
406 2297 589 2358 Gronoviua
610 2317 722 2375 operae
741 2295 1230 2379 adtendere,quods1tdarele
1251 2314 1384 2378 operae<

337 2397 451 2465 labori.
468 2395 581 2458 lindio.
610 2400 650 2459 At
663 2399 772 2460 duriue
789 2411 914 2481 puroet
931 2397 1127 2469 insolentius,
1150 2417 1223 2458 cum
1238 2395 1384 2477 pretium

337 2498 494 2563 adiunctio
517 2497 669 2580 genitivis
695 2501 758 2560 diei
790 2497 885 2560 soleat
910 2518 969 2582 pro
994 2517 1115 2560 merces
1142 2501 1176 2560 in
1201 2511 1384 2577 utramque

338 2613 478 2683 partem,
506 2599 608 2659 veluti
631 2619 738 2671 curae
764 2601 896 2670 laboris,
922 2600 1062 2682 pietatis
1090 2598 1295 2661 icelerle-
1325 2615 1384 2677 pro

340 2719 406 2781 que
422 2701 591 2761 Terentius
607 2702 705 2764 Andr.
724 2715 755 2780 5,
774 2714 806 2780 5,
823 2713 856 2781 4.
883 2699 1073 2780 pretiumob
1085 2699 1270 2793 stultitiam
1287 2691 1384 2788 fero.

341 2813 374 2862 et
400 2801 509 2884 virgil.
532 2801 609 2862 Aen.
634 2817 688 2874 ια,
711 2815 792 2882 55ι.
821 2803 884 2864 alio
906 2822 965 2883 pro
986 2799 1106 2864 talibus
1130 2798 1217 2890 ausu
1238 2777 1382 2890 Adfecit

340 2901 453 2982 pretia.
506 2901 673 2984 Inprimis
693 2903 800 2966 usitata
819 2905 862 2966 est
882 2901 1018 2966 formula
1033 2921 1146 2983 operae
1163 2904 1303 2981 pretium
1317 2890 1384 2988 sa·

338 3021 419 3070 aere.
451 3021 561 3080 operae
580 3005 713 3080 pretium
730 3003 789 3098 est,
815 3005 871 3065 ubi
885 3007 926 3067 de
945 3003 1098 3089 gravitate
1116 3004 1161 3064 rei
1180 3017 1212 3062 et
1234 3003 1380 3064 utilitate

339 3103 547 3172 admonetur,
577 3104 630 3166 vel
650 3105 753 3174 labor.
784 3124 864 3187 epue
884 3105 1011 3186 aliquod
1030 3101 1185 3166 efficaciae
1208 3121 1381 3168 commen·

229 3259 232 3268 2
341 3204 442 3272 detur.
469 3203 553 3284 quot
573 3206 626 3266 vel
644 3225 684 3268 ex
701 3207 824 3268 Lexicie
843 3203 982 3270 discitur.
1031 3201 1082 3267 Cl.
1101 3205 1196 3266 etiem
1214 3204 1316 3266 Corte
1337 3201 1376 3260 ed

340 3304 462 3367 Sallust.
482 3303 575 3368 Catil.
595 3321 648 3376 ια,
669 3321 701 3383 5.
739 3305 982 3370 Adtendentium
1004 3307 1100 3391 igitur
1118 3306 1231 3366 melina
1252 3303 1378 3386 pendet

340 3405 381 3466 ab
403 3427 528 3484 operae,
554 3421 590 3466 ut
607 3403 709 3470 ieniue
726 3407 774 3476 fit,
805 3409 913 3490 oqui·
929 3408 1121 3478 adtenderit‚
1151 3408 1173 3469 i.
1192 3425 1222 3468 e.
1241 3407 1375 3467 adtente

340 3506 470 3590 legerit,
498 3504 684 3571 lanimem
708 3509 866 3572 adiecerit.
917 3509 980 3570 Pro
997 3527 1036 3570 eo
1057 3508 1161 3570 dicere
1182 3519 1326 3588 poterat.
1352 3501 1375 3562 li

340 3607 379 3667 ed
404 3606 538 3668 verbum
561 3609 728 3679 retulillet.
753 3609 1015 3679 adtendentibue‚
1046 3627 1128 3690 quae
1151 3607 1268 3690 duplex
1290 3611 1373 3667 ratio

338 3707 375 3768 in
394 3707 444 3770 hie
460 3709 561 3780 velet,
593 3722 630 3770 ut
649 3713 687 3771 ed
714 3709 939 3789 substantivum
959 3721 1044 3772 reete
1065 3709 1160 3772 etiem
1182 3707 1297 3771 referre
1319 3723 1374 3788 po·

341 3809 450 3871 tuerit.
494 3811 642 3890 Denique
658 3771 825 3903 absolvere,
846 3811 932 3894 quod
952 3811 1048 3873 finem
1064 3812 1111 3872 rei
1127 3811 1302 3878 inchoatae,
1325 3807 1384 3870 in·

339 3907 464 3970 Ilitntee
485 3909 611 3980 indicat,
634 3910 677 3972 est
695 3913 860 3983 conficere,
884 3913 1044 3994 perlicere,
1069 3931 1147 3994 quae
1167 3905 1278 3994 paffim
1295 3927 1370 3970 eon·

338 4010 530 4096 iunguntur,
554 4025 593 4074 ut
606 4011 689 4076 nihil
709 4013 847 4100 empliue
867 4011 1076 4091 defideretur3
1105 4012 1180 4078 atie·
1197 4011 1367 4099 rependere

337 4127 478 4196 opernm.
