2828 4966
160 375 214 432 nt
248 375 434 436 eonor.
477 377 612 434 nant.
656 377 734 436 nr.
777 377 810 436 c.
831 377 870 437 11.
913 377 990 450 io
1101 395 1144 460 aa

9 524 12 601 i
46 547 153 610 librom
170 567 314 622 morea,
357 550 550 613 instituta
577 563 613 614 et
635 549 824 638 religionem
846 552 969 638 prolixe
996 551 1144 620 describit

46 650 131 713 snam
148 671 206 716 rr.
229 674 273 738 p.
294 665 408 733 353.
428 651 458 716 t.
481 665 584 732 515·

21 939 22 942 Ἴ
107 846 345 947 Cadusii)
378 855 455 920 Gr.
474 845 680 928 Καδούσιοι,
703 857 929 942 utinunopw
944 847 1144 924 nollemus

49 957 220 1037 inl’olybio
239 969 279 1034 5,
298 967 378 1036 44,
402 976 449 1036 9.
481 972 521 1020 et
547 973 607 1037 79.
633 973 666 1032 7.
691 971 723 1020 et
742 961 776 1020 in
800 961 945 1022 Diodoro
971 977 1003 1031 a,
1028 978 1060 1024 o.
1087 961 1144 1024 eth

50 1073 159 1140 propter
178 1059 394 1139 Polybium
421 1057 579 1142 (antea)
602 1071 773 1140 utrumque
793 1062 925 1142 perinde
948 1061 1044 1122 habet
1065 1063 1143 1126 nn·

48 1155 136 1222 heob.
151 1163 192 1221 acl
210 1161 297 1223 Liv.
317 1173 398 1240 45·
428 1169 504 1240 48,
532 1169 566 1236 5·
614 1158 664 1226 cf.
687 1175 794 1223 tannen
821 1165 918 1222 etiarn
942 1157 1082 1225 Zeunina
1101 1165 1143 1228 ad

49 1261 190 1343 lleooph.
215 1262 365 1344 Cyrop.
396 1273 439 1338 5,
468 1279 505 1332 ε,
537 1273 596 1338 25.
647 1263 752 1346 Regio
785 1259 928 1353 Cndnfio
949 1265 1032 1346 apud
1055 1263 1141 1332 Plio.

52 1363 81 1432 6,
106 1363 205 1440 15.[.
229 1377 295 1440 ι3.
359 1361 560 1424 Tenebant
580 1361 707 1425 Mediae
728 1381 817 1426 oram
833 1363 1034 1426 montuosam
1054 1367 1143 1430 iuxta

54 1484 133 1525 mare
150 1464 343 1548 Caspium
374 1464 558 1526 Patrocles
572 1464 655 1546 apud
669 1464 769 1528 Strab.
787 1483 842 1528 ιι.
865 1486 897 1548 p.
917 1477 1000 1544 350.
1014 1465 1036 1530 Ι.
1054 1479 1140 1546 508.

55 1568 104 1646 qui
126 1566 210 1628 hinc
236 1557 406 1654 ὀρεινοὺς
428 1577 534 1625 vocat
554 1585 609 1628 ιι.
633 1583 665 1645 ρ.
686 1567 769 1640 360.
792 1563 813 1627 l.
835 1577 918 1643 523.
945 1581 981 1628 ut
1002 1569 1042 1631 iio
1062 1559 1140 1634 ἀἶαν

55 1665 216 1752 τρηχεῖαν
241 1668 381 1728 tribuit
405 1663 549 1743 Dionyl.
568 1685 600 1728 v.
619 1679 703 1742 731.
738 1663 789 1729 Cf.
805 1667 964 1732 Plutarch.
982 1671 1016 1730 in
1032 1671 1138 1736 Artax.

58 1787 122 1850 cap.
143 1779 205 1848 24.
246 1771 305 1830 De
323 1766 455 1829 Media
472 1765 628 1827 consentit
645 1766 846 1830 Ptolemaeus
863 1769 896 1838 6.
915 1787 946 1831 ιι.
986 1771 1024 1832 ln
1044 1771 1139 1836 latere

61 1868 191 1932 hierliae
206 1871 248 1930 acl
269 1867 541 1951 septemtrionee
562 1865 714 1930 converso
735 1871 829 1951 ponit
843 1870 959 1948 Polyb.
977 1881 1009 1948 5.
1027 1880 1087 1950 44,
1103 1889 1137 1952 9.

64 1983 97 2030 et
117 1973 306 2055 coniungit
331 1968 525 2037 Matianoo,
556 1969 743 2048 Elymaeos,
773 1973 822 2031 nti
846 1972 959 2033 Liviuo
978 1991 1006 2036 o.
1028 1973 1049 2034 l.
1084 1975 1140 2055 qni

65 2073 163 2131 etiam
184 2093 202 2133 a
226 2071 349 2132 Media
372 2089 455 2129 cum
484 2068 568 2130 Mela
589 2067 715 2150 separat.
760 2071 872 2162 ⁸Prope
894 2073 1059 2134 Albaniam
1083 2093 1140 2156 po·

67 2185 153 2232 nunt
174 2173 264 2234 Plio.
283 2186 323 2234 et
348 2168 542 2248 Dionysruo.
593 2173 694 2234 Trana
710 2172 831 2234 Araxen
854 2173 962 2238 versuo
977 2173 1138 2237 orientem

72 2273 108 2331 ad
131 2261 292 2356 Caipinru
323 2290 421 2332 mare
450 2271 662 2334 conlocandos
693 2286 784 2353 putat
812 2259 951 2354 Bayecuo
973 2277 1007 2336 in
1029 2275 1138 2358 opusc.

73 2392 103 2454 p.
120 2391 185 2453 92.
208 2375 287 2457 (ed.
309 2368 455 2454 Klotz.)
500 2372 614 2434 Laxiuo
634 2373 718 2434 inter
736 2394 821 2436 more
838 2375 985 2458 Caspium
1004 2389 1036 2438 et
1052 2378 1137 2440 Pon·

73 2487 143 2534 mm
165 2475 254 2537 locat
277 2473 474 2553 Stephanae
498 2485 530 2532 et
552 2475 632 2536 male
656 2474 844 2537 Strabonem
869 2478 976 2540 tellern
1000 2479 1134 2564 adlegat.

72 2576 165 2637 Alios
179 2579 215 2637 in
228 2576 408 2660 Sogdiana
424 2573 505 2633 ultra
518 2572 665 2656 Caspium
686 2597 771 2638 more
793 2593 993 2660 agnoverunt
1016 2579 1136 2654 Graeci,

70 2673 183 2758 (Plin.
199 2679 236 2748 6,
262 2689 324 2753 18.
350 2673 371 2736 l.
396 2671 473 2755 16.)
500 2676 554 2755 qni
576 2676 648 2738 aliae
666 2677 761 2737 Gelae
785 2677 855 2738 lunt
876 2681 970 2751 olori,
994 2700 1074 2762 quoe
1092 2694 1136 2744 ta·

70 2797 151 2840 men
184 2799 259 2840 non
303 2775 414 2838 [olum
453 2776 487 2834 in
519 2777 636 2838 eodem
668 2778 740 2840 loco
773 2777 907 2864 seiungit
939 2783 1052 2844 Strabo
1080 2802 1136 2846 ιι.

69 2901 105 2962 p.
128 2891 222 2956 352.
247 2877 386 2956 [510.
420 2873 471 2934 led
493 2889 527 2936 et
548 2878 735 2956 Scythicum
765 2881 924 2964 populum
947 2879 1020 2944 facit
1050 2883 1136 2946 inter

70 2983 221 3043 Albano·
238 2993 277 3042 et
293 2982 479 3040 Amazonas
500 2997 553 3038 ιι.
575 2999 606 3060 p.
626 2989 709 3058 547.
726 2978 747 3042 s.
765 2994 848 3059 503.
873 3002 946 3044 curn
964 2984 1134 3046 Plutarcho

72 3083 107 3142 in
132 3081 311 3164 Pompeio
338 3098 366 3140 c.
392 3089 452 3154 35.
487 3097 586 3160 prope
608 3079 745 3141 Albonoo
768 3097 896 3146 montes
923 3106 977 3145 ιι.
1000 3106 1032 3167 p.
1050 3097 1134 3163 550.
1204 3101 1207 3112 ·

74 3181 96 3244 t
116 3195 210 3262 508.
272 3185 369 3242 litet
389 3179 423 3238 io
442 3178 549 3240 Media
565 3179 656 3242 Gelae
672 3183 818 3262 producit
836 3184 1036 3248 Ptolemaeus
1049 3188 1082 3254 6.
1102 3203 1134 3248 o.

73 3285 237 3366 Denique
258 3281 376 3344 Freret
400 3281 435 3339 in
453 3278 625 3342 Memoiree
646 3282 686 3342 de
707 3281 893 3346 l’academie
918 3317 966 3329 —
993 3287 1032 3348 do
1048 3287 1135 3348 Paria

73 3387 114 3448 Τ,
139 3402 177 3462 7,
204 3405 241 3467 p.
270 3393 351 3461 437
368 3379 411 3462 lq.
465 3379 616 3443 Cadufioo
632 3383 728 3443 etiarn
751 3381 840 3446 holle
862 3388 1029 3448 contendit
1054 3390 1136 3448 intra

72 3490 210 3573 Tegrim
227 3501 266 3546 et
280 3482 473 3564 Euphraten
495 3501 512 3542 a
530 3481 695 3562 Babylone
714 3487 882 3548 meridiem
899 3486 1004 3550 verino
1020 3509 1060 3550 ex
1074 3489 1134 3550 Xo-

72 3591 183 3673 noph.
207 3587 343 3666 Cyrop.
361 3596 397 3660 5,
414 3593 450 3661 lp.
481 3584 536 3664 qni
551 3595 583 3660 5.
610 3602 642 3654 o,
668 3596 725 3662 25.
748 3588 905 3673 populum
929 3589 1134 3654 numerosum

72 3707 107 3752 et
128 3689 261 3752 fortem
284 3687 384 3754 dicit,
410 3697 447 3744 ut
467 3681 538 3746 lune
552 3684 664 3748 Strabo
685 3707 739 3749 ιι.
761 3709 793 3769 p.
811 3691 896 3764 36⁰·
910 3688 930 3754 s,
947 3703 1030 3770 525,
1052 3693 1134 3753 tacu.

70 3793 166 3854 hodi
188 3781 420 3874 peritiffimoa.
459 3787 528 3847 lam
545 3805 623 3866 quoa
639 3785 743 3849 noller
765 3791 990 3874 defignaverit,
1015 3793 1135 3874 qnaeri-

3 3928 5 3941 .
74 3908 142 3956 tur.
192 3893 233 3954 si
250 3892 288 3950 in
302 3887 465 3972 Sogdiana
480 3883 630 3968 poluerit.
653 3887 707 3950 etfi
724 3889 799 3952 inde
816 3891 855 3952 ad
872 3891 1036 3971 Hyrcanos
1053 3895 1134 3954 ordi·

75 4016 118 4056 ne
143 3993 266 4077 potuit
292 3989 466 4073 progredi.
509 3989 606 4051 nimio
630 4008 647 4050 a
674 3987 788 4071 Caspio
813 3992 889 4052 mari
916 4009 1133 4065 removentur,
1160 4053 1162 4056 .

77 4099 172 4159 cuine
189 4094 252 4156 hic
273 4103 414 4154 tractum
430 4085 646 4174 peloquinum
680 4103 749 4152 tum
768 4093 841 4175 quia
860 4093 990 4158 Bactroe
1005 4108 1037 4158 et
1056 4096 1133 4180 sog·
