2852 4946
196 367 251 427 ru
277 365 414 426 rone.
442 367 552 426 nat„
592 367 673 426 er.
713 369 746 429 o.
767 371 847 430 xm
869 373 912 458 ¹a.
935 386 965 448 ς.
1038 387 1104 459 427

63 541 158 608 habet
184 543 280 606 etiam
303 539 405 610 Melea
441 539 497 602 laic
519 555 627 604 eutem
652 543 753 608 multa
777 545 891 618 habet.
926 571 1098 634 quianon

63 645 212 730 leguntur
229 642 313 725 apud
329 641 530 706 Strabonem.
558 661 699 708 voaerve.
754 647 824 710 Hoc
837 652 938 730 potell
953 655 1018 717 lieri
1039 679 1098 741 per

62 767 164 812 ramos
186 758 219 808 et
241 743 333 816 folia.
365 763 446 825 quae
466 757 565 806 vento
583 757 675 808 moto
691 743 791 810 solent
811 751 906 822 edere
920 753 1097 840 llrepitum.

63 849 122 911 Sed
147 860 257 909 auctor
282 845 413 907 videtur
441 843 503 906 hoc
529 836 672 937 resonare
696 869 752 930 par
776 849 937 938 sequentia
963 859 1096 926 votuisse

61 949 213 1018 indicare,
239 959 345 1008 notata
361 947 429 1007 eiua
452 943 550 1008 mula.
600 945 726 1031 Nempe
741 972 796 1032 per
811 953 931 1036 aliquot
946 961 1034 1024 rivoa
1055 977 1097 1028 ex

61 1053 222 1112 cacumine
245 1049 438 1118 defluentem
470 1049 525 1128 qui
546 1045 641 1112 lonua
658 1070 757 1132 quum
774 1053 811 1116 lit
832 1075 918 1118 mere
933 1063 1094 1135 naturalia.

61 1153 131 1214 icleo
147 1151 237 1219 dicit,
263 1140 406 1240 resonare
419 1146 574 1232 quiddam
590 1149 720 1246 agreste,
744 1156 817 1240 quia
832 1161 979 1224 naturalia
993 1162 1095 1246 laplua

61 1252 205 1335 strepitur
220 1249 344 1311 dulcior
359 1248 401 1310 ell
415 1251 506 1310 omni
519 1251 662 1322 artificio.
686 1256 773 1320 uncle
789 1259 919 1320 videtur
933 1263 1093 1332 distinctio

60 1351 133 1414 hinc
155 1351 364 1414 removenda.
417 1348 531 1430 Opaca
546 1347 649 1442 ῥίναι
670 1350 778 1418 sumsit
799 1377 839 1420 ex
862 1361 993 1447 Virgilio
1011 1368 1091 1433 Aen.

60 1470 92 1524 o,
112 1469 200 1532 715.
222 1471 325 1534 opaea
346 1449 494 1516 locorum.
530 1471 554 1516 1.
577 1471 769 1520 oaouovrve
786 1459 864 1524 MS.
913 1466 966 1526 Sic
986 1487 1093 1546 opaea

56 1559 179 1617 viarum
197 1553 307 1637 virgil.
324 1553 403 1616 Aen.
420 1553 454 1622 o,
471 1553 555 1632 633.
577 1567 610 1616 et
627 1553 747 1622 imilla.
785 1562 835 1624 De
851 1581 885 1624 re
905 1565 988 1628 Mela
1009 1569 1093 1635 nihil

57 1658 138 1717 aliucl
163 1656 234 1718 vult
258 1650 407 1723 indicare.
440 1673 532 1734 quam
556 1654 717 1738 llrepitunt
736 1657 850 1734 lerum,
876 1665 1008 1738 vallum.
1034 1672 1092 1752 qui

57 1757 157 1820 lenlue
188 1757 315 1840 mariue
345 1752 451 1827 feriat,
485 1755 573 1838 quod
597 1755 672 1820 lucit
701 1761 944 1849 adaugendam
975 1773 1091 1842 miram

55 1855 162 1941 lpecue
186 1871 342 1920 naturam.

124 2061 164 2124 ri
170 2061 236 2125 vis
243 2059 262 2144 )
314 2059 460 2124 Solinuet
486 2058 559 2122 irinc
575 2059 647 2122 iude
657 2053 808 2153 fontium
823 2063 961 2159 adsiduo
974 2061 1089 2164 scatu-

54 2163 167 2243 rigine,
204 2175 237 2223 et
262 2160 302 2224 cle
328 2160 466 2238 Corycio
495 2175 586 2224 antro
613 2165 646 2224 in
679 2163 820 2228 Phocide
847 2169 1010 2236 Pausanias
1033 2196 1087 2248 ru.

58 2277 109 2342 52.
128 2276 163 2342 5.
189 2255 273 2350 ὕδωρ
288 2255 327 2326 τὸ
350 2257 407 2352 μὲν
427 2257 645 2352 ἀνερχόμενον
662 2260 697 2328 ἐκ
716 2267 845 2354 πηγῶν,
872 2268 970 2338 πλέον
992 2271 1018 2337 δ’
1037 2272 1087 2340 iar

56 2361 114 2428 tal
136 2362 201 2429 τοῦ
223 2359 349 2452 ὀρόφου
366 2357 488 2449 στάζον.
511 2392 561 2409 -
601 2370 739 2428 Amnem
756 2365 836 2432 infra
857 2392 1088 2441 commemorat

54 2465 183 2538 Nuller;
211 2481 244 2527 et
264 2466 304 2526 src
321 2459 429 2548 pallini
446 2465 555 2526 fimilia
576 2481 662 2530 antra
680 2473 892 2549 reperiuntur.
936 2473 1086 2544 Notabile

53 2567 83 2628 in
100 2567 212 2649 primia
229 2565 272 2628 ell
288 2580 412 2628 antrum
430 2567 463 2626 in
478 2567 587 2651 Anglia
603 2587 701 2650 prope
716 2571 945 2638 Callletouium
961 2579 1085 2652 urbem,

53 2671 133 2750 quod
155 2669 257 2752 vulgo
280 2682 410 2728 vocatur
431 2667 555 2730 Deuii's
573 2670 676 2739 Cave.
709 2686 741 2732 et
760 2693 907 2759 ruagnam
927 2699 1000 2740 oum
1022 2681 1085 2744 Co-

53 2773 136 2847 rycio
161 2768 258 2830 habet
283 2768 534 2832 similitudinem.
578 2771 648 2833 vid.
672 2771 792 2834 Buffou
816 2777 951 2862 allgem.
972 2781 1086 2844 Natur-

54 2869 161 2933 Gelch.
181 2871 217 2932 P.
234 2883 266 2947 5.
291 2889 323 2950 p.
341 2873 398 2945 56.
418 2869 521 2932 llerol.
556 2871 675 2934 llloritz
697 2873 789 2936 ilcila
811 2878 846 2938 in
863 2881 987 2963 Engall.
1010 2904 1083 2968 pag.
1182 2881 1202 2954 J

54 2985 119 3050 218
139 2971 202 3052 sqq.
255 2971 331 3033 Duo
354 2970 398 3030 ibi
420 2983 549 3032 manant
564 2973 674 3044 lluvii,
699 2977 887 3059 traditurque
903 2983 984 3061 quali
1009 3003 1084 3044 con·
1216 3055 1219 3061 Ι

51 3089 157 3136 centua
173 3069 321 3134 mulicua.
356 3071 484 3141 Moritz,
500 3073 578 3156 dunt
594 3077 724 3156 propina
739 3077 907 3149 recelleret,
928 3080 957 3144 le
974 3083 1083 3146 vidisse

51 3175 190 3236 adfirmat
213 3173 338 3256 pluviae
362 3173 498 3256 guttulae
521 3173 590 3244 elle,
617 3196 655 3238 ex
682 3175 751 3240 laxo
772 3179 904 3262 ‹leluper
928 3182 1082 3248 labentea.

49 3275 136 3336 idem
154 3273 238 3336 iocre
255 3273 298 3334 eil
313 3289 447 3344 antrum.
467 3275 552 3356 quod
565 3279 600 3336 in
616 3276 777 3340 Britannia
792 3285 918 3346 notavit
931 3283 1084 3350 clemen·

49 3375 134 3441 Alex.
159 3377 201 3440 de
221 3394 286 3457 quo
302 3375 408 3458 paullo
423 3375 503 3459 post.

124 3574 203 3641 Ubi
227 3573 408 3657 adimo)
465 3578 612 3644 sottum:
652 3579 921 3664 minorennium
947 3589 993 3649 acl
1016 3590 1084 3652 ima

49 3679 148 3760 primi
153 3675 266 3770 finus,
291 3677 372 3740 alter
389 3670 497 3769 rursus
508 3673 625 3770 specus
643 3683 807 3760 itenditur.
848 3689 965 3756 Melam
981 3707 1012 3751 et
1029 3693 1083 3755 hio

50 3801 121 3840 cnm
139 3781 294 3842 Strabone
309 3793 469 3863 comparat
484 3783 666 3855 Salmonae,
690 3800 720 3846 et
737 3787 857 3846 malurn
875 3791 1083 3872 interpretem

51 3882 142 3964 egille
174 3882 370 3943 criminatur.
436 3883 548 3945 Strabo
575 3889 662 3946 enim
692 3888 750 3948 ita:
782 3880 877 3950 ”ane
905 3886 938 3952 tt
964 3886 1083 3980 ἄντρον

50 3973 167 4047 αὐτόθι
190 3978 270 4067 ἔχον
297 3975 404 4068 πηγὴν
428 4016 477 4032 -
530 3983 657 4068 Nempe
685 3991 757 4069 quia
785 3987 889 4052 Melae
914 3993 1018 4058 invito
1049 4007 1083 4063 et

49 4085 211 4148 reluctanti
235 4085 400 4148 Strabonis
422 4085 717 4168 interpretationem
741 4088 895 4180 obtrudit.

95 4202 191 4279 Pomp.
207 4202 299 4278 Mala.
321 4203 437 4276 Exaget.
451 4202 529 4262 Li.
763 4191 829 4262 Dtl
