2796 4956
351 428 412 476 era
619 408 780 469 NOTAE
819 411 1122 470 Exssofflcltt

426 580 675 665 Apollonia)
724 582 945 666 Cognominee
967 585 1061 648 arbee
1089 594 1134 663 95
1156 583 1290 648 recenset
1310 586 1366 649 Ste-

352 688 493 772 phanus,
519 684 634 764 quibua
653 699 673 758 7
690 684 778 743 addit
802 683 951 747 Orteliue.
994 685 1138 748 Nostram
1164 699 1197 748 et
1218 686 1269 747 hic
1288 687 1367 768 ponit

354 789 493 852 Ptolem.
510 795 544 863 4.
567 795 602 863 4.
630 785 752 845 Plinius
769 795 801 860 5.
818 797 851 860 5.
869 799 901 848 et
919 787 982 850 alii.
1036 787 1149 849 Strabo
1170 802 1224 854 17·
1247 807 1277 868 P.
1294 799 1364 863 575.

355 889 376 952 i,
395 901 479 968 337.
502 885 598 947 habet
622 881 843 958 Ἀπολλωνιιὶς
869 901 903 948 et
922 885 1110 974 Κυρηναίων
1138 883 1269 951 ἐπίνειον
1296 885 1366 957 iacit,

356 1010 420 1072 quo
435 1003 467 1050 et
483 987 684 1047 Ptolemaeus
700 982 808 1047 referri
824 987 934 1068 potell.
974 989 1181 1068 APhycnnte
1199 1003 1263 1062 170
1282 986 1367 1050 iladiit

358 1091 438 1176 (9ι.
455 1088 502 1148 Μ.
520 1085 580 1170 P.)
602 1099 750 1147 removet
770 1087 897 1158 Strabo,
924 1088 1046 1152 Plinius
1072 1099 1129 1169 94.
1152 1088 1199 1151 M.
1216 1089 1253 1152 P.
1295 1088 1366 1150 Atta·

356 1211 433 1254 rnen
449 1193 530 1248 inter
550 1183 710 1270 πολίχνια
731 1187 873 1266 Cyrenae
891 1191 1087 1251 contermina
1100 1193 1192 1271 ponit
1206 1188 1320 1258 Strabo.
1341 1203 1367 1250 et

357 1291 477 1370 Libyae
502 1287 614 1348 urbem
640 1300 732 1348 vocat
757 1289 951 1370 Steplranue.
993 1291 1079 1350 unde
1104 1291 1284 1371 emporium
1308 1307 1369 1350 eum

356 1385 547 1473 amplill'rmo
570 1401 665 1468 portu
689 1386 777 1449 inille
801 1403 885 1450 recte
909 1389 1026 1451 iudicat
1047 1391 1199 1452 Cellariue
1220 1400 1253 1469 4.
1275 1405 1305 1458 9,
1324 1401 1368 1466 18.

357 1495 406 1558 An
422 1509 499 1552 vero
515 1490 626 1550 eadern
642 1480 762 1577 Soansa
779 1489 860 1550 dicta
877 1487 989 1560 inerit,
1019 1493 1104 1572 quod
1125 1494 1160 1552 in
1178 1490 1281 1551 tabula
1296 1503 1370 1550 notat

358 1593 535 1660 Anviliiue.
560 1590 599 1650 de
614 1608 654 1651 eo
669 1589 814 1650 dubitare
829 1590 904 1650 licet
922 1611 962 1654 ex
978 1593 1126 1653 Hierocle
1148 1593 1245 1662 etiam
1257 1604 1368 1673 paygn.

359 1695 417 1778 qni
438 1692 599 1754 diecemit.
642 1682 692 1751 Cf.
713 1689 758 1750 ibi
780 1691 961 1774 Welleling.
985 1693 1025 1778 de
1048 1694 1197 1762 nomine,
1229 1691 1311 1772 qood
1330 1709 1370 1752 oe

360 1794 458 1858 currit
473 1793 555 1873 epod
571 1789 729 1871 Epiphan.
747 1789 872 1868 Haerel.
894 1807 952 1872 75.
975 1794 1032 1857 96.
1054 1794 1088 1854 in
1104 1792 1281 1874 Pentapoli.
1321 1791 1370 1852 ld·

359 1893 465 1978 poluit
485 1893 580 1954 etiam
602 1890 773 1952 Oberlinue
790 1893 824 1952 in
845 1891 922 1974 orbe
940 1907 1005 1956 ant.
1027 1914 1059 1975 p.
1074 1915 1118 1955 rn.
1136 1895 1221 1956 960.
1243 1911 1312 1953 curn
1326 1891 1373 1952 ho·

360 1997 473 2058 diemo
489 1983 725 2082 Illarzaaeo'asa.
760 1993 873 2072 inquo
893 1991 1143 2055 consentientem
1165 1993 1259 2054 habet
1278 1991 1371 2070 Belley

362 2097 402 2158 de
423 2095 452 2155 ia
474 2093 550 2153 ville
574 2094 613 2152 de
637 2093 763 2172 Cyrene
783 2094 816 2151 in
834 2092 1006 2155 Memnireo
1027 2129 1076 2140 -
1103 2097 1143 2155 de
1166 2096 1252 2155 Paris
1271 2095 1307 2154 T.
1324 2107 1370 2170 57.

359 2218 393 2280 p.
412 2211 495 2274 390.
526 2192 581 2252 nbi
604 2193 644 2254 fic
666 2193 807 2271 Cyrenes
827 2207 957 2274 portum
980 2195 1085 2256 vocari
1107 2197 1262 2256 adfirmat.
1308 2195 1372 2254 Allia

358 2297 403 2358 eli
417 2293 620 2365 Bamaadrea,
642 2306 677 2353 nt
693 2295 832 2356 Ferraria
849 2295 883 2356 in
898 2295 975 2359 Lex.
987 2295 1104 2380 Geogr.
1119 2295 1201 2358 h.·v.
1227 2294 1371 2357 Harduino

357 2399 400 2460 ad
421 2395 573 2458 Plinium.

438 2595 695 2678 Ptolemais)
745 2596 876 2660 Nomen
896 2600 1071 2669 recentius.
1098 2600 1260 2681 antiquina
1278 2598 1370 2662 Barce.

363 2714 400 2761 ut
421 2700 548 2760 tradunt
570 2698 673 2769 multi,
698 2699 809 2760 Strabo
832 2715 885 2774 17.
910 2721 942 2780 p.
962 2713 1044 2777 575.
1063 2699 1083 2760 i.
1103 2713 1189 2778 337.
1216 2699 1372 2780 Stephanae

365 2801 399 2863 h.
419 2821 451 2862 v.
492 2799 617 2861 Plinioe
634 2811 666 2876 5.
685 2811 718 2874 5.
740 2797 855 2880 aliique
878 2803 1027 2881 producti
1050 2822 1066 2861 a
1091 2801 1241 2862 llerkelio
1262 2800 1297 2859 ad
1318 2800 1371 2859 Ste-

364 2901 461 2986 phon.
484 2921 516 2981 p.
534 2917 615 2960 9ιι.
658 2903 695 2961 ln
718 2903 830 2983 poetis.
854 2914 891 2962 ut
911 2901 999 2971 solet,
1022 2904 1191 2982 antiquum
1211 2899 1273 2963 fere
1290 2899 1370 2981 viget.

365 3015 403 3062 nt
424 3002 479 3064 Sil.
503 3001 570 3062 ital.
597 3019 627 3067 9.
651 3003 709 3064 69.
752 3015 784 3080 3.
809 3017 890 3078 95ι.
931 3002 1104 3065 Claudiano
1127 3003 1168 3064 de
1197 3003 1234 3063 B.
1260 3000 1369 3061 Gildon.

364 3103 570 3166 v.160.-b
604 3113 638 3162 et
659 3101 734 3161 hinc
760 3103 894 3162 Barcaei
921 3105 1003 3184 apud
1030 3103 1138 3186 Virgil.
1169 3105 1247 3166 den.
1270 3111 1301 3178 4.
1322 3109 1370 3176 43.

323 3190 326 3196 ¹
364 3205 452 3285 qnod
469 3202 586 3285 gentile
601 3202 705 3262 latiori
722 3199 808 3262 sensu
824 3205 919 3264 etiam
934 3205 973 3264 de
990 3203 1090 3282 Libye
1106 3204 1186 3284 poni
1202 3213 1305 3263 monet
1318 3200 1371 3260 sa·

260 3373 263 3382 Δ
363 3304 498 3387 phonos.
528 3315 692 3364 auctorum
718 3305 871 3384 exemplis
895 3305 1029 3366 minime
1051 3301 1285 3387 refragantibus.
1329 3293 1369 3360 Cf·

365 3405 525 3466 Herodot.
543 3415 577 3480 4,
600 3418 679 3478 ¹7¹·
713 3405 770 3462 obi
795 3405 828 3464 in
852 3404 983 3464 Barcaeo
1003 3406 1095 3486 ponit
1119 3405 1270 3465 Tauchira
1291 3396 1371 3486 (irfi-

365 3524 450 3565 noen
474 3499 597 3586 postea)
627 3503 774 3565 llochart.
797 3506 831 3563 in
854 3505 1003 3566 chanaan
1028 3525 1058 3575 ι,
1084 3517 1140 3582 95.
1156 3503 1181 3567 f.
1222 3506 1316 3566 Ritter
1339 3497 1370 3558 ad

366 3605 500 3666 Guthrie
519 3637 564 3650 -
585 3605 670 3664 Welt
684 3641 695 3653 -
711 3603 821 3666 Gesoh.
844 3607 936 3681 T.¹5.
955 3607 991 3666 P.
1011 3623 1042 3668 9.
1063 3626 1095 3688 p.
1117 3616 1197 3685 ¹84·
1248 3602 1322 3663 Male
1339 3596 1369 3658 ad

366 3706 490 3767 indiam
508 3725 605 3784 oeque
621 3705 699 3766 adeo
714 3705 875 3788 protulille
890 3705 1098 3790 Aognllinnm
1117 3707 1241 3769 notavit
1254 3701 1369 3764 Bochar·

365 3817 427 3869 tue.
465 3805 624 3890 Bapuirm
643 3807 737 3866 etiam
752 3807 899 3867 dicuntur
912 3808 944 3867 in
960 3807 1099 3870 Ptolem.
1115 3819 1148 3886 4.
1164 3817 1198 3885 lp.
1223 3823 1308 3887 quam
1321 3799 1370 3860 ior·

365 3925 451 3967 mam
467 3897 573 3967 omisa
587 3907 774 3986 Stephanus.
807 3907 962 3994 Βαρκαῖοι
983 3899 1077 3991 ὄχοι,
1104 3908 1191 3990 quod
1212 3909 1292 3968 idem
1306 3901 1370 3962 adti-

365 4007 440 4090 gisse
462 4008 604 4076 videtur,
629 4003 739 4087 pallam
759 4022 993 4080 memorantur,
1020 4010 1144 4089 dequo
1167 4009 1233 4091 vid.
1250 4005 1290 4065 ibi
1309 4003 1369 4062 ller-

363 4105 468 4172 ltoliue
483 4119 516 4171 et
531 4105 673 4171 Holsten.
689 4129 721 4192 p.
736 4109 796 4189 65.
830 4109 1021 4176 Conditoree
1042 4110 1129 4174 urbia
1148 4107 1282 4174 Arcelilai
1301 4103 1368 4185 regie
