2892 4950
202 371 556 432 inruperunt„
597 371 679 428 ω.
721 359 867 432 cxvu.
906 369 986 466 μ.
1052 385 1116 454 tte

77 543 185 610 Muuk
202 545 244 608 T.
267 564 296 607 ι.
314 562 346 625 p.
363 557 435 622 299
453 539 494 624 iq.
532 543 606 606 Fuit
628 557 661 607 et
684 543 762 606 aliua
777 544 986 620 Timotheue‚
1011 563 1113 616 aetate

75 648 243 734 posterior,
270 644 347 707 tibia
364 645 483 716 clarus,
509 647 566 728 qui
582 645 703 708 Thebis
720 647 812 710 vixit.

148 811 487 896 Anaximander)
524 811 706 896 Discipulo·
720 815 881 885 Thaletie.
907 837 1005 900 quem
1026 819 1115 882 dein-

76 938 148 1000 cepe
181 917 327 1001 magistro
355 911 544 999 subiungere
575 928 709 998 poterat.
760 921 810 980 De
837 918 906 980 Diie
931 933 963 981 et
989 925 1112 985 mundo

76 1017 249 1102 queesriffe,
284 1027 399 1078 uotum
419 1015 462 1077 eii
485 1035 524 1078 ex
549 1015 705 1080 Cicerone
728 1017 768 1079 de
790 1033 854 1082 nat.
878 1021 973 1082 Deur.
999 1039 1028 1092 t.
1059 1045 1112 1094 to.

75 1120 200 1204 Adtigit
214 1121 310 1178 etiam
329 1115 568 1188 astronomiam,
593 1118 678 1199 quod
703 1119 797 1182 docet
814 1121 973 1186 Plutarch.
989 1123 1029 1185 de
1047 1127 1111 1206 pia·

75 1225 145 1286 citio
168 1217 349 1303 philosoph.
368 1233 400 1286 Ω,
420 1234 478 1280 20.
508 1233 567 1288 nt.
586 1221 643 1297 25.
669 1237 803 1301 eatnqne
819 1222 856 1282 ed
876 1222 1110 1308 Geographiom
1196 1271 1204 1276 -

75 1319 264 1384 tranetuiiss'e
292 1321 430 1383 videtur.
498 1319 582 1380 Eum
613 1321 700 1380 enim
730 1322 870 1402 primum
893 1321 1016 1398 ierunt,
1056 1332 1111 1410 qui

77 1425 163 1486 orbie
178 1435 330 1482 terrarum
344 1421 438 1482 litum
455 1420 488 1480 in
509 1421 611 1482 tabula
632 1423 763 1505 pingere
779 1421 931 1486 sustinuit.
959 1429 1113 1512 (Agathe-

75 1545 155 1586 mer.
177 1541 206 1594 ι,
227 1542 257 1588 ι.
285 1521 398 1584 Strabo
416 1541 444 1586 t.
460 1541 492 1604 p.
510 1534 543 1599 5.
563 1519 584 1584 i.
602 1535 635 1598 7.
661 1537 693 1584 et
710 1523 748 1583 ad
763 1543 838 1585 eum
856 1527 972 1588 Penzel
992 1530 1058 1592 t’ot.
1082 1553 1111 1598 t.

75 1647 106 1710 p.
128 1627 209 1706 36.)
260 1623 339 1684 Eine
358 1624 452 1686 etiam
475 1639 536 1704 ope
560 1623 645 1707 leges
666 1637 795 1685 naturae
818 1639 851 1687 et
871 1643 977 1690 motus
998 1631 1113 1694 intelli·

75 1749 149 1812 gere
165 1739 198 1788 et
214 1725 352 1785 iudicare
369 1724 489 1792 docuit,
511 1725 600 1786 cuiue
615 1723 741 1786 iutuiire
757 1727 941 1810 exemplum
957 1729 996 1791 de
1013 1743 1112 1796 terrae

76 1841 169 1888 motu
192 1821 294 1887 adfert
313 1825 437 1886 Plinius
456 1839 488 1894 o,
511 1836 570 1902 δι.
593 1823 614 1887 s.
633 1835 691 1905 39.
726 1825 781 1886 ubi
806 1829 918 1889 itidem
948 1828 1113 1922 pitpficnm

75 1927 212 1991 solemni
226 1923 309 1988 forte
323 1926 457 1987 nomine
473 1926 617 2006 adpellat-
651 1927 738 1988 Talia
752 1928 839 1988 enim
856 1927 909 1999 ett,
929 1931 984 2010 qui
999 1935 1114 1995 mundi

75 2049 171 2112 opera
205 2021 238 2090 ¹et
269 2027 423 2111 principia
452 2039 582 2088 naturae
612 2025 769 2110 perspicit.
810 2027 859 2090 Cf.
881 2029 1000 2095 Gellius
1025 2063 1051 2105 t,
1076 2055 1112 2114 9.

75 2131 205 2194 Primue
238 2129 324 2190 idem
352 2128 448 2188 etiam
481 2125 570 2189 initio
601 2129 734 2198 dicitur,
775 2131 828 2210 qui
855 2145 963 2192 contra
990 2155 1113 2198 morem

77 2231 191 2294 iaeculi
225 2227 444 2313 philosophiae
471 2229 621 2292 naturalia
647 2243 827 2312 praecepta,
861 2251 939 2312 quae
964 2235 1114 2306 tradebat.

76 2331 195 2416 icripto
219 2329 428 2414 confignavit.
478 2329 540 2391 Sed
560 2329 599 2394 de
617 2330 678 2392 hoc
695 2343 728 2392 et
747 2331 816 2393 aliie
830 2333 974 2413 exposuit
992 2351 1115 2417 praeter

75 2437 263 2518 Diogenem
292 2431 393 2492 Laert.
419 2430 475 2493 lib.
493 2445 526 2494 2.
544 2429 589 2494 in.
615 2449 654 2492 ex
681 2433 911 2494 recentioribus
932 2435 1117 2501 Bruckerue
1196 2439 1200 2445 '

73 2539 106 2598 in
132 2535 262 2596 historia
285 2531 397 2615 philos.
422 2533 462 2594 T.
486 2553 514 2596 t.
540 2551 572 2616 p.
588 2541 662 2612 47ss
680 2531 721 2614 tq.
756 2546 788 2596 et
808 2535 847 2598 T.
867 2535 899 2599 6.
929 2557 960 2619 p.
984 2553 1054 2616 217
1071 2537 1114 2623 iq.

75 2639 208 2717 Carte'ye
229 2653 261 2718 p.
282 2645 323 2714 31
344 2631 406 2715 sqq.
426 2651 452 2696 c.
467 2633 489 2695 i.

150 2799 498 2884 aliorumque)
549 2799 661 2863 Strabo
678 2821 706 2866 c.
727 2802 748 2863 t.
774 2803 861 2864 addit
876 2804 1119 2880 Anaximeuem.

73 2903 308 2971 Anaximandri
325 2901 527 2984 discipulum.
551 2903 746 2964 Hecataeum
762 2903 957 2976 historicum,
978 2920 1010 2967 et
1025 2909 1119 2988 ipsura

74 3023 180 3070 aetate
210 3002 395 3067 Aeschinem
423 3016 599 3074 oratorem,
639 3005 794 3085 Pompeio
827 3005 992 3067 molestum
1025 3021 1057 3068 et
1083 3013 1116 3070 in

76 3111 215 3171 exitium
242 3107 317 3184 ideo
348 3102 485 3168 mitium.
543 3103 733 3168 Strabonem
765 3107 881 3188 repetit
912 3105 1049 3167 Eustath.
1078 3109 1117 3170 ati

75 3205 310 3275 Emmatha,
330 3207 414 3284 647.
432 3207 616 3288 p.m.236.
646 3207 813 3282 Plinium,
832 3219 889 3286 5¹·
907 3205 926 3269 i.
940 3223 998 3286 αι).
1026 3207 1119 3271 Mite·

77 3310 161 3372 hum
178 3310 277 3371 etiem
294 3305 367 3368 facit
386 3303 557 3376 Cadmum.
584 3306 640 3388 qni
657 3308 778 3385 primns
800 3298 927 3398 prosam
944 3309 1118 3370 orationem

75 3410 213 3474 condere
228 3405 386 3499 instituit,·
406 3419 439 3468 et
454 3405 493 3467 stc
507 3425 546 3468 ex
563 3427 602 3468 eo
616 3407 865 3487 repetitSoliuue
879 3427 943 3508 epp.
956 3419 1015 3487 43.
1027 3407 1119 3488 i.4o.

73 3513 165 3578 Alibi
179 3525 287 3572 tamen
304 3509 437 3571 Plinius.
464 3509 518 3592 (7,
536 3519 595 3586 57.
609 3505 629 3570 s.
642 3503 721 3590 56.)
751 3507 928 3587 Pherecydi
946 3509 1069 3574 tribuit.

156 3678 197 3743 H
203 3680 246 3757 ip
253 3697 343 3758 pum
351 3675 370 3756 )
405 3675 478 3738 Vid.
495 3687 564 3738 not.
582 3676 651 3738 crit.
671 3686 785 3757 Μαι)
803 3673 865 3758 sqq.
883 3678 923 3740 de
938 3677 1048 3761 ignota
1063 3679 1121 3740 hac

75 3783 178 3855 urbe,
213 3798 311 3861 quam
335 3777 507 3858 depravato
540 3777 674 3838 nornine
703 3775 891 3838 Heracleam
925 3777 984 3840 effe
1017 3778 1122 3842 censet

76 3886 233 3949 Mannert
256 3901 288 3962 p.
306 3877 475 3941 260.c.l.
520 3879 565 3939 lta
590 3895 667 3938 vero
694 3877 795 3958 prima
820 3890 853 3938 et
881 3879 994 3941 ultima
1031 3880 1122 3942 litera

75 3985 183 4048 salvae
202 3979 370 4044 evaserint.
423 3973 520 4042 Poss'u
541 3979 578 4038 ad
595 3977 753 4059 Pyrrham
771 3979 930 4052 revocari,
955 3999 1034 4061 quae
1051 3999 1123 4064 pre·

73 4091 155 4172 pina
170 4085 257 4150 abed
277 4102 295 4146 ι
316 4080 483 4162 Maeandri
503 4081 603 4144 exitu.
699 4179 767 4242 nh

793 4193 815 4246 Ω
