2852 4946
172 400 382 458 rotome.
411 399 518 456 utut.
561 400 642 456 Li.
685 399 807 457 c.x11.
849 399 928 468 is.
1007 411 1073 476 377

61 572 105 636 lib.
124 585 172 652 18.
193 594 224 657 p.
243 589 301 653 79.
318 573 399 636 Ven.
425 575 481 654 qni
505 585 537 635 et
560 585 704 644 narrant,
738 570 793 634 iub
815 573 986 636 iuiiiniuno
1007 593 1075 656 par·

63 687 116 736 tem
127 678 189 738 eine
202 674 338 736 evulsam
356 675 436 736 etin
452 694 538 738 mare
555 675 709 739 deiectum
719 673 830 754 Botryi
845 674 917 736 urbi
935 687 1074 756 portum.

63 795 113 857 qno
126 789 208 838 antea
221 777 366 845 caruerit,
387 772 499 838 ieciiie.
537 777 652 856 Scylax
666 795 698 857 p.
715 784 775 854 49.
796 773 895 837 Hudi.
915 795 982 837 non
1003 795 1075 858 pro·

63 879 254 948 montorium,
295 875 348 938 sed
381 868 454 963 ὅρος
479 889 589 946 vocat,
623 897 702 957 quae
733 875 822 938 iaciie
853 877 1075 940 conciliantur.

66 979 145 1060 Quod
161 997 234 1042 vero
253 978 396 1040 Orteiine
410 979 444 1040 h.
461 999 493 1042 v.
512 978 691 1040 Phoenices
708 977 820 1039 urbem
838 974 926 1048 iacit.
953 979 1077 1042 idoneit

65 1078 220 1140 destituitur
238 1079 383 1150 testibus,
415 1080 464 1138 uti
487 1080 551 1140 iam
573 1080 705 1142 monuit
725 1078 885 1140 Gonzalez
913 1079 949 1140 ad
981 1081 1078 1140 inter·

63 1181 250 1260 pretationem
268 1179 467 1262 Hispanicam
485 1201 517 1262 p.
536 1183 620 1260 269.
658 1179 685 1242 A
706 1179 937 1242 recentioribus
957 1182 1075 1244 eodem

63 1283 174 1344 nomine
188 1299 403 1344 memoratum
418 1283 491 1364 legi.
525 1281 620 1345 Sbaw
639 1294 746 1342 tamen
765 1283 915 1364 (voyage)
932 1283 1029 1344 Tom.
1045 1303 1075 1348 t.

62 1400 88 1462 p.
104 1397 152 1446 19.
173 1397 264 1446 vocat
280 1383 314 1444 h.
337 1403 399 1462 cop
419 1382 549 1464 Greego.
600 1383 663 1445 Alii
681 1383 780 1454 aliter,
805 1381 845 1445 de
865 1382 980 1465 quibus
995 1383 1077 1447 Peo-

62 1481 141 1546 ulioe
155 1484 192 1546 ad
207 1485 355 1548 Straoou.
371 1483 412 1546 T.
428 1493 463 1564 4.
486 1505 518 1567 p.
539 1483 648 1570 9996.

117 1683 291 1769 Byblos)
325 1686 379 1750 Gr.
395 1675 544 1764 Βύβλος,
571 1687 610 1748 de
627 1705 687 1768 qua
704 1684 851 1770 [criptura
868 1708 925 1770 per
938 1711 973 1774 ty.
999 1707 1076 1750 cum

25 1859 29 1872 ι
61 1784 224 1865 posteriores
249 1813 259 1852 r
278 1784 473 1870 praeierant,
500 1789 564 1848 dixi
581 1788 615 1848 in
630 1790 716 1851 notis
730 1789 855 1850 criticie.
893 1785 1077 1871 Antiquiffi-

62 1903 132 1948 mam
154 1888 330 1952 Phoenices
360 1889 473 1950 urbem
498 1887 596 1958 fuisse,
626 1890 769 1972 adeoque
797 1884 925 1972 Κρόνου
953 1887 1075 1975 κτίσμα

62 1983 191 2060 habitam,
207 1989 314 2053 scribit
331 1991 518 2072 Stephanus,
535 2004 567 2052 et
581 2009 702 2052 nomen
717 2011 734 2052 a
751 1989 863 2070 lipom,
883 1991 987 2052 Mileti
1004 1987 1075 2062 itta,

63 2085 187 2162 deducit,
218 2112 317 2173 qnam
333 2091 466 2172 Byblida
480 2091 531 2152 aiii
546 2105 678 2162 vocant.
712 2103 749 2152 ut
766 2093 876 2152 docuit
899 2093 942 2152 ibi
961 2091 1076 2154 Berke·

62 2184 110 2250 liue
130 2212 160 2274 p.
182 2207 269 2272 947.
302 2206 334 2254 et
356 2193 418 2254 viri
445 2193 534 2254 docti
559 2193 597 2254 ad
624 2193 783 2255 Antonini
810 2192 914 2256 Liber.
943 2193 1076 2256 Metam.

63 2306 115 2371 cap.
129 2307 184 2372 50.
222 2294 294 2359 Alia
309 2287 463 2378 congeffit
478 2293 657 2356 Eustathiue
676 2295 714 2354 ad
732 2291 861 2371 Dionys.
879 2313 910 2356 v.
929 2309 1013 2374 9ι9.
1037 2313 1077 2356 ert

62 2387 200 2474 Stephano
222 2397 321 2457 etiam
343 2407 443 2458 aucta.
495 2393 617 2458 Diserte
634 2397 702 2456 eius
722 2396 942 2476 antiquitatem
957 2395 1078 2478 praedi·

62 2507 164 2556 caverat
183 2495 464 2566 Senchuniathon,
497 2495 573 2558 teste
597 2494 734 2558 Eusebio
764 2498 797 2557 in
822 2517 928 2579 praep.
951 2499 1077 2582 Evcng.

65 2606 87 2662 t,
105 2613 151 2660 to.
191 2598 292 2682 Quod
314 2598 410 2664 tradit
431 2597 560 2660 Malalae
585 2597 618 2658 in
641 2597 811 2682 chronogr.
832 2599 888 2660 lib.
909 2611 942 2676 8.
963 2619 995 2681 p.
1016 2611 1077 2678 89.

62 2687 161 2770 Byblue
188 2700 256 2761 dux
282 2699 363 2760 circa
387 2699 536 2781 Pompeii
566 2711 709 2780 tempora
738 2701 847 2760 vicum
875 2699 961 2760 hunc
986 2713 1077 2761 antee

64 2789 218 2863 Phoenicet
244 2801 454 2869 maritimum,
488 2799 660 2861 moenibus
687 2801 838 2871 cinctum,
864 2801 978 2860 urbem
1004 2820 1020 2860 e
1049 2798 1077 2862 ie

64 2902 273 2979 cognominem
294 2897 381 2966 iecit.
432 2900 524 2964 Priue
537 2921 657 2962 nornen
672 2897 760 2964 fuiffe
779 2898 903 2962 Gabale
919 2899 939 2964 i.
956 2897 1076 2970 Siabla,

64 3005 243 3064 contendunt
263 3003 409 3083 quidam.
434 3003 488 3082 qui
506 3016 725 3064 memorantur
744 3004 777 3063 in
794 3015 869 3064 note
886 3003 923 3062 ad
940 3001 1074 3084 Aligem.

65 3091 270 3166 ttetroefch.
292 3105 333 3166 T.
351 3119 385 3166 9.
407 3123 440 3186 p.
458 3114 542 3180 908.
582 3101 680 3166 Gibiit'
702 3114 871 3166 occurrunt
888 3099 946 3163 toi.
970 3115 1023 3179 13,
1042 3113 1076 3177 5.

63 3191 126 3282 Reg.
142 3215 172 3280 5,
195 3216 251 3282 ιδ.
275 3223 357 3286 quoe
370 3223 429 3285 pro
445 3203 568 3284 Bybliie
585 3216 668 3267 certe
684 3200 913 3266 Alexandrinos
925 3203 1078 3285 interpre-

65 3305 100 3358 ἴω
118 3302 269 3377 habuiiie,
302 3325 341 3368 ex
361 3305 493 3368 iilorum
513 3305 655 3366 versione
673 3305 790 3367 Erech.
806 3320 863 3378 97.
883 3323 916 3382 9.
937 3303 1076 3384 adparet.

64 3393 177 3466 videtur
192 3422 300 3468 tamen
321 3407 429 3489 potiuc
444 3404 546 3468 noiira
561 3405 679 3485 Byblos
695 3407 822 3467 illorum
838 3403 925 3466 fuiffe
942 3405 1077 3476 colonia,

65 3514 168 3568 mutato
182 3507 325 3590 pauidum
341 3507 487 3578 nornine.
512 3508 584 3590 quia
601 3505 725 3570 Gabala
741 3519 773 3568 et
788 3505 907 3590 Byblos
923 3507 957 3567 in
973 3519 1079 3568 aucto·

66 3599 134 3667 ribot
160 3607 252 3670 iimui
276 3609 513 3691 producuntur,
553 3621 589 3670 ut
620 3609 654 3668 in
681 3607 833 3671 Strabone
856 3609 909 3671 16.
937 3627 969 3688 p.
994 3619 1078 3685 518·

67 3695 83 3760 f·
96 3719 169 3787 755.
192 3710 277 3772 conl.
300 3731 332 3792 p.
349 3707 560 3788 520.i.755.
583 3709 790 3787 Ptolemao5‚
812 3731 822 3768 r
834 3722 866 3785 5.
889 3709 1020 3789 aliisque
1037 3709 1075 3770 ad

66 3817 134 3868 mare
149 3813 325 3889 Syriacum,
351 3811 518 3874 interiecto
544 3811 635 3873 brevi
659 3809 767 3892 spatio.
812 3809 958 3872 Occurrit
982 3810 1077 3872 etiam
1123 3830 1129 3844 ·

68 3899 253 3993 Paiaebydlos
266 3913 351 3978 inter
361 3913 485 3994 Lycum
499 3925 533 3976 et
547 3913 729 3976 Adonidem
747 3912 863 3974 flnvioe
878 3900 1005 3992 (Strabo
1016 3930 1044 3974 c.
1055 3911 1076 3974 i.

67 4001 218 4076 iniisset.
233 4015 432 4094 quibusdam,
453 4014 538 4076 Plin.
555 4024 588 4092 5,
609 4027 664 4088 17.
679 4011 700 4077 i.
717 4010 790 4096 90.)
813 4013 847 4072 in
862 4010 995 4073 urbibue
1010 4011 1078 4092 qui·

68 4101 127 4172 dem
141 4115 385 4192 mediterraneo,
401 4115 554 4200 (Ptolem.
570 4133 598 4180 c.
613 4113 650 4198 l.)
672 4133 768 4200 quem
782 4111 879 4180 solam
893 4112 1078 4198 posterioree
