2922 4958
226 389 279 450 m
309 389 446 450 rottr.
476 393 586 450 Mlti„
628 393 665 450 1..
685 395 709 450 1.
752 395 886 462 cxlx.
924 394 1024 467 l·²5·
1089 389 1152 472 655

108 566 198 630 bone
217 582 273 630 tt.
297 585 330 647 p.
349 575 433 646 341.
451 562 472 630 i.
489 575 577 646 495.
614 565 694 646 Capi
717 567 800 632 Plin.
817 569 851 638 6.
869 567 904 632 6.
947 565 999 633 Ol.
1016 569 1153 634 Diodor.

111 683 174 736 ao.
194 675 253 746 24.
277 679 309 728 et
327 667 371 728 ibi
389 665 514 730 Weliel.
534 681 566 742 ct
582 668 718 750 Procop.
733 669 773 730 de
788 669 825 732 B.
841 668 941 732 Goth.
956 681 991 750 4.
1009 682 1042 748 5.
1075 671 1155 734 Pro·

107 768 231 832 miscuo
260 765 425 850 pollcriori
446 771 584 832 marimo
614 783 715 832 aetate
740 770 821 848 Capi
843 783 877 834 ot
900 769 1002 851 Cepos
1030 774 1155 834 dictum

108 868 205 932 luille
223 870 367 942 videtur.
399 890 473 932 curn
494 870 558 932 hoo
580 872 614 934 in
638 871 701 936 tab.
715 872 865 957 Ponting.
881 889 915 951 9.
935 872 973 934 B.
999 886 1154 946 occurrat.

113 971 242 1051 Capyos
258 972 292 1032 in
309 972 426 1056 Geogr.
445 972 592 1037 Ravenn.
608 985 642 1050 5.
667 993 721 1036 to.
757 973 886 1036 Nomen
905 973 984 1036 illud
999 973 1073 1036 urba
1089 975 1154 1038 line

110 1072 214 1134 dubio
240 1087 328 1134 nacta
355 1072 397 1134 cll
423 1092 440 1134 a
468 1073 530 1134 loci
556 1077 759 1136 amoenitate.
811 1072 1006 1137 Conditorea
1035 1073 1155 1138 faciunt

111 1175 271 1249 Scytunus
294 1188 327 1236 et
347 1175 476 1235 Plinina
505 1175 658 1244 Milesroa.
691 1195 771 1258 quoa
793 1175 927 1237 omnino
953 1175 990 1237 ad
1010 1175 1154 1238 Pontum

112 1276 223 1356 pluteo
241 1275 335 1337 urbea
351 1273 490 1336 fundallc
507 1277 559 1337 vel
576 1274 781 1356 frequentalle
799 1276 928 1340 constat.
968 1275 1015 1339 Ad
1034 1276 1155 1340 insulae

114 1373 285 1457 superioria
301 1376 447 1438 finillram
462 1391 584 1458 partem
599 1375 820 1449 locatStrabot
838 1378 871 1438 in
888 1377 949 1460 ipla
964 1376 1062 1440 insula
1078 1398 1155 1440 cum
1234 1418 1243 1428 ,

116 1475 233 1539 Nollro
255 1497 437 1558 anonymus
460 1477 513 1538 illc
530 1497 558 1540 c.
580 1478 602 1539 l.
626 1497 725 1560 prope
748 1476 944 1541 Cherlouont
966 1479 1155 1562 Procopius.

114 1578 154 1639 ad
172 1575 349 1661 Bosporum
365 1580 607 1660 Harpocration.
658 1579 704 1640 Ad
726 1579 888 1641 Maeandri
911 1579 986 1642 ostia
1007 1575 1107 1654 τόπος
1126 1579 1157 1646 ol

113 1679 224 1754 titan
243 1675 334 1744 noro*
356 1672 415 1766 ripa
430 1675 592 1776 rropot'llrov
607 1694 802 1744 memoratur
817 1700 835 1744 a
850 1680 999 1750 Cedraoo
1018 1703 1050 1766 p.
1066 1693 1153 1763 444.

115 1780 199 1842 Vcn.

193 1882 469 1963 Phanagoria
475 1881 494 1965 )
544 1884 582 1945 ln
601 1881 656 1946 Gr.
674 1882 774 1944 modo
800 1903 857 1966 per
882 1907 926 1956 ar.
958 1883 1013 1947 etii
1039 1897 1158 1969 negant

117 1979 233 2046 Cellar.
259 1985 292 2044 in
316 1983 434 2068 Geogr.
459 1997 523 2046 ant.
543 1997 576 2062 3.
598 2001 631 2064 9.
648 1993 683 2062 4.
716 1997 748 2044 et
772 1983 968 2048 Wcrnadori.
984 1985 1023 2048 ad
1039 1987 1155 2050 Arion.

116 2103 152 2146 v.
164 2097 248 2164 755.
264 2084 364 2147 ruodo
380 2104 436 2166 per
452 2108 461 2146 t
475 2084 613 2147 effertur.
640 2083 731 2146 Prius
745 2085 839 2148 cxliat
852 2089 886 2148 in
896 2088 1025 2166 Scymni
1042 2085 1154 2171 fragm.

117 2203 154 2247 v.
181 2199 261 2261 152.
283 2185 428 2266 (dequo
451 2183 491 2248 cl.
522 2187 671 2268 deinceps
685 2207 739 2247 ,εκ
763 2193 948 2269 anonymo)
981 2189 1156 2270 Stephano.

116 2285 254 2352 Arriano
270 2306 319 2368 ap.
334 2287 474 2349 Enllath.
490 2287 530 2349 ad
546 2285 679 2367 Dionys.
699 2308 731 2347 v.
749 2289 834 2366 306.
849 2301 882 2352 et
895 2301 979 2368 549.
1004 2289 1158 2371 polleriut

117 2389 220 2472 magia
234 2387 364 2468 quidem
382 2385 608 2470 frequentatur.
636 2386 688 2452 Cf.
702 2389 814 2452 Strabo
831 2410 842 2449 ι
856 2411 885 2453 r.
901 2411 932 2473 p.
945 2401 1027 2470 341.
1039 2387 1059 2452 l.
1071 2400 1158 2474 494.

119 2503 155 2552 et
176 2489 385 2571 epitomator.
417 2491 618 2553 Ptolemaeus
634 2503 668 2567 5.
690 2507 724 2570 9.
759 2491 926 2576 Agathetn.
946 2508 978 2560 Ω.
1002 2501 1056 2570 ι4.
1084 2511 1158 2554 ano·

119 2611 237 2669 nymua
253 2593 286 2650 iu
309 2590 431 2672 periplo
450 2592 546 2653 Ponti
568 2613 599 2674 p.
619 2609 652 2654 o.
671 2589 769 2654 Hudl.
795 2627 844 2640 --
881 2593 1091 2656 Luculentiua
1107 2593 1160 2654 alii

120 2691 255 2752 variant.
296 2694 343 2753 lta
362 2691 494 2772 Diouyl.
511 2714 544 2756 v.
562 2705 646 2772 552.
672 2687 876 2780 Φαιναγόρη,
902 2695 986 2776 quod
1010 2706 1161 2777 repetunt

121 2790 358 2875 Metaphralleo.
386 2792 532 2857 Priscian.
549 2816 582 2858 v.
600 2797 684 2874 565.
713 2796 825 2858 livien.
842 2817 874 2858 r.
887 2809 971 2874 753.
995 2811 1026 2858 ot
1044 2814 1159 2876 proco

121 2891 303 2956 Eustathiua
328 2889 530 2982 Φαιναγόρα.
583 2895 650 2978 lpse
672 2895 852 2978 stephanus
872 2915 983 2977 parum
1008 2895 1063 2954 fibi
1085 2915 1160 2957 con·

121 2993 204 3057 tiana
220 2993 240 3056 l.
257 3017 290 3058 v.
315 2991 461 3082 Tooptuiy
484 2995 588 3058 ltribit
609 2990 809 3082 titovoyo'por5
842 2996 1000 3058 Ammian.
1018 2995 1158 3058 Marcell.

125 3112 186 3165 22.
205 3109 237 3174 8.
260 3097 491 3178 Phanagorou
516 3100 689 3180 Procopius
711 3091 932 3181 Φανοὶγουριςς
959 3097 1070 3176 Scylax
1088 3093 1159 3182 pag.

127 3211 187 3278 51.
205 3196 304 3260 liudi.
331 3193 526 3285 Φαναγὸρου
549 3193 661 3270 πόλις,
686 3219 780 3280 quam
804 3215 908 3260 tamen
932 3198 1160 3283 aPhanagotia

124 3298 290 3384 distinguit
310 3319 489 3378 anonymus
509 3296 545 3360 iu
568 3301 689 3382 periplo
705 3320 732 3362 c.
754 3301 773 3362 l.
809 3318 926 3380 nempe
952 3301 1024 3380 quia
1054 3299 1162 3364 iudico

125 3395 236 3462 Voffio
252 3401 384 3462 alterum
400 3404 440 3462 de
455 3399 553 3462 insula
569 3403 669 3471 valet.
696 3401 751 3463 etsi
767 3402 800 3460 in
815 3419 855 3462 eo
870 3401 922 3462 alii
939 3401 1071 3462 minime
1088 3420 1163 3462 con·

126 3497 281 3566 lantiunt.
331 3501 442 3562 Strabo
468 3504 554 3564 enim
577 3523 603 3566 c.
625 3505 646 3566 l.
673 3503 776 3584 paullo
803 3501 871 3584 poll
896 3517 1065 3583 utrumque
1092 3521 1163 3584 pro·
1202 3529 1205 3536 ¹

125 3600 247 3664 miscuo
264 3601 302 3662 stc
318 3603 382 3663 dici
403 3601 522 3672 scribit.
547 3617 578 3664 et
599 3605 791 3686 epitoruator
807 3602 906 3664 lerrat
922 3599 1113 3688 Φαναγορία
1129 3605 1162 3665 in

127 3718 265 3784 utroque
286 3703 367 3765 loco.
418 3705 484 3787 Qui
505 3705 668 3767 Strabonis
692 3706 782 3765 illurn
805 3707 912 3768 locum
934 3705 1056 3788 adlegat
1078 3703 1164 3766 Con·

127 3803 254 3867 llautiu.
271 3803 469 3888 Porphyrog.
492 3805 532 3866 rio
554 3805 654 3868 thorn.
672 3823 704 3868 o.
727 3807 780 3868 fin.
807 3806 882 3868 inda
903 3803 999 3866 refert
1014 3799 1166 3890 Φαναγὸ·

126 3927 224 3993 patna.
262 3905 440 3987 Stephanus
457 3901 664 3990 Φαναγόρεω
680 3909 720 3968 ria
735 3905 813 3968 urbe
829 3919 862 3968 et
877 3904 974 3968 infula
990 3906 1098 3986 ponit.
1125 3907 1166 3969 do

128 4007 191 4070 ltac
212 4010 307 4069 etiarn
328 4001 515 4096 Φαναγὸρη.
573 4007 709 4070 lnsulam
729 4022 837 4068 autern
860 4007 955 4070 etiam
977 4007 1100 4078 vocari.
1126 4007 1167 4070 ad

129 4110 396 4172 Corocondruuen
414 4110 577 4172 monitum
594 4109 647 4174 eit.
689 4111 733 4172 Ut
751 4107 852 4178 Mela.
878 4107 964 4170 sicel
978 4107 1063 4172 Plin.
1081 4109 1115 4180 6.
1132 4109 1166 4174 6.

129 4210 253 4276 Auctor
274 4211 362 4274 urbia
378 4207 443 4334 lacl
455 4211 654 4276 Eollathium
669 4212 708 4276 ad
727 4207 904 4290 Dionylc.
924 4211 945 4276 l.
967 4206 1032 4276 fuit
1048 4211 1169 4276 Plana
