2852 4946
182 433 232 492 IN
260 431 398 492 POMP.
428 431 535 488 Mer,
577 429 658 486 Ll.
702 427 822 486 oxu.
865 427 943 498 55.
1021 437 1082 502 38²

71 625 142 694 pur,
174 603 229 669 sec.
250 603 443 666 Strabonem
460 621 486 664 c.
502 603 525 664 l.
547 593 642 672 πόλις
664 596 792 686 ἀρχαία
814 597 969 666 Φοινίκων
991 621 1086 664 κατε·

74 703 233 792 canopica),
266 708 356 768 cuiue
382 723 493 790 agnam
523 701 603 764 ioue
628 701 763 764 divisisse
787 704 870 763 iuter
897 699 926 763 se
951 701 1086 766 Aradios

73 806 154 868 addit.
192 811 241 870 De
262 808 425 886 utrimque
447 805 561 887 po'puli
585 802 695 864 lirihne
717 804 807 887 plura
829 822 1086 865 commemoran-

73 917 114 965 tur
127 909 203 989 apud
218 909 389 986 Polybium
407 919 440 984 5,
457 909 515 984 63.
541 905 723 966 Diodorum
740 906 802 968 stc.
824 907 856 964 in
874 905 1029 986 excerptio
1044 905 1086 967 de

73 1007 165 1072 virtut.
179 1012 274 1071 Tum.
291 1025 325 1072 2.
343 1031 376 1092 p.
397 1019 481 1087 593.
505 1019 536 1068 et
557 1008 591 1066 iu
610 1005 763 1089 legation.
780 1027 849 1088 cap.
867 1023 926 1086 29.
948 1025 981 1088 p.
999 1007 1084 1083 628.

72 1107 112 1170 ed.
125 1110 242 1174 Welsel.
276 1111 361 1172 Hinc
375 1127 452 1170 vero
469 1107 623 1170 Cellariue
637 1109 669 1167 iu
686 1107 802 1192 Geogr.
817 1121 883 1170 ant.
901 1122 933 1186 5,
953 1124 1009 1178 ro.
1024 1119 1085 1188 47.

73 1207 178 1270 causam
194 1213 346 1293 explicat,
370 1231 425 1272 cur
446 1229 549 1291 neque
566 1209 598 1268 in
615 1209 757 1279 notitiis,
784 1231 888 1290 neque
907 1211 940 1270 in
957 1211 1086 1272 itinera·

72 1309 115 1372 riie
132 1312 334 1375 recenseatur.
386 1311 494 1372 Habet
515 1325 624 1372 tamen
649 1309 767 1394 Geogr.
794 1311 943 1374 llaveun.
967 1328 1001 1380 α.
1029 1313 1086 1374 16.

71 1425 102 1469 er
129 1433 189 1493 quo
222 1413 394 1475 instaurata
418 1415 578 1474 videatur.
638 1411 822 1473 Obiecrum'
843 1409 931 1474 fuisse
965 1411 1087 1475 insulae

72 1510 160 1577 Arado
175 1517 361 1596 praedicant
377 1532 499 1582 omnen.
524 1515 578 1594 qui
601 1513 724 1574 deeius
741 1514 797 1573 litu
816 1515 1000 1595 loquuntur,
1027 1511 1091 1574 sre·'
1210 1535 1212 1538 ·

71 1624 152 1694 toque
173 1627 193 1693 8
211 1617 382 1678 stadiorum
398 1617 565 1676 interiecto
582 1615 705 1674 dirimit
725 1615 857 1676 llioclor.
877 1615 910 1676 in
930 1617 1086 1697 excerptis

70 1713 103 1775 de
122 1717 227 1778 virtut.
246 1737 273 1780 c.
291 1718 313 1780 l.
364 1717 406 1778 At
424 1737 490 1778 non
517 1734 628 1778 omues
651 1715 685 1775 in
711 1715 874 1778 Phoenice
895 1719 1084 1791 conlocatum

72 1833 171 1898 nempe
189 1818 394 1880 Ptolemaeus
409 1829 442 1894 5,
464 1829 519 1894 15.
539 1819 573 1877 in
598 1811 785 1888 Call'rotide.
819 1836 916 1899 aquo
935 1837 1001 1880 non
1025 1818 1092 1879 die-1

70 1932 160 1998 crepat
180 1920 316 1981 omnino
336 1919 449 1980 Strabo
466 1939 493 1982 c.
509 1919 530 1980 l.
565 1920 620 2000 qui
641 1917 773 1978 urbibus
795 1919 869 1979 inde
893 1919 1086 1980 aLaotlicea

71 2018 160 2082 vultu
173 2021 361 2084 Phoenicen
381 2021 445 2082 sirie
461 2021 667 2092 adnumerum
698 2019 880 2082 Eusluthiue
897 2020 937 2080 ad
952 2019 1085 2098 Dionys.

70 2131 186 2200 upra.
211 2123 295 2184 circa
314 2121 517 2194 Phoenicem
558 2122 591 2182 in
613 2119 678 2202 ipsa
699 2121 860 2182 Phoenice
884 2141 958 2182 curn
979 2121 1086 2184 nostro

70 2215 424 2304 Pliniue5‚17.s.2o.
459 2223 545 2304 quod
570 2220 647 2284 sacit
675 2224 837 2304 utriusque
864 2237 965 2284 terrae
991 2223 1088 2284 confi·

69 2320 156 2386 nium.
207 2324 291 2385 lude
313 2325 346 2384 in
364 2324 561 2385 Phoenicem
585 2323 773 2386 descendisse
796 2311 1012 2386 Alexandrum
1038 2323 1086 2386 M.
1136 2361 1142 2374 ·

72 2418 196 2486 reserum
213 2426 381 2488 Arriansc.
398 2426 420 2488 1.
445 2439 477 2486 et
493 2425 624 2488 Curtius
641 2435 675 2505 4,
696 2445 724 2494 r.
746 2437 799 2504 15.
852 2427 890 2486 ln
908 2427 1087 2488 Acarnania

72 2531 164 2585 temen
186 2546 261 2586 cum
283 2525 446 2607 Stephano
460 2527 493 2586 h.
507 2546 540 2588 v.
569 2539 601 2588 et
618 2527 783 2588 Eustachio
804 2545 830 2588 c.
851 2527 872 2588 l.
895 2547 993 2590 nemo
1014 2547 1088 2588 eam

70 2625 223 2700 quaesivit,
253 2627 340 2687 unde
358 2629 455 2688 etiam
476 2629 538 2688 luc.
557 2627 702 2690 Gronov.
728 2629 766 2688 ad
790 2628 903 2708 Polyb.
922 2638 955 2710 4,
974 2647 1008 2707 9.
1034 2631 1087 2690 ad·

71 2717 208 2790 sentiente
225 2727 527 2812 Schweighaeusero
546 2729 585 2788 ad
607 2728 721 2808 Polyb.
739 2741 771 2806 5,
789 2731 847 2806 63.
871 2741 908 2789 ut
924 2747 999 2792 anre
1014 2731 1088 2790 Ber·

71 2819 145 2888 laelio
164 2831 204 2890 ad
229 2829 342 2910 Steph.
368 2851 401 2912 p.
418 2841 500 2906 535.
524 2849 593 2890 non
612 2845 731 2892 temere
755 2831 908 2892 emendat
930 2827 1088 2918 Ἀραδίας,

71 2935 97 2982 et
109 2928 216 2992 Strabo
236 2928 373 2994 sustinet.
408 2931 508 3013 Quod
526 2931 611 2992 llslela
627 2929 730 2992 urbem
745 2952 807 2992 nou
824 2923 986 3022 obscuram
1002 2931 1089 3003 dicit,

70 3043 100 3086 ex
118 3027 269 3112 superiori
291 3032 363 3093 loco
379 3033 503 3094 Arriani
519 3031 686 3113 probatur,
713 3033 785 3102 etii,
812 3053 885 3094 cum
906 3033 975 3114 poll
995 3034 1090 3094 deva·

70 3123 164 3190 statam
180 3133 242 3194 else
260 3130 364 3193 scribit
379 3133 510 3202 Strabo,
535 3135 641 3195 minue
659 3134 840 3215 obportnue
860 3134 945 3194 Mela
962 3133 1002 3194 sic
1019 3153 1090 3216 pro·

71 3227 156 3294 ducit.
191 3233 415 3295 Marathunta
428 3237 564 3296 eandem
580 3235 709 3296 videtur
725 3237 762 3294 ad
767 3237 883 3318 pellere
897 3210 1019 3297 Plinius
1036 3253 1088 3307 111,

71 3331 233 3412 55.[.95.
270 3336 345 3416 qula
365 3337 531 3420 coniungit
553 3339 587 3397 in
606 3337 665 3397 firu
684 3336 888 3406 Phoenicen,
915 3336 1035 3398 Gabala
1057 3353 1091 3400 et
1163 3415 1166 3420 ι

68 3427 193 3497 catum.
223 3427 387 3518 Μανᾶφις
401 3438 514 3498 eadem
529 3439 657 3499 videtur
670 3435 729 3498 elle
740 3438 862 3498 Orrelio
874 3439 907 3498 in
922 3436 998 3500 th'es.
1013 3438 1045 3500 h.
1056 3459 1090 3502 v.

72 3535 142 3611 apud
164 3537 307 3600 Tzetzen
331 3537 415 3600 Chil.
436 3554 491 3608 ro,
515 3547 575 3617 45.
604 3529 687 3600 inter
711 3539 870 3599 Libanum
893 3552 927 3600 et
946 3539 1088 3603 cadum.

70 3627 143 3695 Tum
172 3637 376 3700 Antaradum
403 3641 614 3722 cognomine,
656 3659 694 3701 ex
717 3640 775 3700 satu
801 3653 911 3701 contra
936 3641 1088 3711 Aradum.

71 3729 175 3798 dictam
190 3737 297 3810 luisse,
323 3741 490 3800 contendit
507 3741 692 3803 Harduinue
709 3743 748 3801 ad
763 3742 845 3802 Plin.
864 3754 896 3818 5,
920 3758 972 3816 ¹7·
992 3739 1011 3802 s.
1031 3760 1089 3806 on.

71 3839 155 3910 qnod,
175 3842 231 3921 qui
250 3840 422 3902 Marathon
439 3856 704 3912 commemorent,
727 3843 880 3904 omittant
894 3843 1089 3916 Antaradon‚

71 3945 98 3992 et
113 3955 236 4009 contra.
263 3954 388 4024 praeter
404 3943 628 4005 Ptolemaeum
646 3954 679 4020 5,
704 3955 759 4021 ¹5·
792 3945 848 4024 qui
869 3957 977 4004 tamen
999 3944 1037 4004 fic
1057 3959 1091 4005 et

72 4033 122 4097 illa
135 4042 325 4114 consumat,
351 4058 387 4106 ut
404 4043 560 4125 Clupeam
575 4057 608 4104 et
622 4041 750 4125 Aspida.
804 4043 924 4126 Quodsi
940 4043 997 4114 ess,
1022 4045 1091 4126 poll

70 4143 190 4208 excitata
207 4160 241 4210 et
255 4146 342 4208 dieta
358 4143 402 4208 ell
419 4137 564 4238 Tonosa,
588 4146 637 4208 uti
653 4142 749 4208 resert
761 4145 953 4210 Wilhelruoe
969 4147 1087 4227 Tyrius
