2796 4956
262 345 324 421 ¹98
531 337 693 397 noran
734 333 1036 394 nxaonrrcna

264 509 372 576 verbio
388 506 474 574 Caes.
492 501 534 572 de'
545 513 581 573 B.
600 512 639 574 G.
661 533 688 581 r,
707 511 766 590 36.
781 507 816 601 fi
833 511 866 572 t'n
882 529 917 572 eo
932 520 1101 580 manerent.
1124 503 1212 592 qnod
1225 526 1298 569 eon·

263 604 405 702 veniffet.
457 613 616 694 Frequens
639 627 746 674 antem
767 612 809 673 est
826 611 919 674 huius
938 611 1028 673 verbi
1044 609 1117 672 usus
1134 611 1168 670 in
1188 621 1299 670 aneto·

264 715 353 777 ribne
375 713 476 781 bonis.
495 715 595 776 veluti
607 735 732 786 manere
748 705 1031 803 prontt'ſj'n.dict1'.r‚
1054 713 1088 772 t'n
1106 709 1297 778 conditione.

263 817 429 898 pactione,
446 812 518 906 fide
540 847 589 860 -
614 829 647 876 et
670 815 708 875 lic
729 813 808 874 insta
834 830 866 882 2,
895 834 925 885 r,
954 831 1006 876 12.
1030 803 1180 901 mansuro
1197 808 1299 901 fides.

264 917 330 978 vid
355 917 499 978 Gronov.
515 918 552 977 ad
566 918 657 978 Statii
672 916 777 976 Tlreb.
795 916 828 984 6.
846 916 929 994 631.
959 913 1083 976 Duker.
1101 915 1139 974 ad
1158 912 1242 974 Flor.
1259 921 1298 989 4.

268 1035 299 1084 2.
329 1031 382 1092 17.
402 1017 562 1100 Gronov.
577 1019 613 1076 ad
634 1019 703 1077 Liv.
723 1029 778 1094 23.
797 1031 829 1090 7.
853 1036 881 1078 r.
915 1015 1077 1078 Drakenb.
1094 1014 1132 1074 ad
1153 1013 1300 1082 eundem

268 1135 325 1188 or,
343 1129 399 1194 55.
416 1127 448 1199 4.
473 1121 637 1180 Staveren.
652 1117 689 1179 ad
702 1117 818 1200 Nepot.
830 1115 940 1198 Agesil.
960 1135 989 1184 ε.
1005 1127 1038 1198 4.
1073 1117 1119 1176 lta
1135 1127 1168 1174 et
1183 1113 1301 1174 Graeci

263 1214 404 1306 ἐμμένειν
426 1217 583 1300 usurpant.
637 1219 761 1280 Dicitur
780 1231 887 1278 antem
909 1217 1102 1300 provulgari
1122 1212 1300 1307 praestare,

254 1311 402 1410 servare,
428 1321 515 1402 quod
539 1321 705 1405 coniungit
725 1319 833 1404 Virgil.
852 1319 932 1382 Aen.
950 1334 983 1392 Ω,
1004 1319 1085 1382 160.

339 1519 385 1582 de
409 1521 599 1604 integro)
649 1523 727 1585 Loci
744 1519 881 1590 sensnm,
908 1521 1077 1604 diligenter
1091 1539 1108 1580 a
1121 1515 1299 1580 Perizonio

262 1623 464 1702 expeditum,
502 1623 623 1684 dabunt
648 1637 743 1685 notae
769 1617 905 1684 criticae.
968 1621 1109 1702 Nempe.
1141 1617 1302 1679 adhibitio

260 1723 395 1784 Sallustii
412 1723 492 1784 etin
509 1725 621 1806 primis
639 1725 753 1786 Valerii
775 1721 1022 1792 narrationibus,
1048 1723 1090 1782 ita
1112 1738 1162 1781 ree
1180 1719 1300 1780 habet:

260 1822 416 1894 Philaeni.
441 1824 492 1886 vel
509 1846 593 1894 vere.
620 1827 672 1888 vel
688 1845 726 1888 ex
742 1825 964 1886 criminatione
980 1821 1209 1902 Cyrenensium
1230 1839 1301 1880 ma-

260 1925 364 1986 turine
385 1925 481 1986 domo
506 1921 633 2012 egressi,
665 1929 699 1988 in
726 1925 852 2009 longine
878 1925 1030 1986 terminos
1053 1933 1300 2004 promoverant.

187 2084 189 2088 .
259 2025 312 2086 Ne
332 2040 436 2087 tamen
459 2047 518 2108 pax
540 2027 795 2096 conturbaretur,
821 2027 862 2086 ita
882 2021 1077 2104 Cyrenenses
1099 2043 1173 2084 enm
1194 2023 1301 2082 finem

259 2139 363 2186 ratum
376 2125 452 2188 -sore
474 2129 638 2198 dixerunt,
664 2129 685 2189 sr
703 2127 844 2189 Philaeni
870 2127 964 2188 vivos
986 2123 1015 2186 se
1036 2126 1083 2184 ibi
1104 2123 1197 2184 obrui
1216 2117 1300 2203 paffi

259 2227 367 2288 essent.
422 2229 464 2287 Hi
487 2229 568 2308 pacti
587 2231 625 2290 de
649 2230 790 2313 integro,
821 2239 945 2308 accepta
968 2225 1172 2295 conditione,
1197 2225 1301 2283 vivos

259 2325 291 2388 se
308 2327 399 2388 obrui
418 2323 494 2410 paffi
512 2327 599 2399 sunt,
626 2349 665 2392 eo
690 2329 839 2396 consrlio.
868 2342 921 2399 ut,
949 2327 1103 2408 quidquid
1125 2327 1199 2386 citra
1218 2323 1302 2384 esset

260 2425 367 2489 versus
393 2429 634 2512 Carthaginem,
667 2445 699 2491 et
727 2441 883 2490 maturato
913 2427 1001 2490 cursu
1029 2439 1301 2509 praeoccupatum

261 2527 351 2598 esset,
378 2529 586 2610 popularibus
606 2530 741 2592 eederet.
793 2531 817 2590 F
820 2531 942 2590 ormuln
963 2529 1117 2610 pactionis
1135 2529 1228 2587 tacite
1246 2525 1301 2586 in·

261 2627 342 2690 clusa
364 2629 441 2691 latet
461 2630 494 2690 in
512 2631 634 2693 uerbis:
660 2631 712 2692 ln'c
727 2619 766 2722 se
784 2631 877 2691 vivos
896 2629 986 2692 obrui
1007 2629 1214 2712 pertulerunt.

335 2827 476 2912 obtul)
526 2833 603 2915 Quo
634 2835 733 2894 verbo
758 2847 790 2894 et
810 2833 862 2894 hic
884 2834 984 2893 ntitnr
1005 2829 1126 2894 Sallust.
1151 2848 1178 2891 c.
1199 2829 1222 2891 l.
1250 2827 1300 2890 est

252 2922 390 3024 sepeliri.
424 2931 496 2996 vid.
511 2933 671 2994 Munclrer
687 2936 725 2996 ad
739 2935 857 3017 Hygin.
875 2950 915 3009 17
926 2955 953 2995 t.
964 2929 985 2995 s.
1013 2933 1113 2992 Valer.
1128 2929 1212 2991 Max.
1227 2948 1256 2990 c.
1270 2929 1297 2992 l.

261 3045 345 3094 terra
360 3033 525 3113 operienda
542 3036 591 3095 hir
605 3036 804 3096 tradiderunt
817 3055 960 3114 eorpmo.
986 3034 1041 3096 Sil.
1052 3032 1121 3094 ltal.
1135 3044 1188 3106 15,
1205 3038 1299 3111 704.

261 3134 318 3194 ste:
344 3125 494 3222 poffiffor
508 3139 653 3206 harenae,
681 3135 755 3231 Qua
769 3133 878 3196 celebre
894 3135 1009 3196 invicti
1031 3153 1141 3194 nomen
1162 3120 1296 3220 posuere

262 3235 419 3297 Philaeni.
479 3235 605 3298 Pollero
629 3250 773 3318 tempore
805 3235 976 3317 Euphratae
1003 3235 1095 3295 turris
1124 3234 1295 3312 utriusque

261 3348 361 3398 terrae
376 3337 467 3398 limes
485 3332 633 3407 successit,
656 3353 784 3400 anctore
801 3337 996 3404 Ptolemaeo,
1019 3348 1055 3394 nt
1068 3331 1163 3395 refert
1178 3332 1294 3394 Strabo

252 3451 320 3522 Ι17.
342 3457 374 3517 p.
392 3457 434 3497 nt.
454 3451 537 3514 575.
555 3436 576 3500 s.
594 3439 677 3518 836.
730 3439 880 3502 Ceterum
904 3436 1090 3498 narrationis
1110 3430 1179 3495 eiua
1195 3432 1295 3494 fidem

259 3556 362 3618 nuper
384 3537 538 3600 arlllruere
565 3541 700 3600 tentavit
727 3541 813 3602 linos
836 3541 869 3598 in
902 3537 1083 3620 prolusione
1109 3531 1295 3603 scholastica,

261 3657 339 3717 quae
354 3640 486 3720 repetita
505 3639 546 3700 est
568 3641 600 3700 in
618 3643 658 3700 ei.
676 3641 774 3702 libro:
802 3638 970 3700 Probleme
984 3657 1040 3698 ane
1056 3638 1111 3697 der
1125 3635 1208 3696 alten
1224 3632 1295 3693 und

260 3755 365 3798 neuen
382 3739 579 3806 Gesehiclne.
603 3743 685 3803 Sect.
711 3763 737 3804 ι.
758 3761 807 3802 an.
824 3751 928 3818 1798.
956 3751 988 3799 et
1009 3737 1077 3820 poll
1098 3736 1190 3795 illurn
1211 3735 1293 3796 aliua

260 3839 311 3898 vir
333 3839 446 3900 doctus
468 3842 501 3900 in
529 3841 730 3902 coniectione
757 3839 912 3901 menstrua
941 3835 1154 3919 Kosmopolit.
1184 3850 1291 3912 1797.

258 3939 372 4004 Panic.
396 3953 428 4008 7.
452 3959 483 4020 p.
512 3955 569 4010 7⁰·
617 3943 758 4026 Agnovit
786 3961 860 4005 oum
885 3937 955 4004 aliie
979 3941 1049 4004 einr
1074 3937 1172 4002 sidem
1194 3937 1294 4000 etiam

261 4039 406 4102 Gatterer
429 4041 463 4102 in
488 4040 624 4105 hilloria.
1143 4057 1145 4059 ’
