2892 4950
333 403 397 472 55·
604 393 766 452 1101111
807 393 1111 454 exodun-totu

335 570 372 630 in
389 584 459 630 uno
477 564 546 628 sinu
563 559 683 647 possint
697 565 757 630 else
773 567 880 649 ploret
899 581 1022 652 portos.
1049 588 1075 631 1.
1088 585 1281 632 nnonortvt
1292 563 1356 628 MS.

336 665 482 754 ’Δχοιῶν
503 660 601 756 λιμὴν
623 668 657 728 in
679 666 743 730 hoc
765 671 866 730 ‘tracto
888 671 1025 731 occurrit
1046 671 1142 733 etiem
1163 671 1198 732 in
1222 666 1360 731 Strabone

344 785 400 848 13.
421 790 454 852 p.
470 778 558 848 4111.
581 765 604 830 s.
626 779 710 846 595.
737 789 768 851 p.
791 779 878 837 dte.
901 767 923 832 s.
943 782 1028 850 598.
1078 771 1223 853 Appiano
1246 771 1278 831 in
1299 768 1360 846 Syr.

340 891 406 956 cap.
425 883 484 951 23.
498 867 521 932 s.
547 867 696 930 Mithrid.
707 888 734 932 n.
745 885 804 946 77.
819 885 853 933 et
866 870 952 933 alibi.
984 872 1178 934 Achaeorum
1192 871 1271 955 (non
1283 869 1362 932 Aesti-

339 970 466 1054 ναι-11111)
485 983 612 1052 portum
629 985 746 1032 vocant
760 972 833 1033 Liv.
848 992 875 1034 c.
888 971 911 1034 l.
931 985 964 1035 et
978 973 1063 1036 Plin.
1075 985 1107 1052 5,
1124 987 1184 1050 33.
1201 971 1223 1034 s.
1239 987 1295 1048 31.
1315 969 1361 1051 qni

340 1076 380 1138 nd
395 1074 563 1138 certiorem
580 1072 782 1134 notationem
796 1073 901 1135 addit:
927 1075 960 1134 in
976 1094 1067 1156 quem
1087 1069 1196 1162 ierfluit
1212 1071 1361 1140 Xanthus,

341 1175 495 1239 simoenti
523 1173 669 1243 iunctus.
706 1193 845 1254 eumque
877 1172 1003 1236 subiicit
1028 1175 1141 1237 ordine
1168 1175 1264 1260 Sigeo
1290 1171 1360 1232 orbi.

339 1279 454 1340 Dictue
467 1286 575 1336 nutem
589 1274 633 1334 itn
653 1272 697 1335 esi
710 1273 749 1336 nb
764 1275 910 1347 Achivis,
935 1277 992 1358 qui
1007 1276 1140 1338 Troiam
1158 1287 1363 1359 expugnatum

340 1389 512 1448 venerant,
544 1393 638 1456 qnare
662 1385 695 1436 et
713 1375 825 1438 Strabo
846 1391 901 1452 13.
924 1397 957 1458 p.
972 1385 1059 1457 4¹⁰·
1077 1376 1098 1440 s.
1117 1389 1203 1456 595.
1228 1376 1364 1455 deincept

341 1477 506 1560 subiungit
523 1468 564 1539 τὸ
585 1469 742 1559 ’Δχαϊκόν
763 1471 1003 1564 στρατόπεδον,
1029 1477 1241 1559 (Achivorum
1263 1473 1364 1536 besson·

341 1580 423 1642 tium
435 1575 543 1671 statio
562 1575 686 1661 Mesae)
711 1589 795 1639 utet
813 1579 871 1640 alin
890 1578 1004 1643 Achivi
1023 1581 1167 1641 nominis
1183 1577 1308 1661 vestigia
1326 1574 1365 1635 ibi

340 1677 524 1748 haeserunt,
553 1677 655 1738 veluti
683 1679 838 1765 κρατῆρες
856 1675 1012 1765 Ἀχαιῶν.
1045 1680 1179 1766 (Scylax
1200 1700 1233 1763 p.
1248 1679 1303 1754 36.
1324 1678 1364 1736 in.

341 1776 467 1863 Hnds.)
518 1779 635 1840 Verum
656 1791 763 1839 nutem
790 1778 890 1841 sinum
921 1779 1040 1862 putasse
1064 1781 1202 1852 Melam.
1235 1780 1285 1842 cui
1306 1775 1366 1861 poss

340 1880 538 1944 Achivorum
563 1879 739 1941 adventum
765 1893 876 1961 portue
900 1900 1023 1944 nornen
1046 1883 1158 1944 datum
1182 1879 1292 1953 fuerit.
1320 1877 1365 1940 od·

309 2063 314 2074 ⁵
340 1995 430 2068 paret
445 1981 538 2052 inde,
563 1981 651 2062 quod
667 1977 748 2042 infre
763 1979 885 2044 scribit:
915 1981 1027 2046 Extra
1036 1979 1162 2077 smum.

416 2183 477 2246 111·
483 2203 502 2247 o
509 2181 529 2265 )
570 2181 625 2246 Gr.
637 2173 748 2248 Ἴλιον.
783 2182 965 2267 Stephanus
978 2175 1079 2250 Ἴλιον
1095 2181 1194 2260 πόλις
1212 2177 1364 2274 Τρωάδος.

340 2277 407 2351 t'ettd
422 2277 531 2356 Ἴλου,
557 2276 595 2370 ἣν
617 2283 646 2347 ns
667 2277 890 2372 Tptt't'er'drtyv
911 2278 1060 2351 ἐκάλουν.
1110 2289 1152 2350 At
1176 2285 1267 2350 fuisse
1289 2286 1364 2346 hunc

339 2387 466 2457 nollem,
493 2386 545 2446 cui
564 2385 660 2446 Ilium
688 2387 753 2446 isne
774 2383 1019 2468 superstruxerit,
1044 2388 1173 2471 adparet
1194 2409 1234 2452 ex
1248 2385 1363 2472 Apollo·

339 2488 421 2550 doro
438 2500 470 2576 3,
500 2500 553 2554 to.
578 2499 612 2560 3.
650 2499 683 2546 et
708 2490 827 2548 notatio
852 2487 899 2548 ibi
925 2487 964 2550 eb
989 2489 1120 2569 Heynio
1144 2506 1179 2552 et
1204 2489 1311 2554 l'nlito
1330 2483 1363 2546 td

337 2585 479 2648 Eustath.
501 2586 535 2645 in
556 2586 688 2647 Homer.
705 2587 745 2648 T.
764 2607 793 2650 1.
816 2607 848 2668 p.
866 2603 952 2667 297.
1004 2589 1103 2674 Quod
1123 2591 1163 2652 de
1183 2607 1300 2677 genere
1315 2604 1363 2648 no·

337 2686 436 2750 minio
458 2686 548 2747 addit
571 2685 769 2766 stephanon.
809 2707 922 2751 omnen
955 2705 1071 2754 neutro
1094 2691 1224 2764 efferre.
1253 2701 1364 2776 praeter

337 2789 527 2858 Homerum.
552 2787 607 2869 qni
628 2783 819 2849 femininum
835 2801 936 2862 emet,
961 2809 1056 2874 quere
1071 2793 1167 2854 etiam
1181 2789 1365 2855 Aristarcho·

338 2891 374 2954 in
406 2889 462 2951 illo
494 2889 552 2967 (sl.
584 2898 637 2964 15.
672 2889 753 2968 71.)
780 2881 883 2956 Ἴλιον
917 2885 998 2956 αἰπὺ
1032 2891 1173 2975 spurium
1204 2890 1364 2958 censuerit·

338 2990 467 3077 probari
509 2989 688 3072 sempliciter
720 2991 843 3072 nequit.
914 2995 965 3056 De
997 2993 1143 3057 Homero
1174 2991 1214 3058 cf.
1251 2995 1365 3056 Positut

337 3094 379 3156 ed
398 3091 538 3154 Eusinth.
559 3092 594 3152 in
616 3091 748 3154 Homer.
771 3094 868 3156 Τοω.
886 3107 919 3171 3.
941 3113 1013 3180 pag.
1035 3109 1121 3174 973.
1145 3109 1178 3159 et
1201 3097 1238 3157 in
1262 3091 1366 3178 primii

336 3215 372 3278 p.
394 3212 499 3272 1091.
525 3192 639 3272 Heyne
653 3193 692 3253 nd
710 3191 747 3256 11.
768 3203 823 3271 15,
840 3208 900 3269 71.
950 3197 1001 3258 De
1020 3195 1088 3258 aliie
1110 3195 1187 3258 haec
1207 3194 1365 3258 sufficient.

339 3295 455 3380 Quint.
477 3293 585 3358 Calah.
604 3294 639 3354 iu
660 3293 793 3376 Paralip.
812 3291 844 3366 6,
864 3307 948 3374 551.
970 3295 1053 3358 dixit
1071 3288 1172 3360 Ἴλιον
1194 3292 1280 3386 ipiyv.
1312 3294 1365 3358 Or·

336 3395 441 3480 pheno
456 3395 575 3479 Argon.
591 3403 678 3474 484.
696 3391 889 3483 Δαρδανίην,
916 3396 971 3459 etsi
987 3394 1059 3469 scio,
1083 3398 1160 3479 quid
1180 3413 1290 3462 contre
1304 3413 1365 3459 mo·

337 3498 408 3558 neri
429 3493 540 3580 possit.
569 3497 652 3557 etin
669 3494 832 3578 posteriori
849 3497 923 3561 sono
938 3499 1034 3560 metri
1052 3500 1148 3560 etiem
1164 3497 1254 3562 censa
1271 3511 1365 3580 nuper

329 3589 417 3684 Ἴδην
438 3616 497 3678 pro
516 3589 619 3659 Ἴλιον
640 3595 780 3677 reposuit
802 3598 1027 3662 Schneideruo.
1065 3599 1172 3661 Latini
1192 3597 1364 3684 promiscue

334 3717 452 3786 genere
481 3714 596 3759 neutro
618 3710 762 3774 utuntur
787 3711 821 3761 et
845 3696 1022 3772 feminino.
1056 3711 1094 3760 ut
1122 3699 1188 3783 ipse
1217 3701 1363 3764 Horrtiut

333 3800 443 3869 variet.
467 3787 691 3860 terminatione
707 3799 804 3862 etiam
820 3813 948 3872 mutato.
971 3800 1052 3864 lsios
1066 3812 1100 3862 et
1113 3801 1201 3862 Ision
1216 3803 1316 3865 noan.
1330 3809 1362 3878 4·

332 3919 367 3982 9.
388 3911 445 3980 ¹8·
468 3909 504 3982 4,
518 3909 553 3980 4.
570 3913 630 3979 53.
650 3913 683 3962 et
697 3899 783 3964 olibi.
811 3901 963 3986 Virgiliue
975 3913 1127 3964 neuunm
1141 3920 1215 3964 cnm
1225 3903 1361 3966 Homero

335 3999 489 4086 praefert.
526 4002 566 4062 de
592 4019 656 4083 quo
682 3998 722 4065 cs.
755 4002 885 4066 Servine
908 4001 949 4066 ed
970 4002 1051 4066 Aen.
1069 4015 1102 4079 3.
1126 4015 1159 4079 3.
1213 4003 1277 4066 Sed
1299 3999 1360 4066 vid.

336 4121 417 4189 quoe
445 4105 485 4166 de
516 4121 632 4188 genere
655 4102 818 4187 disputent
849 4115 972 4190 praeter
999 4101 1173 4190 superioree
1196 4103 1302 4170 Senot
1322 4099 1357 4164 ed
