2892 4950
207 375 261 436 nt
289 371 431 432 route.
461 371 572 430 Met.
611 373 693 430 1..1.
737 371 871 430 om·
916 370 996 442 la.
1065 385 1128 450 555

80 551 173 637 qnod
193 547 413 632 Lampsacenir
435 547 516 610 illud
538 546 701 609 oraculum
719 545 830 608 datum
851 542 939 614 luill'e
962 550 1130 620 diceretur.

81 659 111 718 l.
132 653 320 716 Gronoviue
336 665 419 712 recte
440 651 586 721 monuit,
613 669 669 731 per
690 647 848 731 prolepsin
867 653 937 714 talia
952 642 1011 715 elle
1035 651 1133 734 expli·

83 756 198 820 cande.
247 754 340 816 Hanc
360 771 440 814 vero
460 751 604 814 nominis
626 748 748 812 caulam
765 747 814 812 fax
837 754 950 816 ardena
970 755 1004 814 in
1029 771 1132 816 numo

84 875 201 920 einum
223 855 363 938 adpofita
379 851 506 916 lervalle
529 854 678 923 videtur,
714 871 810 933 quem
829 852 946 918 indicat
964 853 1082 918 liniche
1098 857 1133 916 in

85 963 167 1022 Lex.
191 976 284 1020 num.
306 957 405 1018 Tom.
426 971 459 1018 tt.
483 953 521 1016 P.
540 971 574 1018 2.
596 975 629 1037 p.
650 963 756 1034 1442.
816 953 968 1020 Ceterum
990 977 1025 1020 ea
1048 959 1135 1042 figne
1217 1021 1220 1028 ,

85 1061 222 1124 urbium
242 1057 464 1120 conditoribus
484 1057 538 1118 vel
567 1057 629 1118 alio
651 1053 863 1140 migrantibus
886 1060 956 1121 data
978 1057 1133 1129 feruntur,

87 1179 127 1226 ut
147 1161 285 1231 Cadmo,
310 1158 424 1236 (Ovid.
442 1157 576 1222 Metam.
595 1171 628 1236 3,
649 1161 719 1234 to.)
747 1156 881 1230 Carano,
903 1159 1034 1244 (lullin.
1051 1181 1084 1238 7,
1104 1181 1134 1232 ι.

88 1265 148 1346 9.)
174 1259 445 1326 Chalcidenltbtte.
482 1260 614 1336 (Vellei.
639 1281 666 1330 t,
682 1271 716 1338 4.
734 1263 778 1320 in.
803 1261 859 1321 ubl
875 1260 914 1324 cl.
933 1261 1134 1340 Ruhnken.)

89 1371 146 1427 Sic
170 1364 252 1426 Galli
278 1363 436 1446 auguriis,
470 1379 546 1442 quae
569 1363 626 1422 Dii
649 1359 805 1423 dedill'ent
829 1361 933 1432 ledea.
968 1377 1135 1446 quaerunt.

91 1465 229 1550 (Livius
250 1475 283 1540 5.
307 1473 365 1542 54.
386 1463 442 1547 3.)
486 1459 538 1524 Cf.
561 1477 720 1546 praeterea
739 1461 881 1528 Macrob.
903 1467 1029 1528 Sauum.
1050 1487 1079 1536 ι,
1100 1481 1135 1542 7.

91 1569 228 1630 oracula
257 1580 364 1626 vetera
390 1587 440 1646 ap.
465 1561 670 1646 Oplopoeum
696 1585 726 1646 p.
750 1581 805 1628 te.
835 1579 867 1628 et
891 1568 1006 1646 Heyne
1027 1569 1062 1628 in
1084 1587 1138 1630 ex·
1225 1542 1233 1567 ¹

92 1665 188 1732 curlo
205 1677 239 1746 4.
265 1669 303 1726 ad
321 1667 430 1749 l'irgil.
446 1665 527 1728 Aen.
550 1665 606 1728 lib.
623 1675 658 1744 4.
712 1666 811 1736 ldem,
837 1670 923 1748 qnod
949 1670 1010 1738 hic,
1037 1675 1071 1730 in
1087 1689 1138 1730 ur·

91 1769 188 1830 bium
213 1769 402 1830 nominibus
425 1767 594 1828 statuendis
618 1765 756 1828 evenille
781 1765 888 1849 pall'un
915 1773 1067 1844 traditur,
1100 1783 1140 1832 ut

92 1873 134 1936 de
151 1871 319 1952 Mycenis,
344 1865 532 1954 Mycalesso,
558 1867 679 1939 Ardea,
706 1865 831 1952 Cycno.

267 2075 296 2151 §.
326 2089 360 2138 Ω.
409 2071 623 2155 apertius)
671 2071 772 2156 Supra
792 2092 822 2145 r,
845 2083 927 2150 t‚5.
952 2075 1138 2152 Propontis,

93 2173 148 2240 abt
168 2173 339 2255 expandit.
373 2175 500 2237 Plinius
516 2185 550 2252 5,
563 2187 624 2256 40.
640 2171 659 2234 l.
674 2187 732 2250 32.
757 2176 933 2254 Propontis
947 2173 1139 2256 adpellerent,

94 2276 152 2342 ubi
165 2267 205 2369 se
226 2275 350 2339 dilatat
371 2297 466 2340 attare.
525 2277 705 2359 Stephanus
732 2289 817 2337 recte
838 2277 991 2358 explicata
1030 2270 1138 2360 ἣπρὸ

95 2377 160 2446 τοῦ
189 2371 323 2441 Πόντου
349 2373 410 2442 τοῦ
441 2364 602 2450 Εὐξείνου
636 2371 816 2458 θάλασσα,
858 2392 891 2439 et
923 2378 1074 2460 Apuleius
1100 2378 1141 2440 de

100 2479 231 2544 Mundo
246 2499 277 2560 p.
296 2500 340 2542 m.
356 2481 389 2542 6.
414 2477 598 2572 vestibulum
620 2481 716 2540 Ponti
741 2491 845 2542 vocat.
897 2479 1032 2543 Ponitur
1058 2481 1142 2541 inter

97 2578 345 2664 Hellespontum
367 2593 399 2642 et
420 2579 598 2664 Bolporum
615 2580 808 2650 Thracium,
836 2600 1008 2662 perquem
1033 2581 1140 2644 Ponto

98 2685 257 2770 iungitur.
289 2681 423 2761 (Polyb.
445 2681 498 2753 16.
523 2698 581 2762 29.
605 2697 625 2758 7
646 2679 686 2764 lq.
718 2693 752 2760 4.
775 2696 834 2761 39.
860 2699 892 2744 tt.
926 2693 986 2762 43.
1010 2702 1038 2745 r.
1059 2685 1143 2760 alii.)

99 2787 182 2848 Eiue
212 2783 453 2867 longitudinem
487 2802 504 2848 a
532 2783 658 2845 Troade
684 2783 722 2844 ad
754 2783 945 2863 Byzantium
973 2783 1085 2846 Strabo
1109 2801 1141 2854 Ω.

98 2906 173 2970 pag.
191 2885 252 2962 86.
275 2883 296 2945 l.
319 2895 399 2962 185.
422 2899 585 2966 computat
615 2897 706 2960 ¹50⁰
731 2883 851 2954 stadiis,
887 2885 1052 2946 latitudine
1078 2883 1144 2948 fere

99 2985 236 3068 aequali.
288 2985 457 3048 Conlentit
479 2987 680 3069 Agathemer.
704 3002 737 3056 a,
763 2995 818 3062 14.
848 2985 961 3066 Aptius
978 2989 1014 3044 ad
1034 3005 1144 3046 veram

101 3087 243 3152 formam
262 3087 421 3150 Herodot.
436 3095 470 3164 4,
487 3098 546 3164 35.
565 3088 768 3148 latitudinem
784 3084 854 3146 facit
874 3087 1041 3147 stadiorum
1059 3099 1144 3164 5⁰⁰·

50 3263 56 3270 ἱ
102 3187 346 3273 longitudinem
373 3198 478 3268 1400.
522 3188 697 3251 Thevenot
721 3185 834 3249 lieilen
863 3189 959 3248 Tom.
981 3207 1009 3250 ι.
1033 3208 1067 3270 p.
1085 3199 1144 3264 25.

103 3313 123 3358 a
151 3289 300 3370 Gallipoli
325 3291 363 3350 all
390 3289 702 3371 Constantinopolim
731 3303 878 3350 numerat
911 3299 977 3365 125
1002 3290 1145 3352 miliaria.

104 3394 151 3456 Et
166 3391 206 3452 stc
220 3391 273 3452 alii
289 3391 388 3460 aliter,
407 3403 502 3472 prout
517 3393 646 3452 initium
663 3389 826 3452 mensurae
838 3391 973 3452 ducunt.
1008 3391 1051 3453 ll.
1067 3391 1147 3452 Mar

106 3493 144 3558 di
160 3493 332 3556 Marmora
345 3514 362 3555 a
377 3494 543 3578 praecipua
559 3491 668 3556 insula.

188 3695 284 3758 Gra
299 3715 320 3756 u
336 3697 349 3758 i
362 3717 413 3758 cu
428 3694 471 3778 s)
522 3695 577 3759 Gr.
607 3690 623 3760 ὁ
649 3687 824 3782 sportulae,
858 3695 940 3778 apud
969 3695 1147 3758 Homerum

106 3799 148 3865 ss.
165 3815 220 3869 tlt,
240 3813 298 3860 nt.
321 3799 428 3860 louica
445 3797 589 3866 dialecto.
612 3809 742 3860 accentu
761 3797 856 3858 otiam
872 3811 1016 3866 retracto.
1040 3794 1150 3884 Γρήνι·

109 3923 182 3974 κος.
209 3919 304 3984 quarn
320 3898 457 3962 formam
482 3899 617 3982 praefert
638 3899 735 3960 etiam
752 3899 952 3960 Ptolemaeus
967 3911 1000 3975 5.
1020 3915 1052 3961 o.
1075 3918 1149 3959 cum
1239 3941 1243 3956 .

107 4001 286 4081 Hesychia.
326 4002 452 4064 Plinius
468 4013 501 4079 5,
518 4011 577 4080 40.
593 3999 615 4064 i.
629 4015 687 4080 52.
707 3994 824 4084 flunten
843 3999 1012 4062 Granicum
1030 4001 1063 4060 in
1082 3997 1150 4061 calu

107 4119 216 4176 recto,
243 4101 298 4166 etfi
311 4113 349 4182 5,
367 4117 426 4186 33.
446 4101 469 4169 i.
488 4117 547 4187 50.
568 4102 679 4166 ulitate
695 4102 792 4166 etiam
812 4100 969 4165 Granicus
985 4121 1059 4166 cum
1080 4101 1150 4166 aliie
