2756 4964
186 419 380 478 mronrr.
413 419 527 476 orat„
569 419 647 490 nt.
690 419 782 477 on.
824 417 920 516 ιιι.1
1008 431 1048 497 9²
1173 454 1176 462 .

79 589 169 651 tritum
188 591 290 656 reddit.
346 593 457 677 Regio
484 587 651 678 bononia,
683 603 732 662 et,
766 591 852 673 quod
885 591 1053 656 contendit

79 691 178 752 bochart
204 693 233 751 in
261 691 380 777 Phaseg
413 704 450 772 4.
483 714 496 753 ι
504 711 538 772 9.
581 713 619 754 ex
646 691 876 756 Chaldaeorum
907 693 1053 764 dialecto.

79 795 139 852 etiam
155 789 276 879 'tnptn
298 789 374 882 [vel
398 785 572 881 brevoin]
599 795 692 856 cuiue
711 793 802 856 tesino
816 793 941 879 adlegat
955 795 1054 858 Dion.

79 895 114 969 63,
128 894 170 956 ιθ.
191 893 324 957 strabon.
345 896 404 958 16.
421 897 469 957 in.
497 907 529 957 et
549 893 680 958 suidam
698 893 718 960 s.
735 915 768 958 v.
786 893 892 970 Νῖνος.
946 895 996 964 At.
1019 909 1057 956 nt

77 997 147 1073 pruris
158 992 302 1080 debtngar,
329 994 440 1078 siquis
456 995 518 1078 ipsa
535 995 601 1058 loct
620 995 789 1086 inspexerit
808 997 909 1078 sitque
923 994 1056 1060 connita

77 1095 185 1156 notent
202 1087 277 1158 Piin.
302 1105 335 1174 5,
358 1099 416 1162 ι6.
441 1095 463 1160 s.
488 1110 542 1177 13.
574 1109 607 1160 et
632 1097 792 1162 Ammian.
817 1111 875 1177 23.
897 1097 932 1162 6.
959 1099 991 1158 tt
1018 1097 1062 1160 de

75 1195 206 1267 Adiabene,
233 1197 366 1278 Assyriae
387 1212 493 1280 parte,
526 1197 646 1260 dietum
671 1197 730 1260 esse
753 1197 936 1284 cognoscet,
962 1217 1060 1279 qum

75 1296 125 1356 olim
138 1296 267 1378 Assyriam
283 1301 485 1361 nominatam
501 1297 604 1360 scribit
624 1299 758 1362 Plinius.
809 1299 894 1362 Cum
912 1295 1059 1360 bttiffima

74 1401 170 1476 patuerit
194 1399 381 1478 Aisyriomm
413 1401 602 1483 imperium,
633 1401 672 1462 ad
699 1402 799 1462 variat
825 1402 922 1462 etiarn
948 1415 1061 1484 gente·

73 1496 147 1572 (sensu
163 1501 256 1578 cirisi)
277 1501 309 1562 id
331 1521 458 1564 nomen
481 1502 665 1564 translatum
689 1501 748 1572 esi,
782 1521 884 1584 eoque
904 1501 1059 1564 destructo

73 1595 199 1663 serratum.
245 1603 296 1663 Sin
317 1601 441 1682 Assyria
463 1603 581 1664 dicitur
601 1603 640 1664 tie
665 1601 894 1684 Mesopotamia
916 1600 1060 1684 (Arrian.

73 1698 198 1781 inexped.
216 1701 300 1764 etex.
319 1718 354 1778 7,
374 1719 410 1778 7,
425 1701 458 1768 6.
481 1703 674 1786 adprobante
690 1703 853 1766 Etrstathio
868 1705 905 1764 ad
930 1701 1061 1782 Dionys.

73 1815 166 1876 ιῃι.
188 1803 237 1863 etsi
257 1801 389 1892 Συρίαν
412 1823 498 1866 none
518 1801 654 1888 legitur)
686 1803 794 1884 Assyrii
812 1805 851 1866 de
869 1803 1062 1883 Babyloniis,

72 1903 130 1974 (rid.
144 1902 272 1966 Perizon.
288 1905 323 1966 in
340 1905 468 1989 Origin.
484 1903 592 1984 Babyl.
612 1925 678 1988 cap.
696 1915 731 1984 4.
747 1925 779 1987 p.
796 1909 877 1985 48.)
901 1905 940 1968 de
957 1905 1064 1990 Tigrin

73 2003 157 2074 acolis,
176 2003 325 2088 (Oppian.
339 2005 482 2068 Haliert.
497 2015 532 2085 4,
544 2015 632 2087 204.
649 2019 781 2069 notante
797 2005 960 2068 Eustatbio
975 2025 1001 2068 c.
1019 2002 1064 2090 l.)

74 2101 99 2161 tr
114 2103 330 2186 Cappadocibus
353 2105 378 2170 s.
396 2105 599 2186 Leucosyria‚
622 2107 726 2191 (idem
744 2127 771 2170 c.
792 2107 813 2172 l.
837 2107 945 2172 Schol.
968 2107 1066 2191 Apol·

73 2199 126 2264 bnis
139 2206 191 2269 sib.
203 2208 239 2268 ad
253 2224 286 2279 2,
306 2209 396 2288 946.
421 2221 453 2269 et
467 2208 505 2268 ad
522 2207 652 2288 Dionys.
670 2229 701 2270 r.
717 2207 824 2295 975.)
848 2223 881 2272 et
901 2211 935 2269 in
953 2209 1067 2290 primis

74 2303 184 2384 tesyrte,
205 2310 290 2370 unde
306 2323 341 2372 et
357 2311 485 2392 utrique
496 2309 539 2370 'in
554 2309 736 2372 auctoribus
753 2309 842 2391 saepe
864 2307 1066 2371 consentiun-

75 2413 114 2466 tur.
145 2409 205 2472 sid.
219 2410 364 2474 Vorstiua
379 2411 418 2472 ad
436 2409 545 2472 lustin.
565 2429 594 2482 ι,
615 2425 648 2473 2.
669 2423 748 2472 extr.
776 2409 890 2474 cettan
912 2413 951 2472 ati
973 2411 1063 2474 Curt.

76 2515 97 2578 5,
112 2525 133 2575 ¹·
147 2523 195 2586 55.
218 2525 250 2572 et
269 2510 354 2573 insra
374 2512 412 2572 ad
435 2532 463 2580 ι,
491 2532 543 2582 ιι,
565 2529 596 2576 a.
648 2511 742 2573 Plura
764 2512 803 2573 de
822 2531 901 2596 rago
925 2513 1067 2576 nontinit

74 2605 226 2674 rtusnnnt.
240 2615 280 2674 ad
296 2614 404 2676 Sosin.
420 2631 447 2674 c.
467 2613 525 2688 56.
549 2611 568 2674 s.
587 2625 645 2692 53.
667 2625 700 2674 et
722 2611 869 2674 bochart.
891 2613 924 2673 in
945 2614 1067 2698 Phaieg

76 2719 134 2782 Η.
174 2711 259 2774 idem
281 2715 373 2776 valet
393 2713 434 2774 de
456 2732 569 2775 eorum
591 2713 718 2796 opibm,
748 2713 886 2796 regibus,
912 2714 1067 2776 mortona.

75 2805 115 2867 Hit
132 2825 224 2874 tamen
244 2835 303 2897 per
334 2833 518 2877 connexum
546 2835 618 2875 cnm
641 2813 824 2892 Babyloniis
845 2815 952 2876 artiori
977 2811 1068 2876 sensu

75 2907 128 2969 init
147 2912 236 2983 tteta,
269 2917 346 2986 etsi,
375 2935 448 2976 com
472 2913 511 2975 ste
527 2915 605 2976 atton
626 2915 760 2997 populna
780 2914 909 2976 deberet
929 2934 1092 2978 comme-.-

76 3027 176 3084 tttonre,
200 3016 242 3076 ita
262 3018 384 3080 rectior
398 3012 554 3096 descripsit
574 3001 825 3086 Ptolemaaue'b.
848 3037 876 3078 t.
903 3029 939 3077 nt
963 3016 1068 3078 termi-

76 3125 140 3172 netur
157 3117 308 3190 Armenta,
336 3115 576 3201 Mesopotamia,
603 3115 712 3180 Media
734 3127 766 3178 et
789 3116 926 3189 Susiana,
954 3116 1011 3178 ubi
1034 3115 1068 3180 h.

77 3209 234 3308 sijurtsssatt.

29 3435 30 3454 ι
127 3417 323 3504 alterum)
373 3417 539 3483 arabicum
565 3421 750 3508 intelligunt
771 3419 949 3489 vadianut,
975 3417 1071 3480 Mun·

80 3509 151 3586 sm·
173 3520 346 3604 Oporinos,
370 3521 522 3584 Graevius
539 3521 607 3585 ttts.
629 3523 755 3604 aliique,
779 3521 955 3603 quodcum
972 3539 1072 3582 nexus

81 3608 194 3692 sitien,
213 3622 381 3705 quomodo
395 3624 502 3684 locum
518 3623 632 3686 habere
645 3617 750 3706 possit,
774 3623 813 3684 de
827 3641 867 3685 eo
883 3623 949 3686 vid.
966 3621 1001 3684 in
1016 3623 1073 3683 cri·

82 3714 129 3780 titia
140 3737 246 3788 notata.
280 3727 333 3790 De
352 3720 537 3808 Babylonio
554 3725 623 3788 viri.
638 3724 676 3786 ad
692 3743 758 3806 cap.
779 3743 834 3787 tt.

29 3943 31 3984 ῑ
127 3913 241 4014 snper
267 3920 526 4008 Aethiopas)
574 3924 662 3988 Cum
676 3917 777 4016 sunm
797 3925 997 4005 Pomponius
1020 3923 1073 3994 ait,

83 4017 289 4100 dimensionem,
315 4028 368 4090 vel
384 4025 478 4087 sttum
494 4029 528 4088 in
543 4025 677 4088 Boream
695 4026 853 4110 intelligit,
876 4041 912 4084 ut
928 4025 947 4082 st
962 4025 1075 4096 dicam,

85 4117 147 4205 bpn
160 4128 258 4197 ltaliae
269 4130 390 4194 radicet
403 4127 499 4213 Alpes
517 4126 576 4191 esse
592 4141 624 4190 et
642 4127 855 4192 Germaniam.
889 4127 974 4191 Sitne
989 4127 1076 4189 enim
