2756 4964
301 375 303 380 ’
348 396 410 466 aaa
617 388 778 448 noran
819 388 1121 447 axaaanrcan

349 565 487 630 indicet.
520 581 710 644 quamquain
733 561 841 622 omnia
863 560 917 624 hic
935 575 1059 627 vererer
1080 559 1211 628 turbasia
1230 561 1353 644 queritur

350 667 437 750 quod
454 664 618 726 divisionis
638 665 722 724 illins
738 666 894 725 rationem
910 665 1098 750 diligentem
1115 667 1247 728 minime
1264 663 1353 726 habor

351 772 429 831 rint.
481 767 613 828 Fallitur
634 783 739 826 tamen
762 765 855 828 ineo
875 765 987 837 Sitrw.
1019 767 1092 848 quia
1119 779 1153 829 et
1176 767 1353 830 Plosemarut

352 870 538 934 Antoninus
554 887 597 929 cc.
615 867 647 928 ll.
672 879 705 926 et
722 863 925 950 Geographua
944 868 1089 930 Raverrn.
1109 882 1141 948 5,
1159 879 1193 946 8.
1212 881 1353 946 utrumqu

354 971 447 1034 issum
475 983 606 1051 portum
633 966 842 1050 distinguunt.
901 967 1003 1030 Porto
1028 969 1229 1032 Ptolamnem
1253 981 1353 1050 portur

355 1074 511 1156 Magnum
531 1087 631 1151 prope
651 1070 758 1152 Sigana
781 1071 890 1150 pouit.
915 1083 954 1130 ut
973 1067 1097 1133 Plinius
1115 1091 1142 1134 c.
1164 1073 1186 1134 1.
1210 1071 1264 1153 qui
1283 1068 1353 1131 statii

356 1173 481 1236 subiicit
506 1171 707 1241 Mulucham,
743 1169 830 1251 quod
852 1184 886 1232 et
921 1189 994 1232 cum
1015 1171 1206 1245 Ptolemaeo,
1230 1171 1353 1255 congruit

358 1277 447 1337 cuius
467 1273 520 1334 hio
541 1271 584 1334 eu
606 1265 783 1358 χυλημὰθ.
834 1272 925 1336 idem
942 1273 1024 1334 nstra
1046 1274 1140 1356 ponit
1155 1275 1294 1336 Deornm
1313 1287 1353 1352 pot

357 1389 446 1446 tum,
479 1387 511 1434 et
531 1373 643 1434 Strabo
668 1371 738 1437 fioo
758 1371 876 1444 stadiis,
903 1375 1085 1438 Antoninus
1107 1387 1169 1454 98.
1190 1374 1237 1436 Μ.
1253 1375 1288 1437 P.
1308 1373 1326 1432 i.
1348 1389 1353 1432 t

360 1487 444 1555 784.
468 1475 568 1536 siadiis
590 1475 850 1536 induremovet.
911 1476 972 1536 Sed
1000 1478 1073 1557 quia
1094 1477 1148 1538 hic
1168 1489 1241 1538 anta
1261 1487 1353 1557 portui

358 1579 515 1661 Magnum
532 1574 640 1636 versut
655 1577 761 1658 Sigana
777 1589 943 1646 memorat.
969 1579 1104 1640 minimo
1120 1577 1272 1660 componi
1291 1587 1353 1656 pota

358 1667 519 1744 Antonini
530 1691 640 1758 portua
656 1677 792 1762 Magnus
808 1696 880 1738 cum
897 1697 945 1747 eo.
967 1698 1063 1758 quem
1079 1678 1353 1832 habetPtolemae]

361 1782 453 1844 cuius
479 1794 583 1840 textus
608 1779 743 1840 mininie
770 1791 935 1861 corruptus
960 1780 1106 1852 videtur,
1139 1799 1217 1842 cum
1243 1789 1340 1840 contra

361 1876 575 1966 progressione
592 1877 663 1942 usur
678 1879 796 1964 Geogr.
810 1881 957 1942 Ravean.
977 1893 1009 1958 3.
1028 1892 1060 1958 8.
1084 1881 1226 1944 eundem
1247 1827 1353 1942 ardinoi

362 1983 517 2065 sequatur.
571 1979 688 2044 Portus
710 1995 819 2042 autem
841 1979 977 2066 Magnus
994 2000 1061 2044 aon
1081 1982 1124 2046 est
1138 1983 1234 2046 nniua
1252 1981 1327 2050 loci.
1349 1993 1353 2066 t

363 2087 396 2146 iu
421 2083 568 2167 Hispania
593 2083 749 2162 (Ptolem.
770 2097 801 2154 n.
818 2083 875 2161 4.)
900 2095 933 2144 et
955 2082 1114 2145 arbitraria
1139 2071 1353 2146 diacriminioi

365 2188 471 2248 ciendi
491 2182 577 2246 causa
599 2183 768 2266 adpellatio
786 2182 843 2254 esi,
869 2183 922 2244 vel
945 2197 1088 2267 tempore
1113 2198 1193 2248 orta.
1243 2184 1353 2250 Caterut

365 2288 534 2351 structurae
555 2281 656 2346 fornia
680 2285 755 2345 haec
776 2285 906 2356 Latinis.
934 2286 1028 2346 Livio
1051 2287 1202 2359 maxime.
1227 2283 1353 2346 usitatur

366 2391 400 2448 in
418 2385 601 2448 nominibus
617 2383 681 2446 sere
701 2384 878 2448 domesticis
894 2387 945 2448 vel
961 2385 1017 2446 usu
1031 2387 1165 2450 adtritis.
1200 2385 1251 2450 Sic
1265 2387 1353 2448 Sueto

366 2490 401 2549 in
426 2486 558 2550 Claudio
580 2506 647 2568 cap.
669 2502 727 2549 20.
777 2486 840 2548 Sed
859 2488 927 2550 riti.
950 2488 1093 2554 Gronov.
1114 2501 1149 2550 et
1171 2485 1327 2550 Drakenb.
1349 2501 1353 2544 t

367 2591 441 2651 Liv.
461 2608 490 2660 t.
514 2611 542 2660 r.
559 2600 592 2665 5.
616 2588 668 2648 hic
682 2588 780 2648 etiarn
797 2587 836 2648 ad
852 2588 968 2651 Siiiunr
985 2589 1055 2652 ltas.
1075 2607 1131 2660 tt.
1150 2600 1209 2668 58.
1243 2587 1353 2652 corut

370 2691 489 2754 Sallust.
515 2691 586 2774 lug.
608 2701 642 2766 5.
666 2698 702 2771 4.
736 2702 792 2774 79.
817 2699 851 2766 5.
882 2703 916 2752 at
934 2707 1015 2773 quoa
1038 2703 1197 2754 memorat
1215 2687 1353 2752 nutent

368 2795 453 2857 Fiur.
473 2811 504 2864 a.
521 2790 553 2862 6,
572 2805 631 2868 27.

445 2993 490 3058 M
496 2993 647 3056 ulucha
655 2990 674 3076 )
724 2995 775 3055 De
790 3012 830 3057 eo
848 2990 936 3077 supra
956 2995 1079 3056 dictum
1096 2995 1150 3060 esi.
1186 2991 1347 3062 Consentit

371 3095 512 3156 inlusirat
535 3093 652 3156 Metam
676 3095 796 3158 satiust.
823 3095 892 3180 sug.
915 3114 968 3174 ¹9·
986 3093 1007 3158 s.
1041 3095 1205 3158 Numidia
1234 3114 1322 3178 usque
1350 3117 1353 3152 t

369 3193 485 3284 flumen
505 3195 690 3256 inunctam
707 3187 772 3286 sub
794 3197 952 3278 Iugurtha
973 3209 1052 3258 erar.
1104 3199 1194 3260 idem
1212 3213 1268 3278 92.
1285 3207 1315 3271 5.
1329 3183 1353 3279 fl

376 3319 443 3360 meu
461 3285 632 3368 Musucirm
655 3295 740 3392 qnod
758 3298 932 3378 Iugurthae
947 3297 1124 3379 Bocchique
1143 3319 1268 3379 reguum
1284 3294 1353 3354 asiriu

308 3467 309 3470 Ἴ
374 3397 480 3480 gebat.
520 3395 758 3461 Cs.c.110.s.
813 3398 928 3460 Gentes
951 3397 1022 3458 sunt
1043 3399 1147 3460 Mauri
1172 3412 1206 3460 et
1228 3395 1353 3460 Numida

253 3515 263 3530 ¹
375 3497 558 3580 sacrumque
579 3499 613 3558 id
634 3498 677 3561 esi
698 3497 767 3582 post
787 3519 877 3584 reget
892 3519 910 3560 a
926 3499 1081 3562 Romania
1101 3502 1232 3564 eiectos.

451 3699 719 3782 terminus)
768 3701 893 3762 Plinius
919 3692 975 3785 [5.
1000 3719 1027 3765 t.
1050 3699 1073 3764 s.
1098 3695 1151 3787 m]
1181 3700 1260 3764 dicit
1286 3697 1353 3758 uon

377 3819 512 3884 regnunt
548 3799 773 3864 Mauritaniam
804 3799 1051 3874 Caesariensem.
1094 3803 1295 3886 Tingitanum
1324 3809 1353 3856 vt

378 3921 515 3984 regnum
538 3900 693 3985 Bogudir.
744 3903 840 3984 Quod
856 3904 878 3964 si
893 3903 952 3974 esi.
980 3903 1130 3966 Mulucha
1145 3924 1211 3966 non
1229 3901 1353 3986 potuita

381 4005 538 4064 termium
558 4022 743 4086 regnorum.
794 4003 916 4065 Bocchi
936 4019 1090 4067 autemut
1111 4005 1280 4089 iugurthae
1294 4013 1353 4080 regi

380 4123 453 4166 rum
494 4105 648 4166 terminus
681 4101 744 4164 suit
777 4103 946 4191 Ampsaga,
987 4107 1059 4186 quia
1092 4105 1239 4170 Bocchur
1271 4100 1353 4163 Maur
