2852 4946
183 377 236 436 nt
265 377 400 436 POMP.
431 375 536 434 MEL
579 375 661 432 [Α.
704 374 825 436 exn.
866 373 945 446 §.a
1024 377 1090 446 375

68 549 174 615 liniche
196 551 273 614 Lex.
295 569 384 613 nom.
398 551 439 613 T.
457 557 492 628 4
512 548 550 612 P.
570 561 603 612 9.
619 567 653 632 p.
670 559 742 629 599
759 545 821 630 sqq.
862 547 976 630 Neque
998 546 1085 608 iilam

67 654 239 736 dignitatem
263 651 331 734 post
352 651 567 735 Eliagehaium
583 649 736 712 abolitam
754 646 859 721 [91119.
886 651 934 711 uti
954 647 1087 732 potabat

68 753 265 834 spanhemius
279 755 319 814 de
333 752 441 834 praest.
457 773 548 814 num.
565 751 606 814 T.
621 771 650 814 t.
669 771 700 834 p.
711 763 797 830 595.
823 751 916 814 docet
932 749 1086 814 Gordiani

67 873 168 916 oomoe
188 856 271 936 epod
291 852 431 916 Hoisten.
449 854 487 914 ad
501 853 651 935 Stephon.
666 873 698 934 p.
714 867 797 932 999.
833 853 924 915 Olim
945 839 1085 930 πλούτῳ

70 951 115 1017 aei
134 955 201 1028 τοῖς
221 947 341 1028 ἄλλως
359 949 533 1040 χορηγίαις
556 954 698 1014 multum
717 952 878 1036 superabat
893 953 967 1016 aiiae
981 951 1087 1014 Phoe·

67 1058 140 1118 nicee
160 1055 271 1126 arbee,
302 1053 696 1124 tttiteiertDiodor.16.
721 1059 781 1134 44.
819 1056 877 1136 991
897 1053 1085 1123 Artaxerxie,

68 1159 244 1242 cognomine
259 1155 355 1224 Ochi,
377 1168 520 1238 tempore
535 1173 632 1218 neree
647 1171 777 1218 centum
793 1155 931 1240 empiioe
946 1151 1085 1218 hebuiiie

68 1259 150 1319 addit.
176 1257 382 1322 Habuitolim
392 1276 480 1342 regee
495 1255 575 1328 iuoa,
587 1259 879 1340 quemquametiem
888 1257 957 1322 aliie
970 1255 1084 1340 paruit.

68 1359 151 1439 Quod
167 1377 244 1420 vero
260 1361 394 1442 propiue
409 1355 484 1420 facit
498 1359 537 1420 ad
554 1357 659 1420 Melae
674 1371 819 1430 oetatem,
844 1359 879 1420 in
893 1357 993 1422 literie
1008 1353 1084 1420 iulii

68 1457 188 1522 Caesarie
202 1461 289 1544 apud
305 1457 475 1542 loiephum
492 1460 527 1520 in
542 1459 661 1542 antiqu.
678 1460 748 1522 iud.
764 1467 817 1538 ¹4·
837 1479 892 1532 ιο,
905 1477 938 1524 9.
962 1474 1086 1521 memo·

68 1574 160 1620 rentur
184 1563 254 1623 eiue
279 1551 456 1648 ἄρχοντες,
485 1555 594 1648 βουλὴ
622 1553 677 1624 ocni
704 1556 810 1648 δῆμος.
868 1561 949 1624 Eiue
973 1547 1085 1646 εὒφυῆ

69 1653 183 1748 λιμένα,
215 1662 256 1724 ed
286 1681 382 1744 quem
411 1663 464 1725 iita
486 1659 565 1734 fuit,
605 1661 711 1724 laudet
732 1659 844 1726 Strabo
867 1664 923 1727 16.
947 1683 979 1746 p.
999 1671 1084 1738 599.

70 1757 173 1838 [756.
194 1763 280 1825 dune
296 1761 535 1826 novitthillee
547 1763 659 1826 Tatina
674 1783 701 1828 c.
716 1763 738 1826 1.
763 1761 820 1824 nifi
837 1757 967 1854 δίδυμος
980 1759 1086 1844 ipsum

69 1877 164 1943 portoe
178 1862 239 1924 init
259 1883 399 1936 nomen,
425 1864 512 1946 quod
527 1865 654 1926 videtur
676 1883 715 1927 ex
729 1865 777 1928 19.
791 1863 900 1926 Phoco
915 1865 950 1926 in
966 1863 1085 1926 Leonie

70 1963 161 2024 [11911
175 1963 350 2046 symmictie
364 1985 397 2048 p.
415 1979 446 2045 5.
471 1966 527 2045 (in
543 1963 612 2028 icrr.
628 1965 707 2044 Byz.
721 1967 817 2028 Tom.
828 1967 886 2030 96.
903 1965 1005 2044 Ven.)
1030 1959 1087 2045 qni

71 2059 176 2126 scribit:
202 2062 267 2130 ὁὲν
290 2057 377 2152 aioni
396 2061 492 2156 λιμὴν
517 2062 672 2158 ᾄδόμενος
691 2061 849 2155 Δίδυμος
881 2083 998 2148 nempe
1014 2064 1088 2146 quie

70 2159 150 2252 λιμὴν
161 2182 195 2229 et
213 2162 415 2256 προκόλπιον
430 2165 561 2252 99199119
575 2170 731 2251 adpareat.
782 2169 832 2229 De
847 2167 936 2230 cuitu
955 2165 1088 2230 Astertee

72 2265 159 2339 Deae,
184 2289 281 2350 quam
306 2269 359 2331 alii
384 2270 563 2352 Europam,
590 2270 643 2332 elii
673 2271 830 2334 Venerem
854 2281 985 2353 putent.
1017 2263 1088 2330 vici.

72 2385 135 2445 qnae
150 2371 292 2455 conlegit
304 2370 457 2433 Saldenue
474 2372 514 2434 de
529 2371 600 2433 Diie
612 2373 700 2452 Syrie
714 2387 746 2442 2,
764 2387 797 2436 9.
830 2371 916 2433 Hinc
930 2371 964 2432 in
979 2368 1088 2432 numie

73 2467 245 2552 conspicitur
266 2473 331 2536 999
351 2467 475 2544 Σιδων,
508 2485 546 2532 ut
561 2471 669 2534 multie
691 2473 844 2556 exemplis
862 2473 956 2534 docet
969 2467 1089 2534 liniche

73 2584 98 2648 p.
112 2583 179 2650 934
194 2571 256 2656 iqq.
282 2592 310 2635 o.
332 2572 353 2634 1.
419 2573 542 2636 Eadem
572 2587 702 2656 propter
726 2574 941 2659 navigationie
971 2569 1090 2634 famam

73 2687 211 2758 οουορχις
236 2675 271 2734 in
295 2673 402 2736 numie
424 2686 566 2745 vocetur,
591 2675 728 2758 adpoiita
749 2695 841 2739 nave.
893 2675 977 2736 Aliae
998 2687 1090 2742 artee.

75 2771 171 2848 quihus
188 2775 269 2836 oiim
287 2775 443 2845 inclaruit,
469 2773 561 2857 [upra
572 2777 610 2836 ati
628 2795 743 2838 vocem
757 2767 869 2867 soliers
882 2775 1031 2844 indicavi,
1056 2785 1091 2834 et

74 2869 169 2936 Strabo
185 2895 212 2938 c.
235 2876 258 2938 1.
281 2877 565 2938 commemoratio
587 2877 699 2958 primie
719 2878 966 2947 arithmeticam,
999 2871 1091 2936 astro·

75 2975 199 3037 nomiam
214 2991 248 3039 et
273 2974 328 3038 [99
348 2989 493 3058 tempore
512 2975 748 3060 philosophiam
769 2977 932 3058 ciarooqne
953 2970 1092 3060 philoio·
1194 2999 1199 3008 ·

75 3071 144 3150 phoe
164 3077 328 3140 Bocchum
343 3090 376 3139 et
395 3077 590 3141 Diodotum.
629 3079 728 3142 Porro
748 3076 902 3170 artificem
916 3077 998 3138 vitri
1012 3073 1091 3136 dicit

77 3169 144 3238 l'lin.
160 3191 192 3255 5.
213 3193 272 3257 97.
288 3175 310 3242 1.
328 3195 384 3258 99.
419 3175 593 3242 Fabrorum
612 3180 819 3243 Sidoniorum
836 3179 981 3260 peritiam
995 3175 1094 3237 maxi·

77 3278 242 3340 99199191
264 3279 395 3342 Saiomo
421 3279 535 3364 tReg.
555 3291 587 3357 5,
614 3281 650 3345 6.
682 3295 715 3344 et
747 3282 908 3342 Homeme
939 3277 1093 3342 Sidonioe

79 3375 670 3463 999199ρτοοᾶὶωῐπολυδαιὸᾰλους.
704 3382 777 3446 vin.
798 3381 835 3444 11.
859 3394 918 3460 23.
944 3387 1029 3459 745.
1059 3387 1095 3438 et

79 3471 117 3534 ibi
136 3479 275 3544 Euiiath.
297 3501 330 3563 p.
352 3501 397 3546 m.
425 3493 530 3560 ι45ι,
558 3497 612 3558 17.
643 3503 716 3545 cnm
737 3481 894 3544 Bocharto
918 3483 952 3542 in
974 3477 1095 3561 Phaleg

81 3582 108 3654 4·
122 3591 174 3657 35.
212 3585 263 3646 De
281 3581 361 3644 urbe
383 3596 505 3665 praeter
524 3584 602 3646 elioe
622 3583 887 3669 Geogrephorom
907 3581 1006 3644 lihtoe
1026 3578 1094 3670 ¹rid.
1208 3619 1213 3632 ·

82 3672 289 3748 helanduein
320 3683 506 3756 Palaestina.
542 3685 717 3748 Bochertue
750 3687 783 3745 in
811 3683 928 3767 Geogr.
958 3681 1037 3749 iecra
1061 3690 1097 3740 et

82 3771 196 3864 Mignot
212 3783 263 3847 fur
278 3785 325 3849 lee
338 3785 528 3847 Pheniciene
548 3787 582 3846 in
597 3785 771 3850 Memoiree
792 3785 833 3846 de
852 3783 1026 3846 iittereture
1046 3811 1097 3828 -

85 3873 117 3939 fle
134 3883 213 3948 Parit
233 3888 331 3950 Tom.
349 3896 408 3967 34.
428 3905 461 3969 p.
483 3887 554 3966 965
571 3883 634 3969 sqq.
685 3886 813 3948 Incolae
827 3885 976 3946 dicuntur
995 3871 1098 3946 Σιδῶ-

84 3995 132 4042 otor
151 3999 182 4046 et
201 3981 358 4059 Σιδόνιοι,
388 4000 425 4048 ut
446 3985 559 4052 diserte
575 3999 689 4052 monet
702 3986 891 4070 Stephanus,
917 3986 1096 4066 docentque

84 4093 230 4159 Poetarum
244 4089 315 4155 loca
330 4107 348 4154 a
364 4086 500 4156 cenato
515 4089 613 4186 etiem
635 4089 671 4154 in
687 4087 805 4176 Geogr.
821 4100 887 4152 anto
906 4099 939 4168 3,
959 4101 1015 4160 co,
1035 4101 1095 4166 99.
