2764 4954
154 343 359 404 mom.
388 343 497 403 ΜΗ.
537 343 620 402 Li.
662 339 768 400 Mi.
810 339 888 414 Η.
975 353 1037 420 ³3¹

100 516 225 604 Gaza)
271 519 326 584 Sic
347 531 382 581 et
405 516 534 582 Graece.
586 517 627 580 In
643 515 744 579 litero
768 511 859 578 [νοτία
880 511 969 598 [repe
989 533 1040 578 oo·

42 619 113 680 currit
137 617 187 682 fob
211 622 345 684 nomine
369 621 458 690 ΠΨ.
492 619 582 682 cuiue
612 615 733 680 formae
766 615 895 702 vestigia
922 617 1042 680 exstent

42 721 113 780 eriam
131 720 161 782 in
181 719 362 806 Stephano,
395 721 451 803 qui
474 740 491 782 ι
513 719 601 800 Syrie
621 719 751 801 repetit.
786 715 837 780 sed
862 717 944 779 male
965 737 1040 780 cum

41 819 171 884 Eustrthio
186 823 223 885 arl
238 820 372 903 Dionys.
388 839 516 902 v.9eo.
542 839 661 884 nomen
678 818 716 880 rb
734 821 851 889 Aeone.
874 821 934 898 (o)
960 819 1041 880 Her·

42 921 98 982 eolis
116 923 191 996 filio,
222 923 359 987 derivet.
410 921 538 1006 Nempe
561 923 588 988 ΙΙ
613 921 735 983 initiale
762 922 796 982 io
824 919 935 982 multie
961 919 1041 984 folet

41 1039 80 1100 per
91 1021 114 1083 G
126 1023 234 1096 efferri,
255 1038 293 1086 ut
312 1023 406 1087 docet
421 1022 576 1106 exempli·
588 1021 739 1084 Bochart.
754 1021 787 1082 in
804 1019 908 1084 Chen.
926 1035 959 1091 Ω.
982 1039 1039 1086 12.

40 1115 140 1185 Nomen
160 1123 271 1190 Noiier
289 1123 454 1206 Cambyiie
476 1137 622 1206 tempore
643 1142 683 1187 ex
706 1121 825 1184 Perfice
847 1121 958 1206 lingua
981 1124 1041 1186 im·

40 1222 148 1300 poitum
159 1227 263 1299 tradit,
286 1245 424 1309 eumque
439 1223 537 1288 secuti
555 1223 664 1288 lfidor.
684 1222 931 1308 inOrigio.15‚
950 1242 982 1290 ι.
1006 1237 1041 1288 et

39 1321 138 1388 servior
156 1327 194 1389 ad
215 1329 328 1412 virgil.
350 1329 429 1390 Aen.
455 1345 486 1398 r,
513 1343 593 1410 ¹¹9·
627 1325 684 1386 etii
706 1328 845 1392 omniuo
869 1328 1042 1408 pecuniam

40 1427 129 1508 regiam
144 1448 161 1490 e
174 1427 275 1491 Perire
293 1449 409 1510 gazam
426 1439 573 1491 vocatam
587 1421 676 1486 iuiffe
691 1439 723 1488 et
736 1427 789 1488 aiii
802 1427 979 1498 adfirment.
1004 1428 1040 1490 in

38 1526 128 1601 quibus
150 1527 279 1592 curoue
303 1541 336 1608 3,
364 1542 418 1607 13,
438 1539 472 1606 5.
525 1527 596 1590 vid.
626 1527 712 1590 Hide
743 1522 894 1613 λείψανα
923 1529 1042 1592 veterio

39 1623 136 1710 linguae
147 1630 285 1692 Perficee
300 1649 332 1712 p.
350 1641 409 1707 8¹·
435 1641 468 1690 et
488 1629 523 1690 in
538 1629 651 1712 primie
666 1647 746 1710 quae
762 1629 904 1714 conlegit
919 1629 1042 1692 Feeine·

37 1723 135 1792 herniue
149 1731 182 1792 in
196 1733 305 1792 indice
319 1729 422 1794 Curtii
436 1729 471 1794 h.
483 1750 518 1792 v.
557 1727 642 1792 Cum
658 1743 769 1792 tomen
780 1730 861 1792 ultre
877 1729 1041 1810 cambysu

38 1837 150 1910 ternpore
167 1831 255 1894 orbie
280 1833 370 1914 origo
392 1829 576 1901 descendat.
610 1833 658 1892 uti
678 1831 742 1892 iam
763 1841 854 1894 antee
877 1833 1041 1894 monitum

37 1925 260 1996 circationem
277 1953 315 1994 ex
331 1931 489 1994 Hebraico
503 1929 593 1994 fonte
608 1931 765 2002 derivant,
786 1931 874 1993 uelit
892 1934 1042 2005 munitus,
1123 1941 1133 1968 ‘

37 2025 76 2086 etfi
93 2031 159 2095 elias
177 2054 195 2096 a
216 2031 291 2121 10ss
314 2034 386 2094 doci
400 2029 510 2116 poffit.
535 2032 622 2115 quod
640 2033 676 2094 iu
693 2033 824 2096 orientie
837 2033 955 2116 linguis
972 2035 1042 2096 the·

36 2123 132 2194 faurum
152 2134 322 2219 fignifioare
344 2135 454 2196 docuit
467 2133 614 2198 Bochart.
630 2135 664 2196 in
679 2133 799 2220 Phaleg
815 2149 847 2206 ν,
867 2149 901 2196 2.
943 2135 1040 2219 Quod

35 2230 105 2291 tradit
124 2235 322 2318 Stephanus,
351 2235 462 2298 eodem
485 2237 583 2296 etiam
599 2248 710 2298 roceto
726 2235 770 2298 est
790 2231 901 2323 Ἰώνη,
933 2235 972 2297 ab
993 2238 1040 2308 10.

35 2346 92 2406 qme
110 2333 152 2395 ibi
170 2333 297 2419 adpulsa
319 2335 361 2397 est
384 2348 417 2398 et
439 2335 563 2400 mansit.
604 2333 656 2400 cf.
679 2335 804 2402 idems.
823 2357 856 2400 ν.
879 2329 987 2401 Ἰόνιον
1008 2352 1042 2400 et

36 2427 147 2500 Eustath.
170 2439 211 2499 ed
227 2434 361 2518 Dionys.
378 2457 411 2500 v.
427 2453 488 2516 92.
514 2436 571 2498 ubi
596 2451 703 2500 tamen
726 2431 808 2526 'livry
830 2438 936 2502 exstat.
988 2437 1041 2504 lire

37 2537 195 2600 memoriam
228 2535 366 2600 serravit
397 2539 493 2601 etiam
525 2537 630 2600 culmo
667 2539 749 2620 apud
784 2539 923 2602 Gazaeoe
950 2538 1040 2624 (vid.

38 2627 142 2700 Eekhel.
163 2658 257 2702 num.
279 2651 344 2702 ret.
365 2659 398 2720 p.
415 2635 496 2722 79.)
521 2652 554 2700 et
575 2641 668 2701 numi
689 2638 809 2705 ferunt.
843 2641 931 2726 (vid.
953 2643 1040 2703 idem

38 2727 65 2792 de
75 2734 206 2801 doctrina
220 2759 350 2804 numor.
364 2739 402 2802 P.
417 2759 446 2804 ι.
459 2739 530 2803 Vol.
542 2753 575 2820 5.
594 2761 625 2828 p.
636 2748 709 2824 449
720 2739 784 2827 sq.)
818 2743 937 2805 Adiicit
950 2743 1041 2803 aliud

38 2849 129 2901 nomen
154 2834 276 2904 Μινώα
296 2839 491 2924 Stephanus.
514 2839 591 2924 (sub
616 2855 751 2924 utraque
776 2840 878 2929 voce)
909 2844 995 2924 quod
1021 2863 1040 2904 a

39 2927 125 3001 Minoe
137 2939 280 3006 Cretenfi
301 2945 399 3024 petit,
432 2955 465 3004 et
481 2961 657 3004 numorum
673 2945 772 3005 etiam
791 2945 879 3029 ligna
899 2943 1040 3006 inlustra-

38 3049 107 3109 mntr
129 3057 165 3106 ut
180 3045 314 3125 adparet
328 3063 368 3104 ex
383 3041 532 3106 Eckhelii
551 3043 697 3106 doctrina
718 3065 807 3107 num.
824 3065 856 3126 p.
872 3055 918 3125 45
929 3066 957 3106 ι.
974 3065 1000 3107 c.
1017 3045 1040 3109 l.

38 3131 76 3193 obi
91 3141 174 3222 pluro
195 3143 354 3207 habende
374 3145 516 3207 nominis
537 3141 639 3209 causo.
689 3145 776 3209 Hinc
793 3147 877 3228 apud
899 3146 1042 3208 Gazaeoe

38 3230 102 3302 lovie
124 3243 261 3316 Cretaei,
293 3247 427 3309 nomine
447 3245 604 3317 Maman,
636 3247 747 3318 cultus.
776 3267 875 3329 quem
902 3247 1042 3331 adtingit

37 3336 111 3404 etiam
126 3345 309 3430 Stephonue
323 3359 357 3408 et
369 3349 460 3410 numi
475 3346 696 3428 comprobant,
716 3362 750 3412 et
762 3348 866 3418 docte,
887 3361 923 3407 ut
940 3345 1040 3430 ipsam

38 3451 142 3516 vocem,
168 3447 332 3531 explicant
354 3461 476 3530 praeter
497 3446 690 3512 Eokhelium
711 3467 739 3513 o.
759 3449 783 3514 1.
807 3447 977 3514 Berkeliue
1001 3449 1041 3508 ad

38 3534 163 3622 Stephon.
185 3571 218 3632 p.
238 3548 324 3624 256.
357 3549 541 3612 Holsteniue
561 3549 601 3612 ad
625 3551 765 3613 eundem
788 3569 821 3632 p.
839 3561 897 3628 ⁶78.
924 3563 956 3610 et
978 3548 1043 3612 Bo·

39 3635 115 3708 thart.
128 3648 160 3709 io
178 3649 312 3733 l’haleg.
336 3669 364 3720 ν,
382 3663 438 3727 15.
462 3663 495 3712 et
514 3653 682 3734 praecipue
704 3655 736 3712 in
755 3649 860 3715 Chen.
881 3671 911 3721 ι,
931 3658 985 3727 ¹5·
1009 3664 1042 3712 et

39 3750 62 3806 2·
77 3761 125 3810 ιν.
174 3751 227 3812 De
238 3750 307 3812 eiue
322 3763 354 3811 et
369 3751 503 3813 aliorum
518 3755 660 3814 Deorum
678 3752 805 3835 templis
823 3749 862 3814 cf.
877 3753 1042 3814 Relandoe

39 3837 62 3897 in
74 3843 239 3912 Palaestina
254 3849 310 3914 lib.
321 3863 353 3930 5.
369 3871 401 3934 p.
412 3871 457 3916 m.
468 3864 552 3931 587.
583 3851 731 3924 Fabulae,
751 3865 790 3913 ut
803 3865 836 3912 et
850 3867 962 3914 monet
974 3853 1041 3915 Ste-

38 3940 154 4023 i’haoue.
182 3953 340 4038 originem
363 3952 449 4016 urbie
466 3955 505 4016 ad
525 3951 627 4036 ipsum
650 3954 765 4016 Iovem
784 3953 977 4023 retulerunt,
1003 3973 1041 4016 ex

37 4055 84 4118 isso
105 4048 235 4131 quidem
265 4048 402 4118 vetustae
427 4056 496 4118 eiue
525 4055 624 4139 vulgo
651 4054 807 4118 celebrate
833 4051 1041 4140 cognoscitur,
