2828 4966
289 381 373 465 ‘to
476 369 485 376 ’
600 399 1103 460 nortnnxeanrtctn

408 571 659 656 Arabicum)
712 575 747 638 st
768 574 806 636 ab
827 577 973 638 orientali
995 575 1099 640 fronte
1123 577 1222 638 Atiae
1254 577 1298 637 in
1326 593 1390 638 oco

331 675 463 742 dentem
486 678 744 761 progrediamur,
780 682 868 760 ptine
900 681 1036 740 occurrit
1065 677 1264 748 Personam,
1307 697 1390 758 quat

330 779 502 844 Arabicum
533 797 637 849 mare,
679 775 731 838 ted
762 779 796 840 in
824 780 971 840 locorum
999 781 1191 842 nominibus
1237 781 1390 840 ordinet

331 881 477 966 persequi
492 899 558 942 non
576 879 619 940 eft
641 875 804 942 facundiae
819 880 993 944 admodum
1009 881 1148 966 benigna
1160 883 1342 948 materia,
1374 899 1390 940 n

331 984 366 1044 in
385 984 550 1066 prooemio
573 980 701 1042 testatus
718 980 761 1042 est
778 981 875 1045 Mela.
929 983 1008 1044 ldeo
1029 983 1292 1063 provinciarum
1318 981 1390 1044 loct

331 1103 468 1164 rumque
483 1079 631 1144 ordinem
653 1083 861 1164 interrumpit
881 1083 1068 1164 aliquando,
1094 1096 1131 1144 ut
1148 1083 1219 1144 hoc
1248 1079 1331 1164 ipso
1360 1099 1390 1142 ca

330 1189 416 1270 pite:
451 1187 492 1244 In
512 1179 609 1267 fiexa,
633 1184 748 1264 inquit,
774 1175 847 1274 ipso
869 1183 986 1246 Cilicia
994 1205 1007 1256 ‚⁹
1031 1197 1125 1246 extra
1146 1196 1271 1244 autem
1291 1183 1390 1264 Lyci.

331 1300 364 1349 ee
378 1285 585 1366 Pamphylio,
613 1303 687 1345 cum
705 1284 833 1346 Ciliciae
854 1287 984 1368 propior
1001 1285 1038 1346 sat
1052 1280 1265 1366 Pamphylia,
1298 1301 1390 1364 quan

331 1389 440 1468 Lycia.
477 1405 690 1448 ctaccoutva.
750 1387 802 1450 Etr
824 1387 901 1447 haec
922 1387 1043 1467 aliqua,
1077 1400 1107 1448 at
1130 1405 1256 1468 parum
1288 1385 1390 1445 validi

330 1487 500 1552 excusandi
517 1486 621 1558 causa,
647 1501 777 1568 atquae
799 1488 1013 1572 negligentiae
1029 1489 1154 1568 culpam
1170 1507 1244 1548 non
1274 1486 1390 1546 diluat

313 1649 316 1654 ,
330 1589 497 1655 Nimirum
513 1590 591 1654 haec
606 1609 646 1652 ex
662 1584 886 1672 progreffionia
903 1587 980 1651 serie
998 1589 1167 1650 diiudicari
1187 1587 1343 1650 debent.

407 1815 454 1855 ex
479 1789 702 1874 Scythico)
752 1792 806 1852 Vti
828 1789 928 1874 supra.
964 1793 1014 1854 De
1034 1789 1101 1874 ipso
1125 1809 1257 1864 errore,
1288 1803 1390 1872 quem

275 1905 278 1912 '
331 1895 520 1978 interpretes
540 1907 709 1964 notarunt,
735 1893 821 1955 alibi.

407 2091 643 2190 angustior)
677 2096 761 2179 Quia
779 2097 813 2156 in
829 2095 970 2158 nostrum
986 2115 1071 2158 mare
1086 2095 1258 2167 inclinans,
1284 2093 1390 2154 latera

332 2199 503 2260 contrahit.
539 2215 722 2260 tentative.
777 2196 882 2258 Nimia
903 2199 1197 2278 hocpraemature,
1233 2217 1322 2258 cnm
1346 2195 1390 2253 de

332 2297 537 2380 sequentibus
559 2299 671 2359 valeat.
724 2299 847 2368 Immo,
878 2301 964 2380 quod
989 2296 1092 2379 ipsum
1116 2297 1238 2360 indicat
1262 2295 1385 2362 noster,

332 2415 464 2484 propter
483 2399 670 2477 Scythicum
693 2397 867 2468 Oceanum,
894 2417 992 2480 aquo
1011 2413 1145 2460 tractum
1162 2400 1262 2460 illurn
1286 2413 1384 2458 occu-

332 2502 400 2582 pari
419 2500 605 2569 credebant,
631 2498 688 2558 ubi
711 2499 807 2561 hodie
831 2499 873 2560 est‘
894 2513 973 2563 terra
992 2502 1172 2562 continent.
1225 2495 1390 2576 Recipit.

331 2601 449 2679 accipie
473 2599 574 2661 noster
594 2601 635 2661 de
658 2602 753 2670 mari,
787 2601 869 2671 tino.
904 2615 1002 2670 terra,
1036 2604 1070 2662 in
1104 2620 1183 2682 quae
1210 2599 1378 2666 Oceanus,

333 2720 443 2764 anunea
466 2714 593 2771 exeunt,
616 2701 668 2762 vel
690 2715 864 2783 penetrant.
901 2704 973 2765 Vid.
992 2715 1023 2782 3,
1049 2723 1078 2774 t,
1097 2703 1130 2766 6.
1161 2715 1193 2781 5,
1216 2713 1250 2779 a,
1278 2717 1316 2763 a.
1349 2717 1379 2767 ¹9

339 2823 369 2875 ι,
390 2816 424 2883 3.
461 2803 515 2866 sic
536 2803 589 2865 hic
608 2801 712 2884 postea
732 2805 880 2884 excipere.

409 3024 526 3087 quam
544 2995 728 3092 fuerat)
776 3006 847 3066 Hoc
876 3005 915 3066 ad
945 3003 1083 3066 vetustae
1107 3005 1250 3086 picturae
1275 3001 1375 3066 fidem

334 3105 455 3169 retulit.
491 3105 598 3167 Hodie
615 3103 727 3166 faliunt
748 3107 807 3167 effe
828 3125 926 3168 nemo
944 3105 1052 3169 nescit.
1080 3121 1270 3170 ventanae.

403 3297 538 3397 finem
546 3305 566 3388 )
616 3307 687 3368 Hoc
702 3306 744 3370 e'st
761 3308 798 3367 ad
821 3322 914 3390 caput
929 3308 1038 3370 Bonae
1053 3308 1144 3390 Spei.
1171 3306 1283 3371 versuo
1307 3323 1372 3366 me·

336 3409 469 3478 ridiem‚
499 3423 532 3470 et
553 3409 694 3479 Tanain,
722 3407 829 3472 versus
860 3409 1130 3491 septemtrionem.
1170 3423 1366 3470 ottraatve.

335 3512 385 3572 Aa
407 3511 577 3579 terminos,
608 3511 722 3591 quibua
743 3509 895 3592 separatur
916 3509 1015 3578 Africa
1036 3524 1068 3572 et
1093 3511 1230 3591 Europa.
1266 3525 1369 3572 onaa-

336 3630 414 3672 νινε
436 3611 512 3672 Μ8.
565 3611 625 3672 Vbi
648 3613 698 3672 vei
721 3611 878 3680 homines,
906 3612 957 3671 vel
981 3609 1042 3692 ipsa
1061 3623 1169 3672 natura
1186 3607 1367 3672 terminavit

321 3711 581 3792 'appellationem
602 3713 705 3784 ttae,
739 3727 771 3774 et
793 3716 939 3797 regionee
962 3713 1021 3774 alio
1041 3717 1172 3774 nomine
1189 3723 1365 3774 occurrunt.

339 3829 364 3874 1.
387 3831 579 3874 cnouovtvs
601 3813 676 3874 MS.
730 3815 876 3894 Europae
900 3833 916 3874 a
940 3811 1180 3894 septemtrione.
1211 3811 1328 3874 Africae
1348 3827 1364 3866 a

242 3975 246 3985 Δ
338 3914 481 3974 meridie.
534 3915 612 3974 Ideo
636 3915 680 3974 ait
700 3913 797 3974 altero
823 3934 922 3976 cornu
945 3916 983 3973 ad
1007 3916 1139 3974 Tanaim
1159 3933 1247 3982 earn.
1272 3915 1364 3974 altero

339 4015 379 4076 ad
403 4013 514 4073 Nilum
540 4034 680 4096 pergere.
740 4014 823 4076 Nam
856 4015 995 4076 mediam
1027 4014 1126 4076 aestuo
1157 4016 1251 4076 maria
1277 4007 1364 4076 nostri

340 4113 504 4179 cohibent.
529 4133 712 4180 vtotanva.
753 4117 852 4179 Recte
868 4115 956 4179 haec.
991 4114 1075 4178 Nam
1092 4117 1132 4180 de
1148 4118 1248 4200 capite
1263 4117 1363 4179 Bonae
