2922 4958
338 352 402 430 5⁶³
609 357 769 420 nocua
808 360 1113 420 oxascacclua

217 517 222 526 ’
343 543 451 592 tamen
466 529 693 595 Nicomedicus
712 533 757 596 est
776 535 897 607 dictus.
923 549 960 596 ut
980 551 1014 598 et
1034 535 1151 606 hodie.
1175 555 1250 598 cum
1265 549 1384 600 nautae

344 629 567 694 Nicomediam
589 649 703 704 vocent
722 634 880 700 Considio.
931 639 969 698 ln
984 638 1087 698 tabula
1104 637 1255 722 Peutiog.
1273 659 1315 700 ex
1330 639 1385 701 ed.

341 733 493 812 Scheybii
516 736 595 795 illud
619 757 751 810 nomeu,
775 740 862 821 quod
880 751 970 800 antea
986 739 1157 824 legebatur,
1181 759 1385 821 quascumque

342 833 383 896 de
410 834 496 897 caula
523 840 664 902 evanuit.
724 838 791 924 lpla
825 840 1012 901 Nicomedia
1049 839 1105 900 lub
1133 841 1386 922 imperatoribus

341 939 481 998 maxime
503 938 613 1000 lluruit
637 955 670 1002 et
694 943 893 1023 pulcerrimis
919 943 1069 1003 aedificiis
1093 955 1125 1002 et
1151 943 1302 1023 operibus
1332 961 1385 1002 ex·

342 1035 515 1120 splenduit,
546 1061 626 1122 quas
647 1039 804 1126 descripsit
821 1043 972 1104 Libanius
991 1043 1025 1104 in
1048 1043 1202 1104 monodia
1219 1045 1260 1104 de
1284 1042 1386 1104 Nico-

342 1143 446 1200 media
465 1157 562 1204 terrae
578 1159 670 1204 motu
686 1147 875 1226 (imperante
893 1145 1092 1220 Constantio)
1109 1143 1278 1207 decollata.
1314 1145 1385 1206 Me·

340 1244 495 1323 tropolim
519 1258 552 1304 et
572 1246 708 1328 primatu
732 1247 899 1322 Bithyniae
923 1244 1028 1305 ienaut
1050 1246 1114 1306 Dio
1139 1243 1386 1322 chrysostomus

341 1343 376 1404 in
403 1357 479 1406 orat.
500 1354 558 1420 38.
580 1369 613 1428 p.
635 1356 714 1425 144.
737 1346 847 1409 lleisk.
873 1361 905 1408 et
928 1348 1030 1409 numi.
1058 1344 1203 1422 (Eckhel
1225 1347 1261 1406 in
1279 1347 1385 1408 doctr.

341 1465 436 1508 num.
459 1447 495 1507 P.
518 1468 547 1510 ι.
569 1448 640 1510 Vol.
659 1466 690 1510 a.
715 1469 747 1530 p.
764 1461 838 1528 430
855 1447 917 1530 lq.)
970 1449 1116 1510 lnuotuit
1137 1465 1226 1508 nunc
1245 1449 1385 1510 nomine

298 1577 300 1582 ·
341 1545 450 1611 Ismit.
476 1547 643 1628 (Pococlce
659 1549 700 1612 T.
719 1563 752 1629 3.
771 1572 803 1634 p.
819 1571 864 1612 m.
885 1551 988 1630 140.)

396 1735 401 1752 .
509 1753 538 1830 §.
568 1763 601 1829 5.
651 1750 947 1833 propiores)
996 1752 1120 1814 Plinius
1141 1761 1175 1827 5.
1196 1748 1385 1830 ihs-5²·

343 1839 453 1940 rursus
472 1850 654 1915 coeuntibus
675 1857 766 1916 terris
786 1852 961 1947 aragafiioe.
1005 1851 1119 1915 Nosser
1135 1851 1223 1933 supra
1247 1873 1275 1922 ι,
1299 1873 1330 1924 ι,
1349 1863 1385 1930 4.

342 1951 486 2014 litoribus
508 1975 548 2015 eac
561 1945 684 2046 diverso
704 1975 802 2036 prope
820 1953 1002 2016 coeuntibus
1017 1957 1051 2014 in
1073 1969 1178 2015 artum
1195 1954 1323 2034 egitur,
1353 1964 1385 2014 et

344 2054 512 2137 deinceps:
549 2054 603 2116 ubi
626 2057 737 2117 iterum
757 2048 796 2148 se
819 2051 936 2148 prcaffit.
990 2039 1113 2117 Plinius
1133 2067 1167 2134 4,
1194 2061 1254 2136 94.
1279 2052 1302 2115 f.
1327 2069 1382 2118 12.

252 2221 254 2234 Ι
343 2149 449 2247 narsus
470 2159 625 2238 (aequor)
645 2159 677 2220 in
692 2171 799 2222 crtum
813 2161 888 2222 coit.
922 2158 966 2218 Et
982 2155 1021 2218 fic
1039 2157 1093 2218 alii
1110 2157 1226 2218 variata
1242 2151 1361 2218 forma.

421 2358 607 2440 exituri)
657 2361 791 2422 Videtur
811 2373 936 2443 putare.
962 2379 1048 2420 mare
1063 2358 1225 2444 Aegaeum
1247 2359 1337 2420 exire
1352 2359 1383 2416 in

342 2460 496 2528 Pontum,
521 2475 553 2520 st
567 2463 668 2549 magia
683 2463 813 2542 quidem
830 2475 935 2543 aperte
950 2463 982 2520 id
1005 2462 1160 2521 indicavit
1183 2479 1211 2530 ι,
1233 2477 1262 2521 ι.
1291 2458 1383 2519 nbis

344 2558 425 2622 freto
456 2561 613 2624 Gaditano
639 2564 750 2624 venire
783 2582 870 2623 mars
902 2565 1066 2623 internum
1092 2562 1187 2630 dicit,
1222 2573 1257 2621 et
1280 2562 1384 2622 varios

343 2661 444 2723 flexus
465 2674 498 2723 et
517 2664 711 2726 mutationes
734 2661 853 2733 subire,
885 2665 963 2722 dum
984 2662 1091 2744 paludi
1116 2661 1275 2722 Maeotidi
1299 2680 1383 2722 com·

344 2764 502 2824 mittatur.
549 2763 602 2824 Sic
624 2779 657 2826 et
676 2763 788 2830 Strabo
807 2779 840 2828 o.
862 2785 894 2846 p.
911 2775 970 2842 35.
994 2761 1015 2827 s.
1034 2771 1114 2843 cols.
1137 2757 1292 2826 ἐκδίδωσι.
1346 2763 1386 2825 At

343 2861 454 2926 salium
476 2865 540 2926 hoc
555 2863 614 2927 elle
631 2881 752 2948 praeter
767 2879 891 2928 veteres
909 2865 1014 2949 plures
1029 2877 1191 2934 auctores,
1218 2881 1303 2944 quos
1322 2863 1388 2924 lau·

340 2967 397 3027 dat
413 2967 595 3027 Hacduiuus
611 2969 647 3028 ad
663 2968 747 3029 Pliu.
766 2983 797 3035 2.
821 2987 899 3030 too.
920 2965 940 3027 i.
960 2983 1017 3044 97.
1041 2966 1210 3028 adfirmant
1226 2966 1326 3025 etiam
1342 2981 1388 3025 re·

345 3072 512 3130 centiores.
572 3069 621 3129 Ex
647 3065 760 3130 multis
786 3066 826 3132 ci.
854 3069 981 3148 Gyllius
1005 3069 1044 3128 de
1075 3064 1216 3148 Bosporo
1243 3065 1388 3128 Thracio

344 3169 401 3230 lib.
422 3187 452 3232 1.
471 3189 538 3250 cap.
561 3191 589 3232 ι.
605 3183 637 3232 et
653 3181 685 3251 4.
721 3167 918 3231 Toumefort
940 3187 1064 3252 voyage
1086 3169 1128 3230 T.
1147 3182 1182 3230 Ω.
1211 3167 1305 3227 lettre
1331 3179 1386 3244 ¹5·

342 3288 375 3352 p.
398 3291 442 3330 m.
468 3269 600 3352 doolq.
655 3269 760 3353 lpium
787 3285 893 3332 tamen
928 3269 1051 3331 fluxum
1086 3267 1147 3332 elie
1179 3267 1329 3349 rapidum
1358 3281 1390 3330 et

343 3373 445 3434 modo
468 3371 542 3443 hnc.
569 3373 668 3434 modo
694 3373 771 3434 illuc
792 3370 864 3433 ferri
887 3383 920 3434 et
941 3369 1060 3439 reiecti.
1086 3371 1230 3432 adfirmat
1257 3367 1389 3447 Gylliue

350 3493 380 3542 a,
397 3483 433 3552 4.
455 3494 482 3537 c.
500 3475 521 3534 l.
545 3485 577 3533 et
593 3493 631 3534 ex
648 3474 809 3535 veteribus
823 3473 937 3535 docuit
951 3471 1107 3552 Polybius
1123 3481 1157 3549 4.
1174 3481 1235 3550 45.
1274 3471 1389 3552 Dupli-

345 3591 415 3635 cem
444 3575 496 3634 alii
522 3575 645 3636 fluxum
671 3589 937 3642 commemorant.
963 3573 1144 3656 supernum.
1175 3571 1287 3653 quiin
1309 3571 1389 3634 Pro·

343 3677 515 3758 pontidem
537 3695 576 3736 ex
598 3675 705 3736 Ponto
728 3673 862 3748 feratur,
896 3679 1076 3745 internum,
1108 3675 1164 3756 qui
1186 3675 1220 3734 in
1242 3672 1388 3736 Pontum

345 3779 466 3846 tendat.
491 3791 526 3837 ut
542 3777 719 3859 Procopius
734 3778 774 3840 de
785 3779 821 3840 Β.
832 3779 929 3839 Goth.
943 3786 977 3858 4,
995 3777 1028 3839 6.
1053 3789 1086 3837 et
1101 3773 1244 3836 Maccob.
1260 3775 1387 3838 satum.

252 3915 255 3920 ,
346 3891 379 3954 7.
402 3895 455 3942 ao.
494 3879 540 3940 ltx
554 3898 612 3960 qua
628 3879 819 3960 opinionum
835 3879 1014 3940 diventilate
1031 3897 1118 3938 nunc
1133 3868 1283 3950 indolui.
1300 3895 1387 3938 nunc

343 3973 492 4056 εἰσβολαὶ
516 3975 656 4052 Πόντου
668 3982 701 4040 in
717 3979 898 4042 auctoribus
914 3981 1103 4042 indicantur.
1139 3979 1262 4038 Totum
1279 3990 1387 4041 summ

341 4077 461 4144 ustum
480 4080 593 4149 Noster
610 4094 703 4146 vocat
717 4082 870 4157 canalem,
895 4095 929 4148 et
946 4080 1016 4170 poll
1033 4079 1175 4168 partibus
1193 4078 1347 4166 deligunt.
