2892 4950
218 371 270 432 ΓΝ
299 371 435 432 POMP.
465 371 572 430 Met.
612 372 695 430 1..1.
738 372 885 435 cxvtt.
927 374 1005 446 §.m
1067 381 1130 456 495

84 548 179 614 euim
197 567 226 611 c.
244 547 266 611 l.
289 545 440 610 meliorne
457 545 550 618 libri,
576 545 651 608 tesso
669 543 818 619 Heinsio,
850 544 1030 629 praeferunt
1049 548 1132 630 Cay-

83 649 184 738 stros.
222 649 285 710 Pro
302 640 476 735 lio'i'orpoe
498 647 659 710 Homerus
679 647 760 708 dixit
781 643 983 736 liddorproe,
1009 649 1130 730 dequo

84 751 157 814 vid.
177 749 223 812 ihi
242 748 436 812 Eusiuthiua.
490 749 573 812 ntur
588 749 685 811 etiam
702 767 741 814 ex
760 749 930 832 periphrasi
947 744 1131 838 liriu'orpue

84 847 239 940 ποταμὸς
262 851 408 914 occurrit.
434 849 612 934 (Herodot.
632 863 663 928 5,
685 869 766 914 roo.
792 851 899 914 Schol.
916 852 955 914 ad
971 849 1129 934 drihoph.

83 954 225 1018 Acheru.
240 973 274 1016 r.
291 949 371 1034 68.)
407 951 537 1014 Nomen
555 951 718 1014 derivatur
736 971 753 1014 a
769 951 897 1031 Caystro
913 952 1129 1015 Penthesileae

85 1069 121 1118 et
141 1055 314 1118 Amazonia
335 1054 418 1126 filio,
441 1051 603 1138 (Eushuh.
619 1055 658 1114 ad
677 1053 810 1116 Homer.
827 1073 855 1117 c.
871 1053 894 1118 l.
921 1054 1064 1134 Etymol.
1080 1054 1127 1118 M.

83 1157 119 1220 h.
136 1152 185 1238 a.)
210 1155 264 1216 rel
276 1155 348 1236 quia
363 1155 502 1216 vicinam
518 1153 631 1216 habeat
645 1155 810 1240 regionem
827 1153 1128 1242 κατακεκαυμένην.

84 1272 126 1320 ut
155 1257 254 1318 tradit
286 1255 439 1338 Stephon.
463 1257 496 1318 h.
519 1276 552 1318 v.
592 1254 630 1318 ad
656 1275 753 1338 quem
786 1257 826 1318 de
853 1255 905 1318 illa
930 1258 1061 1342 regione
1087 1255 1129 1320 cf.

84 1358 220 1422 Berkel.
237 1378 271 1440 p.
285 1367 371 1439 495.
403 1356 571 1441 Originem
587 1357 656 1420 eiua
672 1357 760 1418 ducit
773 1357 898 1420 Plinius
915 1370 947 1436 5,
966 1373 1024 1438 51.
1036 1357 1056 1420 s.
1068 1375 1126 1438 29.

82 1480 127 1524 ex
143 1457 300 1522 Cilbianis
316 1459 414 1542 iugia,
436 1477 575 1540 «luorum
592 1459 666 1520 srtue
679 1459 825 1520 constitui
845 1459 944 1540 potest
958 1481 997 1524 ex
1012 1461 1128 1524 Cilbia-

85 1563 137 1624 nia
161 1561 245 1644 agria
269 1557 357 1640 supra
374 1557 546 1642 Ephesum.
573 1553 720 1634 (Plinius
736 1573 794 1637 53,
818 1573 875 1638 37.
895 1559 914 1622 s.
934 1559 990 1646 7.)
1043 1562 1127 1622 Hinc

88 1663 256 1724 Vitruvius
279 1675 312 1733 7,
337 1672 371 1738 8.
397 1671 630 1723 commemorat
652 1681 749 1742 agros
772 1657 980 1750 Ephestoruur
1009 1660 1126 1724 Cilbia-

85 1783 165 1836 nos,·
200 1761 314 1823 Strabo
335 1771 390 1839 ¹4·
413 1781 444 1843 p.
467 1771 553 1844 432.
570 1759 590 1824 s.
610 1763 694 1840 629.
723 1781 822 1843 prope
841 1763 995 1823 Tmolum
1019 1762 1125 1826 versun

85 1863 258 1926 Orientem
274 1862 429 1926 conlocat.
480 1863 566 1926 Hinc
581 1863 741 1924 Nicander
758 1864 791 1922 in
808 1863 936 1924 Theric.
952 1885 984 1924 v.
1002 1865 1086 1942 654:
1104 1863 1124 1927 Γ.

85 1963 194 2030 soutea
216 1966 287 2028 eiua
304 1963 443 2048 designat
461 1981 559 2047 prope
581 1947 788 2026 Tmolum'et
805 1963 1011 2036 Parthenium
1035 1983 1126 2026 mou·

86 2081 171 2140 tem,
203 2064 393 2128 Scholiassae
415 2065 534 2145 Lydiae
557 2064 836 2148 promontorium,
862 2065 945 2144 quod
970 2063 1125 2150 posteriue

87 2182 196 2230 tamen
219 2165 367 2228 offendit.
425 2167 477 2228 Sic
497 2183 563 2228 non
586 2167 667 2232 male
691 2165 820 2246 quidem
847 2165 965 2244 Lydiae
986 2167 1124 2228 fluvium

87 2271 166 2332 dicit
192 2269 301 2332 Schoi.
328 2267 485 2350 Arihopb.
507 2288 535 2330 c.
557 2267 578 2330 1.
615 2266 666 2328 sed
693 2268 774 2329 male
797 2267 884 2327 idem
911 2268 948 2327 ad
971 2267 1123 2328 Miletum

85 2371 273 2438 trauelocat.
298 2370 347 2428 uti
368 2367 426 2431 sec.
442 2385 594 2432 numeret
609 2367 765 2450 adpositos
776 2367 813 2428 ad
830 2367 1003 2453 Phrygiam
1020 2366 1125 2432 sontea

85 2475 202 2535 reiicit.
253 2471 314 2540 Per
331 2469 482 2552 Hypaepa
498 2471 648 2540 decurrit,
670 2467 805 2552 (Vibius
821 2469 853 2532 h.
870 2491 902 2532 r.
913 2487 926 2551 y
951 2473 1035 2551 quod
1058 2483 1125 2532 erat

85 2573 247 2656 oppidum
280 2571 398 2650 Lydiae
435 2589 534 2652 prope
566 2571 721 2632 anolum
758 2571 889 2648 (Strabo
912 2585 962 2646 ³3.
986 2593 1017 2653 p.
1034 2583 1121 2652 431.

87 2674 214 2754 [627.
250 2671 348 2734 Ovio.
371 2671 503 2734 Metam.
524 2693 577 2742 rr,
606 2674 706 2750 152.)
729 2683 762 2734 et
784 2691 883 2754 prope
905 2672 1064 2754 Ephesum
1089 2675 1123 2734 in

87 2795 174 2839 mare
191 2786 389 2844 exoneratur,
415 2774 500 2836 uncie
516 2773 629 2855 Ephesi
645 2787 755 2854 portua
769 2773 812 2834 ob
829 2773 944 2834 simum
961 2793 977 2834 a
993 2775 1122 2853 Caystro

86 2879 259 2940 advectum
275 2873 409 2937 vadosut
426 2889 492 2938 erat
508 2872 618 2943 sactus,
636 2874 760 2950 (Strabo
782 2882 833 2952 14.
851 2895 882 2956 p.
892 2883 977 2951 441.
990 2873 1009 2936 s.
1023 2877 1122 2956 641.)

87 2993 119 3042 et
140 2978 268 3042 Pliniua
290 2988 323 3054 5,
348 2989 405 3055 5¹·
425 2974 446 3039 Γ.
462 2992 521 3056 29.
552 2973 714 3056 Ephesum
739 2973 872 3064 Caystro
899 2973 988 3034 adsui
1006 2975 1123 3040 scribit.

88 3078 139 3144 cf.
154 3093 190 3142 et
207 3079 365 3140 Herodot.
382 3091 414 3155 5,
436 3097 515 3140 roo.
566 3076 665 3138 Recte
680 3077 776 3159 igitur
792 3074 955 3154 Caystrum
972 3096 989 3136 a
1008 3076 1122 3139 Nostro

87 3181 240 3262 deincept
263 3179 401 3261 positum
423 3179 483 3240 esse
502 3190 593 3240 notat
615 3177 667 3238 hic
690 3171 831 3244 Vossrut,
863 3190 895 3237 et
914 3175 1123 3257 Ortygiuma

86 3283 257 3364 Propertio
278 3293 309 3359 3.
328 3296 386 3348 cr.
412 3293 465 3357 15.
490 3279 614 3348 vocari,
646 3279 718 3358 quia
740 3275 884 3358 Ephesur
905 3287 996 3338 antea
1018 3279 1122 3359 adpel-

85 3385 146 3446 lata
162 3381 260 3444 suerit
276 3381 419 3464 Ortygia.
454 3378 505 3444 Cf.
523 3399 602 3462 quae
623 3377 836 3442 disseruerunt
859 3380 896 3439 ad
919 3377 1122 3460 Propertium

87 3480 274 3548 Broukhus.
293 3497 324 3542 et
342 3485 554 3544 Burmannus.
608 3480 740 3562 Proprie
757 3493 863 3540 autem
885 3478 1015 3562 Ortygia
1033 3481 1122 3543 lucua

87 3585 149 3648 suit
175 3603 277 3667 prope
303 3581 482 3664 Ephesum,
516 3603 572 3663 per
598 3601 694 3663 quern
719 3580 837 3642 fluebat
863 3580 1048 3650 Cenchrina,
1071 3584 1120 3659 (r)

87 3702 123 3750 nt
137 3688 284 3749 adfirmat
299 3683 411 3746 Strabo
435 3693 488 3762 ¹4·
507 3703 538 3764 p.
555 3693 639 3766 44⁰·
656 3680 676 3745 Γ.
695 3682 781 3760 639.
807 3683 1067 3744 confirmantibus
1088 3685 1121 3744 id
1173 3687 1176 3696 ‘

86 3787 236 3856 Pausania
254 3800 286 3858 7·
304 3797 336 3862 5.
357 3797 390 3863 5·
414 3799 447 3846 ot
461 3785 573 3846 Tacito
586 3783 695 3846 dunel.
708 3783 809 3860 3,61.
833 3784 890 3864 qui
907 3785 940 3842 in
957 3783 1121 3862 Caystrum

85 3891 204 3952 influit.
228 3883 447 3972 (Tonruesort
466 3887 506 3948 T.
526 3899 559 3964 5.
576 3905 607 3966 p.
622 3905 667 3948 m.
686 3881 792 3965 590.)
844 3885 994 3964 Hypaepa
1018 3886 1122 3948 Ptole·

85 4011 195 4056 maeue
211 4003 245 4068 5.
266 4004 299 4052 Ω.
327 4001 366 4049 ut
382 3988 509 4050 numeri
532 3984 672 4056 suadent,
697 3986 829 4066 propius
849 3985 982 4066 adponit
1000 3987 1121 4049 Hermo

85 4094 198 4158 fluvio.
237 4090 387 4162 Dirimit‚
411 4087 544 4172 opinor,
565 4087 651 4150 illam
672 4085 906 4148 dubitationem
923 4084 1027 4150 tabula
1042 4087 1122 4150 Peu-
