2764 4954
133 395 479 458 involantum.
519 397 602 454 Lo.
645 395 753 455 oxi.
795 393 874 465 §.m
960 403 1023 474 547

27 560 209 647 Βαβυλωνεῖις
222 573 304 655 opud
319 570 519 654 Stephanum
533 566 568 633 h.
581 587 615 632 v.
649 567 687 630 iu
703 567 803 631 litorio
819 567 916 640 ircrir.
936 569 1025 652 quoti

30 685 116 732 uotum
129 671 182 742 eli.
202 672 302 734 Buhel
317 688 459 736 vocatur.
510 671 548 733 in
561 669 727 732 conditore
740 687 808 732 nou
822 689 935 734 omnea
950 689 1026 733 uon·

30 767 152 844 leutiuut,
171 773 224 834 etfi
239 775 279 836 de
297 771 506 836 Semiramide
519 769 601 834 inme
615 769 736 856 viguit.
761 773 896 836 undeet
911 771 1027 834 urbem

30 867 147 952 γυναικὸς
164 869 257 962 iuteo
281 889 375 937 vocat
395 872 545 936 Ariilideu
565 873 608 935 T.
636 891 665 934 r.
695 890 729 955 p.
754 888 840 954 219.
862 873 914 938 erl.
934 871 1025 938 lebb.

30 974 90 1052 quod
110 991 205 1038 tomen
221 977 260 1038 od
275 976 468 1038 Graecorum
484 988 666 1036 commenta
687 973 816 1055 quidem
838 975 1026 1046 reiecerunt,

29 1071 162 1154 inprimit
183 1074 334 1147 heroion,
369 1075 548 1140 Chaldaeus
574 1072 656 1156 ipse.
689 1075 782 1138 cuiue
808 1075 1027 1139 testimonium

28 1175 141 1252 producit
161 1175 284 1261 loieph.
304 1179 338 1238 in
359 1177 476 1260 Apion.
497 1195 527 1247 r.
546 1191 604 1239 oo.
624 1193 657 1258 p.
671 1184 759 1255 451.
775 1175 912 1242 llorere.
962 1175 1028 1239 Alii

28 1287 146 1347 auctorne,
169 1279 224 1360 qui
240 1278 280 1340 de
301 1276 397 1340 rebue
418 1277 596 1340 Chaldaicis
622 1289 655 1338 et
674 1275 861 1342 Phoeniciis
877 1275 1029 1360 expoiue·

28 1387 94 1446 nun,
123 1381 278 1464 originem
304 1378 392 1440 urbia
425 1377 465 1440 ad
496 1377 669 1440 remotiora
695 1367 841 1461 tempo'ra
873 1377 1027 1450 referunt,

29 1476 256 1561 conditoremque
284 1481 399 1542 iactum
428 1477 563 1550 Belum.
597 1495 737 1560 quorum
760 1493 907 1564 excerpta
937 1481 1029 1542 dedit

28 1572 147 1642 Eulehiue
167 1579 207 1644 rie
229 1599 367 1664 praepar.
390 1580 516 1664 Evang.
532 1596 567 1660 9,
593 1587 649 1662 ¹4·
678 1588 734 1657 15.
760 1595 815 1657 ¹7·
845 1593 900 1660 ιθ.
916 1593 949 1644 et
965 1591 1029 1660 41.

27 1672 87 1737 ilinc
113 1682 282 1764 explicatur
310 1701 328 1744 a
360 1681 527 1744 nonnulli·
550 1676 625 1742 Bao
640 1713 652 1730 ·
668 1675 715 1742 bel
739 1681 822 1764 quali
851 1683 921 1744 nula
945 1681 1027 1747 Beli.

27 1774 101 1856 itque
114 1800 165 1844 eoo
179 1784 276 1844 etiem
295 1779 389 1846 leonti
411 1780 483 1844 iunt
507 1781 638 1864 quidam
660 1799 700 1844 ex
721 1781 849 1846 Graecia
863 1797 897 1846 et
911 1783 1030 1845 liuma-

26 1877 60 1938 oit
75 1883 254 1948 auctoribus.
305 1885 392 1948 Hinc
413 1882 544 1947 Curtius
561 1893 595 1961 5.
618 1901 647 1952 t.
670 1890 729 1966 24.
759 1882 940 1946 Semiramis
960 1902 1030 1943 eam

28 1978 189 2056 enituerat,
214 1983 276 2054 vel,
302 1996 341 2046 ut
361 1983 497 2069 plerique
513 1980 676 2054 credidere.
699 1982 805 2056 Belou,
829 1985 919 2045 ouius
943 1983 1030 2064 regia

28 2077 177 2166 ostenditur.
228 2081 422 2168 Babylonem
446 2085 544 2155 adeo.
577 2083 649 2146 Beli
674 2085 792 2156 lilium.
827 2083 1030 2147 conditorem

26 2173 77 2238 init
90 2183 264 2248 Herenniua
280 2188 363 2269 apud
380 2186 577 2268 Stephanum
594 2185 628 2248 h.
641 2205 674 2250 v.
699 2183 907 2256 Nimrodum,
922 2186 1031 2270 gigan·

27 2285 80 2348 ten.
98 2284 220 2348 Orofiue
236 2302 271 2357 2.
287 2289 321 2351 6.
356 2285 481 2351 Chrou.
501 2282 648 2350 Paithale
666 2307 700 2370 p.
720 2299 778 2368 30.
796 2287 876 2350 Ven.
912 2285 1032 2350 Cedro·

26 2395 69 2440 ooo
84 2403 112 2466 p.
128 2401 181 2464 15.
197 2388 279 2451 Veu.
309 2385 485 2472 priscorum
511 2385 698 2470 scriptorum
719 2389 940 2451 auctoritatem
964 2388 1030 2452 line

27 2477 98 2546 dubio
115 2483 224 2554 ieunti.
277 2488 345 2574 Qui
366 2490 497 2571 quidem
514 2486 691 2554 Nimrodua
706 2487 833 2573 losephi
852 2491 887 2552 in
907 2491 1029 2572 antiqu.

27 2575 75 2642 lod.
91 2598 166 2668 no.
183 2606 205 2652 u
224 2587 267 2670 lq.
290 2582 468 2678 Νεβρὼδης
497 2587 558 2652 elie
581 2590 726 2662 ridetur,
759 2592 810 2653 uti
840 2603 874 2655 et
898 2592 1030 2674 quidam

28 2677 102 2750 Codri.
116 2689 148 2750 iu
165 2689 280 2754 Oroiio
301 2692 413 2776 legunt
433 2687 557 2753 Nebrot
575 2687 596 2754 i.
617 2689 778 2763 Nebroth.
808 2693 842 2753 in
863 2711 929 2774 quo
944 2693 975 2756 S.
994 2693 1029 2758 S.

26 2777 165 2852 Nomados
198 2789 291 2854 focile
320 2789 515 2877 agnoscatur.
568 2789 664 2854 Plura
697 2792 785 2854 debit
815 2792 961 2856 Perizon.
987 2792 1029 2856 de

27 2877 118 2968 Origo.
134 2891 292 2972 Babylon.
303 2912 416 2976 cop.7.
450 2891 525 2964 Alii,
546 2891 779 2957 uthmmiauue
793 2907 850 2971 23,
868 2895 902 2958 6.
924 2911 1029 2956 arcem

27 2990 119 3050 dotum
138 3011 156 3054 a
175 2993 258 3056 Belo
280 2994 466 3056 exilructam
486 2993 614 3066 volunt,
639 2994 709 3078 post
727 2994 842 3058 urbem
860 3014 877 3056 u
895 2995 1030 3057 Semira-

27 3085 87 3149 mide
111 3093 269 3166 additum,
307 3096 355 3156 uti
377 3095 508 3177 quidem
530 3097 707 3175 antiquitus
736 3097 877 3179 primurn
901 3093 1027 3166 solebat,

26 3189 87 3260 quod
101 3193 213 3256 donent
230 3197 265 3257 in
280 3194 473 3281 Carthagine
486 3187 602 3286 Byrsa,
625 3197 660 3258 in
675 3196 798 3260 Thehie
817 3194 966 3268 Cadmea,
992 3197 1028 3258 in

26 3279 100 3353 lituo
113 3293 321 3375 Capitolium.
361 3297 404 3358 Et
422 3295 461 3358 fic
475 3296 620 3360 Athenio.
654 3297 729 3360 vid.
743 3297 893 3360 Perizon.
907 3315 974 3380 cap.
991 3315 1028 3377 7.

27 3400 90 3462 lm·
102 3411 143 3474 91
160 3395 204 3478 iq.
256 3397 365 3464 Potest
379 3417 457 3460 vero
477 3397 530 3459 illo
544 3417 597 3459 arx
612 3397 651 3460 ed
667 3411 778 3462 notam
799 3399 914 3458 turrim
934 3399 1029 3480 perti·

27 3501 86 3555 ¹ore.
107 3495 200 3560 heim
217 3497 530 3578 tamanllabyloniue
546 3497 681 3586 intelligi
692 3499 798 3571 debet,
816 3517 883 3560 non
898 3500 1027 3580 Tyrius.
1156 3501 1159 3510 '

27 3581 100 3664 u...
127 3601 180 3679 qui
202 3602 244 3660 de
264 3601 314 3664 hia
330 3599 490 3670 definierat.
518 3599 665 3663 inveniet
684 3600 768 3684 apud
790 3599 939 3662 Perizon.
959 3619 1027 3682 cop.

28 3695 50 3760 i·
61 3707 86 3772 7·
100 3715 123 3761 c.
136 3700 158 3762 l.
182 3701 311 3769 Salmas.
327 3705 361 3764 iu
377 3701 478 3765 Solio.
488 3721 522 3784 p.
532 3721 577 3764 m.
592 3699 675 3778 866.
701 3699 852 3764 Bochart.
866 3701 901 3761 in
910 3701 1030 3786 Phaleg

27 3794 111 3876 lto.
134 3801 221 3864 riroe
236 3803 349 3867 doutoe
363 3803 402 3864 ad
412 3801 564 3865 Curtium
577 3821 603 3863 c.
620 3803 643 3866 l.
669 3801 824 3865 lullinum
838 3819 868 3873 ι,
885 3815 918 3873 2.
934 3815 968 3877 7.
990 3813 1029 3862 ut

27 3886 80 3954 ³5⁰⁸
93 3914 291 3978 praeteream.
328 3904 391 3968 Sed
408 3903 433 3965 u
448 3901 562 3965 urbem
577 3901 676 3984 ipsam
690 3903 875 3968 Semiramio
888 3899 1028 3964 ‘minime

28 3982 134 4060 hrode
155 4004 310 4076 credatur,
342 4003 525 4066 instauravit
546 4017 630 4066 certe
655 4016 689 4068 et
711 4005 848 4075 ornarit,
880 4001 1028 4086 quumvia

26 4091 207 4176 eromuino
225 4105 317 4173 fimul
333 4103 448 4192 tribuit
463 4100 594 4172 Oroliue
610 4123 639 4188 c.
658 4105 700 4209 Ι.Ι
734 4101 897 4170 'i'rihuuut
920 4117 1028 4168 autem
