2892 4950
213 401 267 462 m
295 397 432 462 rouo.
460 391 570 462 MEL
611 399 691 462 LI.
734 399 881 464 oxvm
923 402 1000 474 ez.
1063 409 1126 484 4⁷9

161 571 382 655 Miletum)
431 572 487 638 Gr.
508 566 673 661 Μίλητος
699 567 867 662 Meilnyror
882 587 989 638 temen
1011 575 1128 662 legitur

83 679 119 739 in
143 695 310 740 mennon.
334 674 441 739 Oxon.
465 697 498 738 n.
525 689 558 757 5.
584 695 616 758 p.
633 688 692 752 ¹71.
715 674 785 761 (erl.
813 673 940 760 1776.)
969 675 991 740 l.
1012 698 1045 740 n.
1066 689 1125 757 54.

82 799 116 862 p.
142 795 204 861 71.
228 776 301 864 (erl.
326 773 452 860 1763.)
477 791 511 839 et
535 779 568 838 in
592 777 701 838 numie
721 775 910 858 quibuedem
932 772 1126 864 Μειλησιων.

81 881 174 962 qnod
197 879 335 965 gentile,
368 879 442 944 eliae
463 873 623 964 Μιλήσιος
643 879 720 942 inde
744 879 882 942 ducitur.
932 879 1022 942 Olim
1043 881 1127 942 dicte

82 979 128 1044 est
149 979 228 1044 haec
251 979 327 1044 urb'e
352 974 508 1065 delepryi‘r
528 979 700 1064 (Stephon.
722 977 741 1042 l.
765 1001 797 1043 v.
822 975 972 1066 Μίλητος
992 980 1077 1044 Plin.
1091 991 1126 1058 5,

84 1095 146 1162 31.
165 1079 188 1145 l.
206 1077 287 1166 29.)
313 1078 334 1142 l.
356 1075 491 1165 Λελεγὶς
511 1081 713 1158 (Eostmhine
734 1083 772 1142 ed
792 1079 927 1162 Dionys.
944 1103 976 1143 v.
991 1083 1077 1162 456.
1092 1097 1127 1144 et

83 1183 194 1260 825.)
217 1181 257 1244 ab
279 1183 413 1264 expnlfie
435 1179 541 1265 priscie
560 1183 674 1245 incolis
695 1181 880 1268 Lelegibne,
907 1181 1023 1264 quibue
1038 1184 1127 1244 addit

83 1284 183 1348 cam
200 1297 234 1345 et
248 1283 429 1368 Mygdonre
442 1285 563 1345 delien.
578 1285 612 1344 in
627 1284 697 1346 Ver.
712 1283 783 1346 hill.
801 1293 833 1372 5.
851 1296 885 1362 5.
919 1284 1012 1347 Cerae
1031 1285 1126 1346 molti

81 1381 206 1469 prisone
226 1385 346 1447 incolae
368 1383 505 1455 iaciunt.
541 1385 575 1446 in
596 1384 714 1468 quibue
733 1385 853 1450 Conon
875 1399 989 1448 narrat.
1007 1405 1075 1468 cap.
1091 1403 1126 1450 α.

81 1485 291 1564 Pherecydes
306 1486 389 1568 apud
406 1485 552 1558 strabon.
570 1485 626 1550 lib.
650 1495 702 1564 ι4.
722 1486 767 1549 in.
819 1488 906 1548 Tum
922 1485 1125 1561 Πιτυοῦσσα,

82 1586 281 1672 (Stephanus
295 1601 328 1648 et
342 1587 465 1649 Plinius
479 1607 506 1647 c.
518 1607 545 1650 c.
560 1587 581 1651 l.
592 1587 613 1649 l.
637 1587 744 1652 Schol.
755 1587 919 1668 Apollonii
934 1591 971 1651 ad
985 1609 1015 1660 ι.
1030 1589 1126 1671 186.)

81 1687 139 1751 vel
153 1688 241 1770 quod
257 1688 303 1748 ibi
320 1690 462 1772 primum
477 1691 573 1771 pinue
588 1689 752 1770 prodierit,
768 1687 987 1774 (Stephanae)
1013 1691 1066 1751 vel
1082 1689 1126 1752 ob

82 1790 212 1874 largum
246 1807 356 1852 earum
388 1787 536 1852 arborum
569 1805 776 1872 proventum.
811 1791 923 1869 (idem
957 1805 990 1854 et
1016 1791 1124 1854 Schol.
1169 1865 1171 1876 Ι

83 1889 247 1974 Aristoph.
263 1891 302 1952 ad
323 1890 409 1952 Plut.
426 1888 574 1969 r.586.)
628 1889 729 1953 Porro
745 1892 924 1952 Anactoria
945 1889 966 1954 s.
985 1893 1128 1954 Anacrn·

82 1993 185 2062 rium.
212 1989 434 2076 (Stephanae,
465 1992 607 2064 Pliniue‚
642 1991 748 2054 Schol.
772 1991 933 2074 Apollonii
954 2005 987 2054 et
1011 1991 1126 2056 Aristo·

81 2090 220 2176 phanio)
246 2092 285 2154 ab
305 2093 461 2157 Anactore
481 2090 501 2158 l.
516 2093 633 2176 potine,
666 2097 793 2162 Anacte.
826 2093 913 2173 qnod
933 2094 972 2154 ed
994 2093 1126 2174 Stepha-

83 2213 169 2256 num
192 2213 264 2278 peg.
282 2196 366 2272 560.
399 2197 528 2257 monuit
550 2196 700 2275 deditque
726 2192 902 2264 Berkeliue,
936 2207 968 2256 et
990 2195 1127 2276 probent

83 2291 221 2358 Paulae.
243 2316 273 2364 r.
297 2308 354 2375 55.
378 2307 411 2374 5.
438 2311 472 2372 7.
498 2311 530 2366 Ω.
554 2309 588 2374 5.
617 2309 649 2358 et
669 2294 850 2358 Enllarhiuo
867 2297 904 2358 ed
928 2295 1062 2358 Homer.
1086 2297 1125 2360 ll.

88 2417 118 2467 ι,
138 2410 174 2472 7.
197 2415 229 2478 p.
248 2415 292 2460 m.
317 2397 373 2460 16.
425 2397 551 2458 Deinde
567 2395 698 2487 Asteria,
723 2397 848 2472 (Schoi.
866 2397 1027 2478 Apollonii
1042 2416 1069 2460 c.
1085 2397 1126 2477 l.)

82 2497 123 2560 ab
137 2497 270 2569 Alieno,
294 2517 391 2579 quem
406 2498 533 2562 Anaotie
548 2499 651 2560 filiurn
665 2496 795 2562 faciunt.
829 2500 978 2581 Denique
995 2499 1128 2561 Miletus

82 2619 100 2660 a
116 2597 249 2668 Mileto,
275 2601 331 2680 qui
347 2617 385 2660 ex
401 2599 494 2662 Creta
514 2597 667 2684 prologus
685 2599 798 2662 urbem
816 2621 886 2661 eam
906 2601 1062 2671 condidit,
1088 2614 1127 2662 nt

82 2697 222 2783 plurimi
243 2712 380 2763 nerrant.
412 2697 461 2764 cf.
474 2698 606 2763 Panion.
624 2717 656 2784 7,
676 2717 708 2772 Ω,
727 2715 760 2781 5.
787 2702 971 2784 Apollodor.
990 2716 1023 2782 5,
1044 2717 1127 2772 1‚2.
1255 2703 1260 2708 ’

82 2801 272 2864 Antonione
295 2801 510 2884 Metamorph.
529 2821 595 2884 cap.
613 2815 672 2880 5ο.
716 2801 814 2866 Ovid.
837 2803 968 2864 Metam.
989 2819 1022 2881 9,
1040 2811 1126 2880 447.

84 2901 199 2966 Schol.
216 2901 378 2984 Apollonii
394 2923 421 2965 c.
439 2903 460 2964 l.
482 2904 610 2984 aliique.
646 2905 693 2965 Ex
712 2903 891 2966 Aristocrito
908 2916 1013 2964 tamen
1033 2904 1127 2964 aliern

83 2999 212 3066 molem
229 3003 372 3064 nominis
391 3001 487 3066 reiert
507 3004 611 3067 Schnl.
630 3005 733 3087 Apoll.
760 3007 833 3087 qnia
854 3017 954 3065 mater
974 3003 1126 3064 Miletum

82 3103 247 3166 infantem
280 3123 320 3166 ex
349 3106 497 3187 Apolline
530 3103 706 3187 susceptum
733 3102 764 3170 ἐν
796 3103 914 3194 μίλακι
940 3102 1125 3185 reposuerit.

83 3207 260 3288 Duplicem
280 3219 383 3268 tamen
402 3207 512 3268 urbem
528 3204 601 3268 facit
612 3205 722 3270 Strabo
739 3217 792 3288 ι4.
811 3229 841 3290 p.
854 3227 897 3268 m.
912 3207 997 3284 456.
1011 3203 1029 3266 l.
1041 3206 1125 3285 654.

85 3307 173 3369 conl.
198 3322 251 3368 ια.
268 3328 298 3388 p.
318 3318 400 3386 594.
420 3305 440 3370 l.
459 3321 543 3387 575.
562 3323 716 3377 veterem.
741 3329 835 3390 quarn
858 3309 895 3367 ad
914 3327 998 3368 mare
1018 3309 1126 3367 condi·

85 3409 196 3470 derint
218 3407 393 3478 Cretenses.
418 3422 546 3472 auctore
568 3409 759 3490 Sarpedone,
788 3407 999 3490 impoirtnqne
1019 3401 1137 3469 nomi?

83 3529 129 3571 ne
147 3529 165 3570 a
181 3507 315 3579 Mileto,
342 3509 454 3572 Cretae
477 3509 565 3574 nrbe.
609 3509 659 3571 Cl.
683 3513 778 3571 eriam
801 3510 907 3571 Schol.
931 3508 1079 3590 Apollo.
1102 3510 1123 3571 l.

82 3611 228 3674 Alteram
257 3611 370 3672 Strabo
398 3611 574 3686 exstruxiffe
605 3625 707 3672 narrat
735 3611 883 3679 Neleum,
909 3605 1059 3696 (Νηλέα,
1085 3611 1125 3672 al.

84 3706 232 3789 Νειλέα)
259 3731 354 3791 quern
382 3711 479 3774 Codri
507 3713 608 3774 lilium
634 3713 763 3792 qnidam
791 3711 920 3781 faciunt,
946 3711 1123 3789 (Herodot,

85 3831 122 3894 9,
140 3827 202 3894 97.
234 3811 367 3874 Panna.
386 3827 420 3888 7,
441 3812 557 3898 min.)
597 3813 779 3874 Errllathiue
804 3816 900 3874 etiam
927 3811 964 3872 ed
993 3810 1122 3888 Dionys.

86 3935 121 3978 v.
139 3926 226 3993 823.
266 3913 392 3992 Pylium
415 3915 539 3988 virum,
566 3915 680 3996 quiex
701 3915 844 3976 Homero
866 3911 993 3998 (Odyss'.
1013 3926 1046 3991 5,
1067 3911 1124 3994 4.)

85 4029 186 4078 notue
201 4015 256 4079 eil.
294 4014 357 4076 Alii
375 4027 509 4085 tantum.
530 4015 638 4099 priscis
653 4017 767 4078 incolis
782 4015 900 4083 eiectio.
921 4011 1069 4078 Miletum
1084 4011 1124 4074 ab

83 4135 126 4180 eo
145 4129 333 4201 occupatam
356 4113 445 4178 inille
469 4120 613 4189 tradunt,
638 4119 723 4202 qnod
742 4129 774 4178 et
793 4115 899 4178 verine
919 4111 978 4176 elle
995 4115 1125 4176 ridetur
