2852 4946
333 389 399 471 με
602 363 768 450 noran
808 391 1111 451 axncarrcla

367 635 371 642 ,
404 557 573 658 satiat)
630 563 764 627 Videtur
785 559 848 628 boc
871 567 989 628 imitari
1006 565 1129 630 Plinius
1145 579 1204 645 37.
1227 563 1277 630 16.
1295 563 1315 628 s.
1330 575 1359 641 5.

330 660 505 763 smaragdi
526 657 594 759 soli
614 687 807 748 gemmarum
833 669 978 728 cotrtut'tu
1007 669 1113 728 oudo?
1135 668 1281 747 intplcul.
1312 685 1361 727 uec

331 764 477 864 fatiunt.
517 789 541 831 1.
566 785 761 830 caouovrva
778 768 855 830 MS.
922 771 970 830 lta
996 769 1141 832 Musaeus
1166 771 1201 829 in
1229 768 1311 829 Hero
1335 779 1362 826 at

338 873 485 935 Leandro
496 889 529 933 vs
540 881 599 947 78.
616 863 711 956 κόρον
729 864 755 930 δ’
768 858 838 954 οὐχ
854 855 946 956 εὖρον
963 865 1105 954 ὀπωπῆς,
1129 871 1188 930 ubi
1203 867 1241 931 cs.
1257 869 1363 931 libret.

340 977 389 1038 lta
409 973 533 1034 infinita
557 969 690 1033 suavitas
706 985 739 1031 et
760 971 852 1053 plane
873 973 1037 1056 singularia
1052 975 1122 1034 eina
1144 973 1196 1034 via
1217 973 1251 1031 in
1273 966 1364 1032 sensua

340 1077 509 1137 indicatur.
562 1073 615 1133 Sic
636 1085 669 1134 et
683 1063 812 1163 satiare
834 1071 920 1155 saepe
942 1093 958 1134 a
980 1075 1101 1135 Latinis
1122 1075 1257 1142 dicitur,
1290 1068 1365 1152 quod

339 1177 394 1238 vel
419 1177 533 1236 Lexica
556 1175 674 1234 docent
694 1187 727 1235 et
752 1170 916 1261 κορέννυμι
939 1194 1015 1236 cum
1037 1177 1180 1260 cognatio
1202 1193 1219 1234 a
1241 1171 1365 1233 Graecia.

340 1279 428 1340 Hinc
444 1269 614 1362 πλησμονὴ
630 1277 838 1360 coniungitur
854 1273 941 1336 seusu
954 1277 1082 1358 proprio
1098 1277 1183 1358 apud
1201 1275 1283 1336 Max.
1299 1273 1368 1350 Tyr.

349 1380 405 1450 16,
429 1399 457 1439 ι.
473 1374 496 1438 s.
529 1375 690 1438 Plutarch.
707 1377 740 1436 in
755 1377 822 1459 Qu.
837 1377 935 1440 Rom.
958 1399 991 1459 p.
1012 1391 1091 1457 133.
1112 1378 1205 1456 (Vol.
1222 1391 1255 1450 7.
1274 1369 1367 1454 Lips.)

339 1513 392 1530 -
418 1477 528 1562 Virgil.
544 1476 667 1549 Aen.6‚
682 1488 770 1558 487.
789 1475 861 1540 Nec
874 1469 1092 1570 vidtffiscmel
1103 1471 1197 1572 satis
1211 1475 1265 1574 est.
1286 1475 1369 1537 iuva

341 1601 439 1666 usque
462 1579 590 1643 morari.

421 1773 569 1874 asim)
628 1779 741 1846 SfflbO
775 1775 964 1858 καταβάντι
995 1781 1038 1860 εἰς
1070 1773 1174 1873 αὐτὴν
1206 1767 1371 1870 ἆνὼμαλόν

344 1879 428 1950 ἐστιν
455 1880 579 1966 ἔδαφος
595 1878 652 1946 uni
671 1879 712 1948 τὸ
730 1877 819 1946 πολὺ
840 1880 1009 1972 πετρῶδες.

422 2089 741 2172 quingentorum
776 2099 815 2148 et
846 2086 961 2168 misc)
1021 2089 1150 2152 Solinus
1190 2085 1286 2150 habet
1316 2082 1371 2141 duo

347 2191 436 2254 milia
455 2203 488 2252 et
510 2191 681 2274 quingenta
705 2186 866 2270 passuum,
892 2190 979 2269 quod
1002 2191 1113 2271 probat
1130 2189 1298 2252 Salutaliua
1317 2201 1340 2242 c.
1354 2181 1372 2240 l.

349 2301 509 2374 tamquam
527 2294 651 2360 verine.
673 2289 758 2370 quod
773 2289 885 2352 Strabo
900 2287 1011 2352 scribat
1028 2305 1072 2351 20
1092 2290 1197 2352 lladia.
1234 2288 1295 2351 Sed
1309 2283 1372 2344 haec

349 2395 450 2454 aliena
468 2394 543 2452 irinc
560 2391 636 2462 else,
662 2405 696 2452 et
713 2391 915 2450 intervallum
932 2392 1014 2453 inter
1038 2390 1161 2471 specum
1182 2405 1217 2452 et
1236 2403 1372 2472 promon-

348 2495 469 2556 toriutn
492 2495 648 2561 indicare,
675 2493 737 2552 iam
756 2493 879 2554 monui.
933 2489 1002 2554 Nec
1023 2507 1160 2576 pugnat,
1188 2491 1275 2574 quod
1297 2485 1372 2566 supra

350 2595 385 2654 iu
401 2591 546 2653 adscensu
569 2591 674 2673 posuit
692 2611 734 2655 to
751 2591 861 2663 stadia,
887 2613 968 2674 quae
988 2607 1112 2656 tanturn
1130 2591 1275 2654 cssrciunt
1293 2598 1371 2660 125⁰

350 2693 467 2777 passus,
494 2713 567 2754 cum
586 2690 749 2754 adscensus
765 2694 816 2754 fiat
833 2707 918 2756 extra
935 2691 1059 2776 specum
1076 2695 1151 2755 iude
1169 2715 1185 2754 a
1201 2691 1319 2754 tn'ontit
1337 2703 1373 2744 ra·

352 2795 494 2864 dicibua‚
522 2791 684 2855 descensus
700 2793 737 2855 lit
753 2795 787 2854 in
804 2796 947 2858 interiori
961 2793 1071 2880 specu,
1097 2796 1153 2878 qui
1166 2795 1264 2856 altiua
1276 2785 1374 2853 denit-

351 2897 431 2958 titur
452 2897 487 2956 in
507 2915 616 2958 cavam
636 2896 766 2960 vallem.

429 3096 611 3192 agreste)
660 3097 747 3160 Haec
769 3117 808 3160 ex
830 3099 892 3162 illia
914 3097 1079 3160 Strabonis
1107 3097 1192 3160 versa
1215 3096 1275 3160 else
1299 3099 1377 3176 putat

355 3197 524 3264 Salmasius
548 3195 601 3286 [p.
618 3202 702 3279 546.
717 3220 744 3261 c.
761 3193 805 3284 l.]
827 3197 947 3287 μεστόν
973 3193 1052 3285 ὕλης
1074 3196 1253 3272 detentoria
1275 3217 1310 3258 τε
1330 3179 1376 3250 καῖ

356 3295 495 3392 {tuscum
522 3301 640 3361 Melam
658 3318 736 3362 vero
752 3300 803 3360 hic
823 3300 926 3385 legisse
943 3303 986 3360 ait
1007 3299 1178 3388 α’νημὲρου.
1231 3298 1291 3362 Sed
1313 3286 1376 3374 quid

355 3402 510 3464 sructibun
532 3421 605 3461 cum
628 3399 729 3463 sono?
761 3401 873 3462 Strabo
888 3404 931 3463 ait
951 3399 1076 3483 specum
1088 3400 1261 3478 Corycium
1276 3391 1378 3480 plantis

356 3519 513 3588 perpetuo
537 3502 717 3564 virentibus
742 3515 774 3563 et
803 3501 936 3564 mitibus
962 3500 1114 3563 refertum
1139 3499 1198 3562 else
1226 3496 1375 3562 fructibus.

358 3606 443 3666 Mela
459 3621 537 3664 vero
555 3603 650 3676 dicit,
676 3603 765 3664 lilvaa
781 3601 924 3684 asperum
938 3617 970 3664 et
990 3603 1139 3686 agrestem
1158 3603 1251 3664 edere
1269 3597 1377 3660 sonum·

358 3719 471 3788 utpote
486 3723 569 3786 quac
590 3707 672 3766 auria
692 3723 843 3785 aquarum
864 3705 1077 3765 adlabentium
1097 3701 1218 3785 semper
1237 3701 1378 3766 adflentut

360 3820 393 3868 et
415 3801 604 3868 horrescant.
654 3803 749 3865 Nulla
770 3825 846 3888 ergo
869 3807 1061 3889 comparatio
1084 3805 1186 3888 potest
1200 3801 1317 3865 institui
1334 3789 1377 3852 vel

360 3907 422 3976 bic,
446 3907 497 3966 vel
511 3907 544 3965 iu
555 3904 760 3986 sequentibus
774 3907 947 3968 verborum
957 3907 1119 3970 Strabonis
1132 3919 1165 3968 et
1181 3905 1291 3971 Melae.
1313 3909 1375 3958 cum

361 4005 544 4070 diversari·
568 4007 630 4069 hoc
656 4005 748 4090 specu
778 4009 977 4089 prodiderint
1003 4021 1154 4087 uterque,
1194 4027 1259 4070 nou
1285 4011 1376 4063 umen

362 4109 525 4172 contraria.
571 4107 690 4174 Omnia
703 4105 789 4180 sere,
813 4129 893 4192 quae
910 4108 949 4172 de
966 4106 1060 4192 specu
1075 4107 1139 4171 hoc
1154 4123 1256 4172 narrat
1270 4097 1376 4170 Strabo
