2764 4954
155 435 205 493 ru
231 433 367 492 nour.
396 433 505 490 unc.
547 430 629 489 ιι.
671 431 777 492 nuc
821 431 847 501 a.
870 451 900 509 9.
988 446 1051 511 5¹⁷

40 605 127 668 Priore
137 609 186 670 illa
200 607 266 670 duo
280 620 374 670 vocat
389 599 553 696 στόματα,
572 605 690 686 reliqua
703 597 862 684 ἐκβολᾶςς
885 605 1053 670 Heracleo·

41 709 118 769 ticum
137 724 272 792 utroque
300 712 397 772 etiam
428 709 562 770 nomine
589 709 729 790 desrgnat
748 709 916 770 Heliodor.
938 709 971 768 iu
993 711 1053 772 Ae·

40 808 121 890 thiop.
133 830 161 874 r.
178 833 209 893 p.
222 823 282 890 59.
307 823 340 888 5.
358 832 390 892 p.
403 820 484 894 249.
495 809 708 871 edllourdel.
750 809 933 870 Herodotus
950 825 981 879 a.
997 825 1052 886 17.

39 907 110 969 finili
131 913 229 975 ruodo
253 913 328 973 iude
353 933 370 972 a
395 913 489 972 Delta
515 910 554 972 ad
581 911 739 972 orientem
765 911 860 991 ponit
883 907 1052 1000 Pelusium,

42 1009 207 1073 Canalicum
230 1014 269 1074 ad
287 1013 505 1082 occidentem.
530 1013 676 1072 medium
696 1011 734 1072 ab
752 1013 861 1082 alveo,
888 1013 941 1094 qui
961 1013 1052 1074 Delta

40 1108 109 1181 secat,
123 1111 369 1196 Seberrrryticum
393 1131 489 1194 aquo
505 1111 624 1174 diversa
638 1113 703 1174 duo
720 1110 884 1197 subiungit
899 1113 1052 1174 Satricum

40 1225 63 1270 et
75 1211 274 1305 dseudesrunr,
297 1217 403 1276 nativa
419 1215 551 1296 quidem
568 1215 662 1284 haec;
694 1212 889 1276 Bolbitiuum
905 1228 937 1276 et
951 1215 1054 1276 Buco-

40 1311 110 1374 licum
131 1317 246 1378 effotta.
301 1317 504 1398 Ptolemaeus
521 1325 555 1400 4.
572 1329 606 1392 5.
630 1315 708 1376 haec
722 1315 833 1378 habet:
860 1315 1053 1378 Heracleoti-

41 1434 92 1473 rrurr
111 1415 129 1478 s.
151 1416 357 1490 Canobicrrm,
387 1415 591 1486 Balbillum,
626 1415 870 1499 Sebertuytt'cum,
905 1418 1052 1478 Pathme·

40 1515 125 1586 tirum,
150 1516 362 1606 Mendesium,
392 1519 579 1588 Turriticuua
606 1518 683 1578 Pela
701 1539 804 1578 tactem
828 1533 860 1580 et
880 1515 980 1600 spuria
1001 1519 1054 1581 itta

41 1614 97 1680 dno.
131 1620 258 1681 Eodem
274 1622 371 1704 igitur
388 1621 513 1690 ordine,
540 1619 719 1700 manblela,
748 1617 960 1702 persequitur,
988 1632 1055 1682 tan·

41 1727 92 1777 turu
109 1722 188 1801 quod
213 1743 270 1803 pro
299 1720 492 1812 Cotoptysto
514 1723 605 1802 pouit
630 1721 827 1790 straticum,
859 1721 945 1801 quod
968 1721 1054 1782 idem

42 1817 84 1879 elle
98 1841 132 1880 ex
146 1823 318 1884 Plutarcho
337 1823 376 1883 tle
393 1823 470 1883 lsuie
486 1843 517 1902 p.
534 1835 619 1903 4⁰5·
637 1823 687 1884 erl.
706 1820 787 1902 Lips.
811 1821 950 1886 discitur.
988 1823 1055 1905 Qui

42 1917 65 1976 ln
84 1921 246 1986 Herodoto
280 1925 432 1986 Saiticum
463 1943 520 2005 pro
558 1924 706 1984 Tanitico
742 1921 923 1985 substituere
950 1925 1055 1984 conati

43 2037 125 2092 tunt,
153 2022 272 2087 refellit
291 2025 472 2108 Welseling.
493 2045 525 2105 p.
545 2041 625 2089 112.
657 2028 730 2106 quia
752 2024 938 2086 Herodotus
961 2026 1056 2086 ducat

43 2138 69 2178 err
81 2123 303 2207 Sebennytico,
330 2146 405 2187 cum
422 2127 606 2186 Taniticum
625 2127 657 2186 iu
678 2124 831 2188 Strabone
849 2143 903 2208 17.
919 2147 950 2207 p.
969 2137 1053 2203 552.

44 2216 59 2280 s.
72 2234 143 2298 802.
170 2229 228 2289 etsr
243 2229 394 2289 Saiticam
408 2229 503 2288 etiam
519 2227 556 2287 ab
573 2228 640 2288 aliie
653 2228 758 2290 vocari
774 2240 877 2296 notet,
906 2248 945 2289 ex
961 2247 1055 2290 arune

44 2319 182 2389 Bubastico
203 2329 269 2389 save
286 2329 410 2390 Pelusio
434 2329 593 2413 divergat‚
621 2329 708 2390 uncle
731 2331 827 2390 etianr
848 2343 1056 2409 utrunrquea

46 2421 174 2490 Strabone
190 2428 316 2491 misceri
331 2430 459 2490 monuit
476 2431 619 2492 Larcher.
638 2431 675 2490 ad
688 2431 844 2493 Herodot.
856 2450 883 2493 c.
894 2431 916 2494 l.
940 2430 1056 2492 Differt

46 2538 129 2588 tutem
149 2549 166 2590 a
187 2531 274 2592 Mela
297 2531 497 2600 Herodotus,
532 2531 618 2612 quod
641 2551 698 2614 pro
721 2531 919 2593 Pathmetico
943 2547 974 2594 et
998 2532 1055 2594 Ca·

48 2629 155 2707 trpytto
170 2635 268 2714 ponit
284 2631 436 2692 saiticam
452 2645 484 2692 et
496 2631 689 2693 Bucolicum.
727 2633 860 2694 Diodor.
877 2635 938 2696 Sic.
956 2657 983 2704 r,
995 2647 1054 2712 33.

49 2723 75 2782 ab
92 2733 208 2794 oriente
230 2730 358 2816 exorsae
379 2733 443 2793 hoc
463 2715 576 2794 ordine
600 2731 812 2815 persequitur:
847 2735 923 2794 Pela
940 2755 1055 2804 cacurri,

51 2825 216 2907 Tutrtarm,
243 2829 450 2924 Meutlefium
474 2834 688 2905 Phoenicum,
714 2832 960 2918 Seberruytt'cum,
982 2835 1057 2896 Bot-

48 2921 174 3008 lt'tr'rurm,
204 2931 417 3004 Canalicum.
448 2935 517 2996 aliie
539 2937 634 2996 etiam
658 2935 853 2998 Herculeum.
906 2936 1058 2998 Eundem

50 3035 158 3098 omnino
179 3037 330 3100 ordinem
346 3047 458 3097 tenent
477 3037 596 3107 etalii,
628 3052 662 3096 ut
678 3037 789 3100 Strabo
805 3058 832 3100 c.
849 3039 869 3101 l.
894 3053 927 3100 et
943 3037 1058 3119 polleat.

48 3125 110 3195 tan.
125 3149 155 3214 5,
177 3135 265 3201 rr.s.
281 3157 334 3200 ro.
363 3139 521 3199 Ammiau.
538 3136 784 3210 Mareellinam
805 3151 859 3216 ¹5·
883 3142 936 3224 qui
952 3155 1059 3210 tamen

50 3227 290 3320 Sebennyticum,
323 3239 362 3300 ab
388 3229 555 3300 occidente
576 3241 761 3324 progressus,
788 3241 948 3306 Bolbitico
974 3261 1060 3324 pure·

50 3337 130 3408 ponit.
178 3341 366 3404 Secundum
389 3340 588 3402 Aristotelem
613 3343 781 3406 bleteorol.
806 3363 834 3413 r,
858 3353 911 3425 ²4·
939 3343 1058 3412 omnia,

50 3448 157 3521 excepto
177 3441 353 3512 Canopico,
382 3439 598 3530 χειροποίητα
622 3441 839 3525 antiquiisrmit
862 3443 1061 3524 temporibus

52 3527 117 3599 bitte
138 3545 300 3605 videntur.
352 3543 537 3606 Herbdotue
557 3564 584 3606 c.
601 3544 623 3608 l.
647 3539 769 3632 ὀρυκτὰ
793 3549 859 3608 duo
882 3546 993 3616 novit,
1024 3558 1061 3606 ut

52 3648 119 3701 antea
132 3644 250 3706 dictum
267 3645 319 3707 esl.
363 3645 498 3728 Quodsr
514 3665 627 3706 verram
643 3645 792 3718 habetur,
814 3648 974 3728 aliquanto
988 3662 1061 3708 ante

54 3731 230 3816 Herodorum
252 3744 441 3808 accesserunt
459 3746 516 3806 alia
540 3747 610 3817 illa,
644 3767 723 3827 quae
744 3762 848 3810 taureu
867 3746 932 3832 ipse
954 3749 1062 3809 nativa

54 3831 121 3906 sicit.
167 3848 325 3912 Maiorem
346 3847 514 3928 posteriora
539 3859 681 3928 tempora
706 3851 917 3911 mutationem
942 3851 1061 3910 adtule-

56 3952 124 4014 mnt,
151 3962 196 4020 et,
228 3949 314 4030 quod
335 3945 426 4010 fossae
452 3967 582 4019 omnes,
616 3951 650 4010 iu
674 3933 748 4031 quac
775 3951 869 4012 Nilus
895 3950 1060 4022 exaestuat,

57 4035 158 4127 Augusti
172 4065 271 4112 aetate
287 4051 331 4111 ita
348 4050 443 4134 longa
458 4050 612 4112 vetustate
627 4051 795 4112 oblimatae
812 4068 910 4124 eraut,
929 4067 964 4112 ut
979 4054 1060 4113 mili-

56 4145 97 4202 uri
111 4167 196 4232 opere
211 4153 333 4240 detergi
352 4150 521 4226 deberent,
547 4153 590 4214 ita
607 4154 703 4215 etiam
723 4153 886 4242 paullatim
909 4153 1060 4217 ciliorum
