2922 4958
215 367 271 428 rn
297 365 435 424 rona.
464 361 571 420 nat.
613 361 692 418 nr.
733 362 866 420 cmx.
908 361 987 440 59.
1059 361 1122 442 ουρ

80 538 184 610 Multi
209 540 328 604 eodem
348 531 486 600 nomine
505 535 674 618 designant
694 531 795 596 etiam
816 555 989 620 campum,
1015 533 1125 606 πεδίον

82 647 140 708 vel
157 640 258 706 etiarn
272 633 407 727 χώραν,
433 651 471 699 ut
486 637 602 700 Strabo
624 659 652 700 1.
671 657 702 720 p.
723 637 786 712 36.
799 635 819 698 s.
837 649 895 715 5ο.
925 657 979 700 aa.
994 660 1027 722 p.
1040 655 1124 717 377.

85 749 108 812 s.
125 757 209 826 547.
235 758 269 806 et
290 737 454 826 epitome,
493 740 677 800 Hecataeus
708 737 796 820 apud
825 739 1028 822 Stephanum
1049 740 1069 803 s.
1091 765 1126 808 v.

83 843 238 918 Χαδιοία.
262 861 386 927 perque
403 860 479 902 eum
494 859 649 922 campum
660 839 776 900 Strabo
792 835 849 902 lib.
865 858 918 902 ια.
935 861 963 903 c.
979 843 1000 902 l.
1024 843 1128 906 Ther·

87 948 283 1012 nrodontem
304 959 338 1006 et
358 939 481 1004 lridetn
502 940 543 1002 ad
566 959 654 1002 mare
677 936 823 1002 deducit.
875 938 932 1003 Sic
952 943 1040 1025 apud
1063 941 1129 1006 Pli-

87 1047 186 1114 nium
200 1049 235 1120 6.
251 1043 316 1124 3.s.
343 1055 400 1124 ο4,
422 1059 501 1106 toa.
513 1041 533 1104 s.
548 1055 601 1117 17.
622 1032 857 1131 Themiscyrena
871 1045 954 1123 ragio
970 1041 1127 1118 occurrit,

92 1138 298 1241 Themiscyrii
317 1146 424 1225 campi
446 1141 535 1228 apud
555 1139 665 1204 lustin.
686 1159 718 1214 a,
735 1153 772 1222 4,
797 1160 829 1210 ο.
862 1143 986 1206 Sallust.
1012 1144 1128 1230 fragm.

88 1251 150 1316 lib.
175 1251 210 1320 6.
241 1263 295 1325 13.
337 1246 430 1308 Cart.
454 1267 483 1316 t,
504 1261 536 1315 a,
563 1256 616 1321 ¹5·
639 1244 693 1304 vel
714 1234 942 1335 Themiscyrae,
976 1245 1068 1310 Curt.
1095 1249 1129 1322 6,

90 1367 127 1432 5,
148 1361 207 1430 ο4.
230 1337 457 1438 Themiscyraeos
481 1341 621 1422 (melius
645 1365 703 1427 per
724 1366 740 1404 a
761 1363 822 1428 pro
841 1351 898 1426 ae)
925 1343 1013 1418 luci,
1048 1367 1131 1432 quot

88 1447 303 1516 interlabitur
320 1445 548 1518 Thermodon,
569 1441 732 1508 Ammian.
753 1461 810 1517 aa,
828 1455 861 1524 8.
900 1447 966 1510 Sed
980 1451 1132 1533 Apollon.

89 1553 201 1620 Rhod.
220 1570 252 1622 a,
272 1563 354 1627 373.
375 1563 473 1610 vocat
492 1545 651 1620 Δοίαντος
670 1542 776 1610 πεδίον
800 1561 834 1608 et
860 1569 892 1612 v.
910 1559 994 1628 988.
1021 1545 1136 1616 Aorsia·

90 1678 180 1728 cros,
206 1649 324 1716 ubios.
345 1650 456 1712 Schol.
506 1650 545 1712 ln
565 1644 677 1709 Nonni
697 1645 831 1728 Dionys.
854 1663 908 1726 15,
931 1652 1015 1728 516.
1041 1647 1137 1719 δίπε.

93 1755 150 1822 δον
169 1751 328 1828 Δοίαντος
349 1769 408 1836 pro
427 1768 466 1812 eo
489 1746 620 1834 legitur.
673 1749 805 1816 Nomen
823 1746 922 1812 traxit
938 1772 956 1813 a
972 1753 1135 1838 Doeante,

94 1857 222 1938 (Schol.
238 1855 343 1938 Apoll.
360 1852 402 1914 atl
419 1869 449 1921 a.
468 1865 550 1928 373.
566 1866 600 1912 et
612 1854 712 1930 988.)
739 1846 816 1935 quia
830 1847 895 1912 suit
909 1847 1005 1926 πόλις
1018 1851 1137 1944 Ἕλλη·

93 1954 157 2036 νίς,
181 1957 340 2041 (Scylax)
371 1967 405 2015 et
430 1948 510 2016 hinc
532 1949 745 2032 Themiscyra
770 1946 920 2028 Δοιαννίς
949 1950 1071 2016 dicitur
1096 1959 1136 2020 ab

95 2061 234 2145 Orpheo
251 2079 282 2118 r.
299 2069 382 2132 737.
409 2050 459 2116 uti
477 2073 537 2136 pro
553 2047 700 2128 Βοιαντίς
716 2054 893 2114 voluerunt
912 2051 978 2114 viri
998 2053 1088 2118 docti
1105 2071 1138 2120 et

95 2181 206 2246 nuper
220 2151 367 2242 reposuit
379 2151 612 2218 Schneiderus.
648 2155 698 2216 De
712 2151 783 2215 aliis
803 2150 996 2216 nominibus
1011 2154 1139 2220 dictum

98 2263 144 2326 est
161 2276 267 2324 antea.
303 2259 353 2318 De
371 2253 501 2318 sedibus
519 2253 607 2318 notis
623 2257 830 2320 Amazonum
848 2255 890 2318 cs.
909 2253 997 2320 Petit
1019 2257 1071 2320 sur
1091 2262 1138 2322 les

95 2367 283 2432 Amazones
304 2378 379 2444 pag.
397 2369 467 2437 347
487 2357 552 2442 sqq.
580 2371 613 2420 et
639 2357 757 2436 Guyon
782 2353 851 2418 hist.
876 2356 933 2418 cles
955 2359 1139 2424 Amazones

97 2489 132 2552 p.
154 2479 222 2541 130
238 2461 304 2547 sqq.
341 2455 428 2522 Hinc
449 2455 535 2541 ipsae
556 2447 656 2520 etiam
672 2454 919 2539 Themiscyriae
935 2457 1001 2544 (n)
1019 2481 1139 2527 vocan-

98 2583 158 2630 tur·
178 2565 218 2626 ab
243 2556 420 2646 Apollonio
442 2560 504 2621 nh.
529 2577 561 2630 ο,
584 2572 669 2639 995.
693 2575 736 2632 et,
767 2579 866 2644 quam
890 2579 921 2630 α,
947 2577 1031 2638 37ι.
1057 2561 1143 2628 dixit

100 2654 332 2754 Θεμισκύρειον
354 2653 473 2748 ἄκρην,
505 2658 575 2744 post
597 2683 628 2722 v.
647 2663 730 2740 965.
760 2657 977 2748 Ἀμαζονίδων
998 2659 1145 2754 Aspavia·

100 2789 169 2854 χον
191 2758 294 2852 ἄκρην
316 2761 419 2824 οίίοη.
456 2761 594 2824 Portum
608 2777 795 2826 memorant
809 2763 998 2848 Apollodor.
1014 2785 1045 2852 p,
1060 2780 1094 2846 5,
1107 2785 1141 2848 9,

102 2869 216 2934 Schol.
232 2863 397 2947 Lycophr.
415 2861 456 2924 ad
474 2884 506 2926 ν.
526 2877 631 2940 ι3ο7.

180 3063 447 3148 Amazonum)
497 3067 547 3126 De
574 3061 718 3150 antiquis
747 3085 860 3128 earnm
884 3063 1012 3130 sedibus
1034 3067 1144 3132 versus

103 3167 374 3257 septemtrionem
391 3181 424 3230 et
439 3169 524 3229 ultra
539 3167 683 3228 Pontum
698 3167 739 3230 cs.
758 3165 842 3230 infra
866 3167 907 3230 ad
924 3169 953 3249 8.
974 3187 1027 3249 ι9.
1049 3185 1083 3231 et
1104 3171 1146 3232 ad

106 3290 142 3354 3,
160 3285 195 3351 5,
219 3295 248 3334 ι.
284 3265 451 3338 ΑΤαηαί,
476 3266 641 3330 incertum
658 3289 756 3354 quam
774 3273 816 3332 ob
839 3269 985 3341 causam,
1010 3271 1076 3332 huc
1097 3269 1146 3333 di·

103 3375 229 3460 gress'ae
248 3371 340 3442 sunt,
373 3385 411 3432 ut
433 3365 515 3432 dicit
536 3369 659 3432 sallust
683 3370 770 3454 apud
794 3368 947 3434 Servium
971 3371 1012 3434 ad
1033 3369 1146 3456 Virgil.

105 3480 190 3544 Aen.
212 3496 267 3545 rr,
287 3473 370 3551 659.
400 3467 458 3532 ubi
484 3471 642 3531 Threicias
662 3468 742 3536 hinc
757 3472 963 3556 salpellantur
980 3471 1002 3536 i.
1020 3493 1048 3536 e.
1072 3475 1147 3552 Scy·

106 3573 220 3641 thicae
241 3573 261 3635 s.
280 3568 479 3634 Sarmaticae
500 3570 590 3632 sensu
610 3569 730 3635 latiori.
784 3571 964 3654 EScytlria
984 3573 1075 3636 enim
1093 3597 1147 3638 va·
1190 3584 1192 3589 '

105 3676 189 3744 nisse
210 3675 308 3737 docet
330 3675 422 3734 locus
446 3671 590 3734 classrcus
613 3670 723 3736 lustini
744 3693 775 3747 ο,
795 3687 829 3755 4.
846 3673 893 3738 in.
941 3675 1078 3738 Causam
1096 3697 1149 3740 ex·

108 3775 210 3868 ponit
230 3771 424 3840 Ammianus
442 3791 500 3843 aa.
519 3783 551 3850 8.
583 3773 766 3854 Hyrcaniae
790 3773 946 3840 finitimas
968 3773 1047 3839 facit
1069 3779 1150 3840 Cur·

109 3879 178 3945 tius
195 3880 230 3950 6.
247 3889 282 3954 5,
303 3885 357 3954 ο4.
381 3872 418 3935 in
438 3873 602 3946 Caucaso,
629 3897 691 3959 qua
706 3895 797 3938 mare
812 3879 1001 3954 Hyrcanum
1018 3877 1148 3961 spectat,

108 3977 210 4069 ponit
229 3977 426 4042 Plutarchus
444 3973 479 4037 in
498 3974 659 4060 Pompeio
682 3997 751 4060 cap.
770 3991 828 4056 35.
856 3993 888 4040 et
905 3975 985 4039 inde
1009 3980 1077 4042 huc
1096 4002 1151 4046 ve·

109 4081 192 4148 uisse
209 4075 381 4144 contendit
394 4077 535 4162 Procop.
556 4077 598 4142 de
612 4079 652 4144 B.
669 4077 767 4144 Goth.
785 4089 821 4160 4,
842 4095 875 4157 3.
911 4078 962 4144 ef.
976 4079 1152 4165 Aeschylus
