2922 4958
170 402 223 460 ιιι
252 400 387 458 ronr.
418 400 525 456 nur..
566 399 602 455 u.
624 401 649 454 1.
692 400 725 456 c.
746 399 825 456 xrx.
866 399 891 468 t.
914 409 944 468 ⁵.
1020 409 1082 474 5⁷2

41 575 253 642 Recentiorer
267 575 377 636 Graeci
393 573 489 650 Gyilii
503 585 603 634 aetate
618 573 825 636 nominarunt
839 565 970 659 λαιμὸν,
988 595 1085 647 ιιιιιιο,

42 680 130 762 quod
153 675 249 740 refert
269 671 465 736 Bioerniiehl
489 672 608 751 (siriese
626 675 660 736 P.
679 683 715 751 4.
738 695 768 754 p.
790 677 888 750 347.)
912 687 946 734 to
963 675 1087 757 Bogozi

43 786 88 844 tis
107 780 225 840 mauris
248 767 435 866 titosnffirs.
470 775 540 838 Not
558 777 674 860 vulgor
702 775 792 836 Meer
816 775 909 856 Engo
922 797 986 838 oon
1001 779 1088 840 Kort-

33 878 251 977 flantinopei.
304 877 457 940 Ceterum
480 893 675 940 memoratur
698 877 795 938 etiarn
817 869 983 968 Bosporus
1001 879 1089 954 urbe,

43 984 133 1045 unde
154 970 340 1071 Bosporani
363 979 523 1042 dicuntur.

113 1175 345 1274 faucibus)
397 1183 450 1244 Sic
469 1182 525 1244 hos
546 1200 674 1264 quoque
694 1197 797 1264 portet
821 1181 860 1244 eb
882 1183 1090 1248 srmilitudine

46 1289 183 1350 humani
206 1283 346 1366 corporio
374 1284 521 1366 designat,
549 1285 732 1366 intelligent
757 1285 847 1346 initia
873 1290 1012 1348 maximo
1038 1308 1091 1348 en·

45 1389 152 1474 gusta,
183 1387 262 1448 ficut
282 1388 314 1446 in
340 1384 416 1445 urbe
439 1387 542 1446 Roma
564 1385 642 1474 dicit
665 1385 818 1447 Martialis
840 1402 873 1455 Ω.
902 1405 954 1466 ι7,
984 1409 1011 1450 ι.
1034 1389 1093 1449 Su·

47 1491 146 1550 burne
168 1479 288 1577 fauces
314 1487 444 1564 primae.
487 1505 511 1548 r.
534 1505 732 1548 ononovrvs
752 1487 828 1548 MS.
904 1489 1023 1550 Fauces
1050 1489 1091 1552 de

46 1589 192 1672 Bosporo
224 1589 328 1670 plures
360 1601 501 1670 ponunt,
542 1599 578 1648 ut
612 1587 697 1649 Pliu.
717 1599 750 1664 5,
778 1597 837 1670 43.
864 1586 963 1664 [32.
1000 1591 1032 1660 6.
1061 1611 1091 1652 ι.

48 1693 199 1753 Martian.
226 1689 353 1770 Capella
373 1689 429 1750 lib.
447 1689 480 1752 6.
503 1709 535 1771 p.
554 1704 638 1750 ttttr.
674 1690 792 1750 Lucan.
811 1708 844 1768 9,
869 1701 952 1769 954.
992 1691 1090 1756 Ovid.

49 1797 79 1855 's
81 1792 145 1854 risi.
169 1813 197 1860 t,
220 1809 274 1860 ro,
291 1803 349 1868 51.
388 1790 441 1850 Sic
458 1790 497 1850 de
514 1787 594 1850 freto
611 1790 771 1851 Herculeo
789 1790 906 1854 Lucan.
922 1793 978 1854 lib.
995 1803 1027 1868 3.
1045 1793 1090 1855 in.

48 1896 134 1956 dixit
150 1891 322 1953 Herculeas
336 1881 468 1980 fauces.
506 1891 648 1960 Gremio,
675 1891 778 1952 veluti
794 1893 960 1954 Herodoto
975 1903 1010 1974 4.
1032 1903 1092 1970 85.

55 2004 138 2070 ¹¹8·
163 1995 215 2054 hic
236 1989 402 2076 usurpatur
423 1980 551 2078 αὐχὴν,
577 1992 748 2073 srmpliciuo
770 1988 815 2055 roi
836 1989 953 2073 orroei,
984 1997 1032 2054 uti
1054 1995 1093 2057 ab
1213 2074 1218 2080 1

49 2095 267 2180 Agathemero
288 2113 317 2163 r.
341 2107 374 2169 5.
396 2093 440 2155 in.
493 2094 535 2154 Et
562 2091 601 2153 src
624 2095 759 2154 omnino
785 2095 898 2156 Livius
922 2109 980 2170 32.
1004 2107 1036 2172 52
1057 2113 1092 2175 9.

49 2199 244 2260 Latinorum
261 2185 381 2283 fauces
405 2190 503 2258 orroei
525 2193 684 2256 aGraecio
706 2197 813 2256 vocari
832 2197 973 2258 adnotet.
1009 2197 1095 2258 Mela
1120 2229 1123 2244 .

49 2313 160 2361 autern
177 2297 231 2356 hic
252 2315 321 2356 eam
344 2297 463 2356 indicat
484 2293 618 2378 Bospori
645 2309 785 2376 partem,
818 2317 896 2377 quae
921 2312 986 2358 eret
1010 2298 1095 2360 inter

51 2399 296 2464 chalcedonem
312 2411 343 2458 et
359 2397 569 2476 Byzantium,
595 2409 631 2455 nt
647 2396 685 2456 ab
707 2397 774 2458 aliis
790 2396 969 2482 Bosporum
990 2399 1096 2462 notari

51 2515 147 2564 antee
164 2500 295 2569 monui,
322 2495 424 2580 ipsum
441 2517 476 2560 os
496 2510 591 2562 vocat
608 2498 704 2560 Ponti
723 2499 860 2580 aditum.

134 2697 376 2767 Calchedon
384 2698 403 2782 )
450 2699 488 2761 ln
506 2701 560 2763 Gr.
576 2694 768 2787 Καλχηδών
787 2703 944 2784 reperitur
960 2718 993 2766 et
1009 2699 1097 2768 Χαλ-

54 2799 182 2894 unior,
211 2803 295 2864 unde
313 2804 388 2862 hoec
406 2803 537 2864 varietur
553 2804 590 2862 ad
609 2803 740 2864 Latinos
761 2806 857 2866 etiam
882 2808 1021 2874 transiit,
1058 2807 1098 2867 de

54 2929 122 2992 quo
147 2903 327 2988 exposrtum
350 2905 383 2964 in
401 2905 486 2965 notio
502 2905 570 2967 crit.
592 2925 624 2985 p.
642 2917 713 2981 573
733 2902 794 2985 sqq.
847 2906 939 2966 Addo
961 2903 1100 2991 Καλχη-

57 3007 120 3072 stou
136 3011 172 3068 iu
191 3025 363 3075 marmore,
392 3007 481 3066 cuiue
500 3004 738 3086 inscriptionem
761 3005 908 3067 exhibuit
926 3006 1040 3084 Caystrs
1064 3009 1098 3066 in

55 3112 142 3172 libro
167 3107 285 3168 recueil
308 3107 514 3187 d'antiqnite'o
536 3109 576 3168 T.
596 3123 629 3168 Ω.
650 3127 681 3187 p.
703 3121 782 3178 172.
811 3109 912 3187 quiet
933 3107 996 3188 ipse
1017 3107 1099 3168 hanc

57 3211 244 3292 scripturam
267 3208 389 3288 probat.
440 3208 630 3270 Posteriores
651 3202 747 3267 etiam
772 3209 849 3268 dent
873 3207 1098 3278 Chosoerlont'a,

57 3327 96 3374 ut
120 3309 303 3373 Antoninus
328 3312 361 3370 in
385 3310 456 3371 itin.
478 3331 510 3392 p.
532 3323 612 3388 139.
649 3309 821 3371 lornandee
844 3309 883 3370 rie
906 3309 1001 3370 rebus
1024 3309 1098 3371 Get.

59 3433 129 3494 cap.
151 3431 207 3474 to.
235 3423 267 3469 et
295 3405 406 3492 passtm
432 3411 520 3481 libri,
553 3424 592 3470 ut
613 3412 645 3472 iu
667 3410 822 3492 Eutropio
841 3405 872 3480 si,
889 3411 923 3473 6.
943 3408 963 3472 s.
986 3422 1020 3488 5.
1047 3409 1101 3472 vel

64 3512 278 3578 Caicedonr'a,
306 3527 341 3572 ut
363 3513 396 3571 in
414 3513 590 3574 Antonino.
642 3513 683 3571 Et
699 3512 739 3573 src
759 3512 875 3597 legitur
890 3513 923 3572 in
941 3511 1003 3574 tob.
1020 3513 1101 3574 Peu-

60 3618 180 3699 tinger.
199 3621 232 3688 8.
248 3611 285 3674 C.
312 3627 346 3674 et
365 3611 551 3676 Caioidonin
573 3609 607 3673 in
629 3613 735 3674 itiner.
751 3611 907 3676 Hierosol.
923 3633 994 3697 pag.
1014 3625 1098 3690 571.

63 3717 165 3804 Quor!
191 3713 230 3775 ab
258 3713 425 3776 Herodoto
442 3723 475 3796 4.
499 3715 556 3794 86.
592 3713 838 3776 Csrolcedoniom
871 3717 968 3777 etiam
995 3713 1102 3776 vorari

62 3833 157 3904 putet
180 3817 302 3895 Gyiliuo
320 3831 352 3894 3.
381 3835 435 3880 ro.
457 3835 484 3878 o.
503 3817 524 3878 1.
549 3815 586 3876 ari
611 3817 776 3898 regionem
799 3817 970 3878 commode
994 3813 1103 3878 referri

63 3921 182 4005 potest.
214 3931 249 3978 ut
270 3919 302 3976 in
325 3915 473 3998 Xenoph.
497 3917 537 3977 de
552 3917 664 3997 exped.
683 3915 759 3995 Cyri
778 3915 810 3982 6.
830 3919 884 3979 sin.
923 3915 1102 3978 Chalcedon

65 4038 174 4084 temen
197 4019 276 4078 dixit
296 4019 376 4079 adeo
392 4016 508 4100 Geogr.
533 4018 678 4079 navenn.
697 4032 729 4088 α,
753 4036 806 4098 ι9.
831 4017 886 4080 etsi
908 4037 1004 4100 prave
1020 4031 1051 4094 5.
1068 4035 1103 4098 9.

68 4119 237 4186 Calcidon.
291 4119 384 4182 Idem
409 4115 593 4184 observetur
618 4119 653 4180 in
685 4117 828 4204 Bobyion
853 4129 887 4182 et
911 4116 1102 4203 Babylonia.
