2756 4964
167 421 353 480 turono.
382 423 492 478 nter,
535 423 571 480 L.
592 423 615 478 t.
657 423 776 486 nvn.
818 425 896 496 tr.
978 423 1035 494 rot

74 592 127 672 poi
140 593 205 674 apud
218 593 445 658 Eratosthenem
466 595 518 658 rel
539 596 637 661 alium
657 595 796 680 iegiil'et,
822 597 1037 681 Metagonitae

75 691 109 752 eie
125 687 198 768 iiio-5
215 691 396 784 repatuit.
429 699 556 778 putarit
577 711 676 761 totam
702 697 888 760 Numidiam
910 701 1036 761 Graecia

73 794 98 852 ita
109 805 221 856 rotroni
229 795 327 869 irriffe;
351 800 466 878 inquo
480 801 611 860 nomine
627 799 719 860 multi
732 811 874 880 peccant.
895 819 1036 862 vosttre.

72 892 224 958 Btoehrhet.
246 931 292 944 -
326 901 376 961 De
391 899 542 978 Polybio,
564 901 658 964 unico
674 900 789 962 horum
805 913 839 963 et
858 895 1036 964 fideliss'tmo

72 994 147 1056 rino
168 999 327 1062 rideamne.
393 1001 510 1062 Scribit
534 1004 578 1070 ie,
613 1001 652 1062 ab
680 1001 857 1064 Hannibale
883 1000 1039 1084 Hispano·

71 1097 160 1164 uiliter.
181 1098 324 1162 Theriitea
345 1115 378 1163 et
399 1101 582 1172 Mastianoe,
615 1103 648 1164 io
667 1081 788 1166 Africae
811 1103 960 1184 praesuiia
981 1119 1039 1164 tra·

32 1205 33 1220 ¹
71 1197 143 1259 doctos
156 1199 214 1270 elie,
231 1197 357 1276 πλείους
374 1199 417 1276 εἷς
432 1199 477 1266 roi
493 1198 694 1286 Μεταγὼνια
715 1203 773 1290 τῆς
788 1195 925 1292 Λιβύης.
951 1201 1041 1278 rivo}

70 1291 88 1358 ii
101 1297 129 1366 n't
145 1289 232 1387 nimiu
251 1299 461 1390 Καρχηδόνα.
494 1305 541 1366 Ex
558 1324 624 1386 quo
642 1305 711 1368 loco
728 1319 855 1387 apparet
870 1304 1039 1388 perspicue,
1147 1301 1149 1309 ¹

69 1396 201 1484 Metagonio
214 1401 298 1465 iuiffe
316 1403 373 1464 sub
391 1406 526 1488 irnperio
543 1406 859 1490 Carthaginiensium.
894 1407 937 1468 At
952 1407 1042 1468 Mau·

68 1500 140 1562 n'uuia
157 1505 202 1564 rei
221 1508 397 1586 propinqua
421 1505 545 1568 flumini
571 1505 762 1569 Molochath
786 1527 949 1590 nunquam
971 1527 1044 1591 pro·

68 1597 179 1664 habuntur
202 1604 284 1668 iuiffe
307 1606 364 1666 iub
385 1607 694 1692 Carthaginienfibue
722 1608 785 1670 hoc
810 1623 970 1691 tempore,
1002 1609 1042 1671 rie

32 1705 33 1708 ’
67 1705 262 1786 qooPolybiue,
291 1711 443 1789 quumin
460 1709 614 1772 Numidia
631 1709 705 1773 effet
722 1709 868 1791 Syphax,
894 1710 1045 1772 Maurita-

67 1807 96 1864 nia
110 1809 150 1868 diu
167 1807 264 1870 adhuc
279 1809 350 1890 poii
370 1810 516 1872 habuerit
536 1831 625 1896 regee
642 1808 723 1874 suna.
762 1811 868 1873 immo
884 1812 954 1892 plue
969 1811 1045 1874 fidei

67 1905 129 1969 inhia
141 1927 302 1972 mereretur
319 1910 530 1993 Pomponius,
555 1933 648 1994 quam
668 1913 730 1981 alii,
754 1914 874 1992 utqui,
896 1911 930 1972 in
947 1931 1047 1994 oppo-

65 2003 103 2068 nt
118 2009 264 2092 Hispaniae
283 2011 364 2074 locis
392 2027 502 2082 natue,
536 2013 621 2074 haud
645 2013 741 2076 dubie
763 2009 964 2094 peritissimus
988 2011 1049 2072 i'uit

66 2105 129 2172 iun
143 2111 282 2176 Africani.
321 2113 410 2195 Quin
431 2116 526 2180 etiam
544 2116 606 2176 iroc
623 2113 726 2195 ipsum
743 2115 932 2176 confirmant
954 2113 1050 2176 verbe

32 2249 33 2288 3
67 2211 201 2286 initoteiit.
225 2211 290 2304 [At
305 2215 374 2276 vid.
391 2210 513 2304 antem]
564 2216 665 2298 Quod
679 2235 811 2278 monere
826 2217 921 2276 etiam
935 2215 1049 2286 debeo,

32 2331 33 2370 t
67 2307 158 2375 inem
177 2317 338 2396 minorem
361 2317 395 2376 iu
418 2317 502 2380 Mela
523 2320 647 2398 utpium
666 2335 831 2378 occurrere
853 2337 919 2378 non
942 2317 1049 2388 video,

67 2425 87 2468 tt
101 2435 181 2498 oeque
205 2418 278 2480 aliae
310 2416 379 2477 iliae
405 2417 575 2480 divisionea
601 2419 771 2502 regionum
794 2418 989 2499 quanrndam
1015 2418 1051 2479 iu

32 2543 33 2550 κ
67 2516 158 2580 mirrea
173 2531 202 2578 et
222 2521 385 2588 minoret,
411 2519 593 2582 fiBaiearea
615 2520 762 2600 excipiar.
798 2537 822 2580 r.
846 2537 1051 2582 ouonovrve.

32 2691 33 2704 χ
67 2613 162 2681 liemin
175 2635 247 2684 nota
262 2620 376 2688 MSta,
401 2620 434 2680 in
450 2641 508 2701 qua
523 2621 603 2683 itanc
617 2619 759 2704 respicit,
785 2635 942 2702 praeterea
955 2621 1053 2690 ecidit,

32 2735 33 2808 j
67 2715 281 2784 idoneontiua
304 2720 425 2782 Melam
443 2724 550 2784 omnia
572 2724 673 2782 rideri
690 2720 860 2804 indagaiie,
885 2721 970 2802 quod
995 2733 1054 2781 ter·

66 2821 136 2883 minua
148 2825 292 2885 notabilia
308 2820 364 2882 hic
379 2821 454 2884 effet
471 2825 553 2884 inter
568 2823 792 2905 Carthaginem
807 2835 839 2882 ot
855 2821 1055 2884 Numidiam.

68 2933 264 2986 triumviro
288 2923 368 2984 MS.
428 2925 649 3004 Metagonium
677 2923 721 2985 eii
754 2919 914 2984 manifeste
941 2921 1056 2983 Graeca
1143 2995 1146 3005 y

32 3063 34 3102 ;
68 3039 114 3092 i⁰¹,
131 3045 198 3105 quae
212 3039 308 3088 notat
324 3037 437 3086 terram
455 3026 522 3107 poii
538 3025 704 3108 anguium,
728 3037 782 3084 ant
799 3027 1058 3106 promontorium

32 3109 33 3172 i
68 3121 152 3204 intuo
167 3128 261 3190 irtam.
318 3129 425 3206 Atque
441 3124 513 3188 ideo
529 3140 720 3208 potueruut,
747 3139 800 3186 aut
821 3126 971 3184 vitientur
987 3122 1057 3186 sano

69 3221 208 3291 ioeuhoc
220 3247 349 3290 nomen
365 3229 458 3288 variis
472 3227 560 3296 iocis.
585 3241 639 3288 ant
657 3227 803 3288 litoribus
822 3223 941 3286 Africae
957 3227 1059 3305 impo-

32 3347 33 3360 ¹
68 3319 131 3391 tutte.
174 3329 253 3392 Nam
277 3342 366 3390 certe
388 3328 588 3390 Ptolemaeus
606 3331 639 3390 in
665 3331 783 3390 extima
805 3325 995 3386 Mauritania
1021 3325 1060 3384 ati
1169 3411 1170 3414 Ἴ

32 3403 33 3462 i
69 3428 284 3493 minutavit
317 3430 445 3490 Malvae
469 3431 691 3509 iiietagom'nrrt
715 3431 811 3494 locat,
846 3441 879 3488 et
902 3427 1060 3508 populum

69 3527 264 3610 iurgantem,
305 3533 340 3590 in
371 3549 435 3611 quo
462 3529 712 3592 consentientem
741 3529 835 3588 habet
860 3528 1060 3596 Strabonem,

32 3673 33 3678 κ
70 3631 437 3716 tuiioopromooturium
456 3631 527 3699 hoc.
550 3633 635 3713 quoti
654 3632 738 3692 Maia
757 3629 1062 3708 heicMetogonium
1091 3635 1094 3639 '

71 3727 125 3801 dicit,
142 3735 295 3817 appellant
316 3731 450 3801 Tretmn,
474 3733 526 3792 vel
546 3734 574 3792 T
572 3735 679 3794 ritum.
731 3733 771 3792 rit
788 3729 900 3797 Melae,
923 3749 965 3790 ne
986 3749 1064 3792 eum

71 3840 153 3895 tmere
172 3839 204 3896 in
220 3839 271 3898 ine
296 3851 470 3902 vocemus,
496 3831 668 3894 adsentitur
688 3833 809 3893 Pliniue
823 3845 856 3908 5,
878 3843 910 3904 5.
936 3829 992 3890 ubi
1015 3831 1065 3890 iti·
1197 3895 1199 3902 Α

72 3933 117 3992 itu
137 3951 243 3998 terram
266 3932 439 4016 Ampsagae
461 3934 561 3996 fluvio
590 3935 765 4015 proximam
789 3933 826 3992 ad
848 3931 962 3992 Ortum
985 3931 1066 3991 dicit

72 4031 248 4116 iirtogom'tiu
285 4059 306 4096 a
335 4036 465 4096 Graecis
490 4037 655 4116 appellari.
724 4033 808 4095 Nam
842 4036 949 4093 minue
980 4046 1066 4096 recto

32 4161 33 4194 t
70 4129 184 4203 Crinito
205 4142 240 4202 in
265 4137 368 4201 Airita
391 4147 426 4219 4,
451 4150 484 4210 7.
510 4131 591 4226 [7.]
616 4135 701 4200 aliud
725 4147 817 4218 putet
841 4133 1067 4217 Metagonium

99 4251 178 4334 Poup-
193 4257 290 4316 Meta.
312 4255 428 4330 ἔπειμι.
445 4249 484 4307 L.
501 4252 523 4307 t.
785 4235 813 4297 L
