2764 4958
148 419 349 480 meone.
379 421 487 478 uer.
528 419 610 477 ω.
652 415 785 480 cvm.
827 418 925 490 tn.
983 427 1048 499 ‘tr

55 587 180 652 alisatiam
192 593 316 657 cerebro
330 613 367 656 ac
388 591 475 672 sensu
495 591 635 656 caruisse.
672 589 744 652 vtd.
762 561 888 653 Marone
909 590 1046 674 Mapput

54 689 156 754 iobisl.
187 695 304 758 medica
337 696 378 756 de
404 693 569 776 acephalis.
611 693 830 778 (Argentoratl
861 693 964 770 1687.
990 677 1064 772 4.)ι

54 789 182 874 singulare
198 809 300 860 tamen
322 795 439 878 aliquid
456 796 546 856 iniit
569 792 757 876 deprensum
779 791 886 865 fuisse,
918 795 1047 876 adparet

52 891 195 976 etsopilci
213 897 320 960 Probo
336 916 403 979 cap.
426 911 480 971 17.
502 897 547 958 in.
574 895 630 958 ubi
655 895 749 958 haec:
780 894 928 976 Blemyes
948 895 1046 956 etiarn

47 981 150 1078 subegit,
161 1016 285 1078 quorum
295 999 445 1078 captivos
452 998 588 1058 Romam
601 991 788 1084 transmiſse,
809 997 864 1078 qui
876 993 1051 1061 mirabilem,

45 1081 86 1180 [ti
98 1087 184 1185 ulfiam
198 1095 351 1190 stupente
370 1097 547 1179 populosi.
567 1095 787 1178 praebuerunt.
833 1099 912 1158 Vere
934 1109 1045 1160 autem

50 1193 104 1256 talea
120 1194 216 1269 suisse,
249 1201 355 1283 qnalee
379 1221 396 1262 n
416 1200 503 1261 Mela
521 1197 755 1270 describuntur,
786 1199 920 1260 credidit
941 1197 1047 1261 bonne

11 1371 12 1380 ἵ
49 1292 206 1378 Augustiana
226 1301 267 1364 de
288 1303 351 1364 cir.
370 1302 432 1362 Ilei
450 1302 504 1372 ιδ,
530 1312 564 1378 8.
597 1301 746 1381 idemque
766 1299 845 1362 adeo
865 1301 966 1362 snm.
985 1313 1045 1380 37.

11 1411 12 1430 t
48 1395 75 1453 ad
90 1393 185 1462 fratrea
203 1402 238 1462 in
261 1403 380 1465 Eremo
401 1423 433 1484 p.
456 1415 488 1481 5.
511 1401 623 1486 (¹316.
647 1402 698 1462 ed.
715 1399 831 1483 Paris.)
856 1399 884 1462 se
900 1401 945 1462 ibi
967 1401 1045 1462 talea

11 1899 13 1928 l

11 1951 12 1984 l

49 1495 128 1562 ridille
145 1499 258 1567 scribit.
311 1504 364 1565 Sic
380 1503 564 1564 Harduinua
578 1504 616 1564 ad
638 1503 781 1564 Plinium
802 1515 918 1592 notat,-
936 1503 1046 1564 bodie·

48 1614 91 1674 que
105 1599 203 1664 referri
217 1624 235 1664 a
251 1623 360 1666 rerum
375 1605 554 1664 indicarum
576 1603 792 1686 scriptoribus.
819 1605 894 1666 talee
910 1604 944 1664 in
964 1603 1047 1666 occi·

46 1695 133 1762 dentali
146 1705 235 1765 lndia
250 1703 399 1788 conspici.
451 1705 546 1767 Certe
563 1707 596 1766 iu
614 1705 721 1767 codice
739 1703 860 1767 scholae
881 1703 1046 1766 llslisnenfie

47 1803 186 1880 oppidanae
207 1805 337 1889 epistola
358 1805 533 1888 preebyteri
557 1807 707 1870 lohannie
730 1805 870 1868 servatur
892 1807 931 1866 de
954 1809 1046 1866 mira·

46 1901 100 1964 tulit
117 1908 238 1978 Indiae,
275 1909 309 1968 in
332 1927 393 1988 qua
414 1907 491 1969 haec
515 1907 682 1992 leguntur:
721 1907 876 1970 Homines
898 1904 1047 1968 studenter

39 1994 89 2086 fine
114 2009 214 2087 capite
241 2029 279 2068 os
296 2022 334 2070 ct
366 2009 471 2070 ocrtlos
503 2009 535 2069 in
568 2021 709 2088 pectore,
744 2029 877 2092 quorum
901 2005 1046 2068 latitudo

41 2090 96 2186 [tut
109 2108 175 2172 llll.
195 2109 310 2188 pedes,
341 2101 509 2190 longitudo
530 2131 604 2170 vero
621 2111 691 2170 Vll.
714 2109 807 2188 pedes
830 2121 860 2171 et
880 2109 953 2170 Xll.
976 2106 1046 2188 pas·

44 2219 106 2275 neq
133 2207 297 2272 onde'alia
321 2223 467 2292 portenta
488 2211 659 2274 bominum
684 2208 818 2274 subiicit.
884 2211 937 2273 Sic
960 2211 1048 2274 Gon·

45 2303 104 2364 utn
127 2311 158 2370 in
186 2313 451 2392 interpretatione
484 2312 586 2374 lllelae
618 2309 748 2394 Hispan.
772 2335 803 2395 p.
832 2313 913 2390 265.
938 2310 1045 2390 refert,

46 2399 217 2474 Gurltberum
242 2413 376 2498 Ralegb.
402 2413 554 2496 duplum,
584 2413 677 2474 talem
695 2415 851 2495 populum
869 2417 952 2476 inter
972 2413 1046 2480 Βη-

44 2501 111 2568 iliam
126 2527 155 2572 et
168 2515 343 2576 Peruviam
367 2501 577 2596 deprendisse,
612 2515 770 2596 talemque
790 2513 925 2598 speciem
943 2537 981 2578 ex
1004 2535 1045 2580 eo

43 2603 84 2664 am'
100 2611 221 2676 incisam
236 2612 396 2696 adposuit.
446 2617 497 2677 Sic
513 2615 586 2677 talea
600 2614 748 2677 homines
765 2617 797 2676 in
813 2615 911 2678 insula
930 2619 963 2678 in
979 2617 1047 2677 Bri·

44 2697 94 2767 sone
105 2713 197 2778 fluvio
212 2713 299 2776 nasci
316 2715 409 2776 tradit
425 2717 520 2776 etiam
531 2717 904 2780 Gervasrue'silberiensre
920 2721 954 2780 in
971 2720 1045 2782 otiie
1102 2767 1106 2784 .

43 2801 224 2888 bperiatibua
248 2814 344 2879 decis.
362 2831 395 2892 3.
411 2837 443 2876 n.
463 2829 520 2892 75.
545 2837 577 2899 p.
595 2829 680 2902 985.
707 2819 767 2900 (Τ.
790 2837 818 2881 t.
836 2819 870 2878 in
891 2819 1046 2881 Leibnitii

44 2901 165 2992 Itriptorr.
187 2937 300 2980 rerum
321 2916 565 3006 Brunsuicens.)
603 2917 668 2982 Sed
688 2919 795 2981 taedet
817 2920 857 2982 de
880 2919 930 2984 bie
950 2921 1046 3007 nugie

41 3005 103 3082 Plura
119 3021 243 3083 addere.

93 3234 251 3292 praeter·
283 3211 483 3312 effigiem
492 3221 512 3302 )
561 3221 751 3286 Debuerunt
771 3241 847 3309 ergo
866 3223 924 3286 esse
941 3225 1045 3305 Satyri

43 3306 145 3381 lsricani
166 3325 236 3393 alii.
270 3339 363 3404 atqtte
384 3324 448 3392 illi,
490 3341 571 3404 quoe
593 3325 703 3386 Graeci
725 3323 834 3406 passim
857 3341 984 3407 ponunt
1010 3329 1044 3387 in

42 3409 111 3480 thoro
137 3423 270 3496 Bacchi,
310 3443 447 3504 quorum
480 3423 619 3508 effigiem
652 3429 810 3492 cernimus
841 3429 874 3486 in
905 3447 1045 3511 gemma,

42 3527 108 3587 qoam
127 3523 329 3587 Casaubonue
351 3527 483 3606 protulit
504 3527 537 3585 iu
561 3528 688 3588 erudito
709 3525 821 3609 scripto
842 3528 881 3588 de
905 3529 1044 3608 satyrica

45 3610 204 3686 Glaecomm
222 3625 332 3696 Paeo,
365 3627 419 3686 ubi
442 3640 524 3687 certe
545 3639 610 3688 tote
629 3627 794 3688 sublimior
814 3647 882 3710 pare
904 3630 1043 3711 corporis

43 3713 230 3799 &humanm
263 3742 479 3808 praeterquam
502 3729 590 3808 quod
611 3729 728 3810 aliquid
750 3731 877 3790 cornuti
899 3743 1045 3812 appareat

44 3809 183 3890 bborrte.
212 3847 236 3892 r.
255 3845 451 3891 ottouovtve
471 3829 547 3892 MS.
599 3831 650 3891 De
664 3829 775 3891 nollrie
790 3831 901 3892 eadem
917 3831 1043 3892 Plinius

44 3923 106 3998 5»ss.
129 3927 258 3992 Solinne
273 3948 299 3992 c.
321 3939 379 4008 54.
397 3929 417 3992 s.
437 3943 494 4009 31.
521 3929 666 3992 Martiam
684 3932 717 3994 6.
734 3949 765 4011 p.
781 3939 862 4006 218.
886 3929 942 3992 suo
959 3933 1045 4014 quie·

44 4031 84 4092 que
99 4031 203 4092 modo.
255 4030 304 4092 Ad
318 4031 437 4094 Sullam
456 4032 629 4091 adductum
646 4028 735 4092 soille
749 4033 915 4110 Satyrum.
944 4051 1042 4114 quem
1111 4069 1115 4078 ·

42 4130 113 4204 slope
126 4131 330 4212 Apolloniam
345 4133 381 4192 in
404 4132 533 4212 lllyrico
552 4129 663 4194 somno
682 4145 863 4214 correptum
885 4145 1041 4216 ceperant,
1062 4123 1066 4136 ⁸
