2764 4958
163 391 217 450 ην
246 389 383 448 rotat.
412 387 520 444 MEL.
561 387 641 446 ω.
685 387 816 451 c.Vttt.
858 387 987 461 945.
1037 401 1100 466 aeg

71 565 180 642 ring,
206 577 240 632 a,
267 559 299 625 6.
341 561 467 623 Proeo
491 559 641 636 Linea,
668 573 724 628 ea,
753 569 807 634 15.
846 559 902 629 26,
932 577 987 630 te.
1011 577 1042 642 7.
1066 561 1100 622 in

71 665 201 726 nredimu
215 653 383 752 consulere.
413 659 514 721 Infert
528 661 696 722 notionem
712 657 866 720 societatis
881 675 913 721 et
928 661 961 720 in
977 664 1101 744 populo

70 767 223 833 civitatis,
249 783 341 844 quarn
364 761 513 830 canidio,
540 779 634 842 opera
656 761 853 821 adiuvamur.
907 760 961 822 Gr.
985 757 1101 835 aonio.

67 881 99 929 et
123 867 166 928 fic
194 865 291 926 Ovid.
315 862 450 924 Metam.
473 879 527 931 re,
550 877 585 934 7.
617 881 776 920 commune
803 861 907 942 gertlt's
938 855 1099 954 Pelasgae.

66 971 111 1031 lta
133 979 246 1028 autern
267 961 440 1045 priscorum
466 963 636 1024 hominum
658 959 720 1023 fera
743 961 807 1022 vita
827 975 860 1022 et
884 982 963 1046 vaga
991 961 1102 1046 pall'rm

65 1067 201 1130 describi
221 1064 314 1137 iulet,
340 1077 378 1125 ut
386 1085 409 1150 'a
426 1063 582 1126 Cicerone
600 1062 639 1124 de
656 1063 784 1124 lavent.
808 1084 837 1135 t,
858 1077 891 1127 a.
916 1082 975 1148 pro
991 1065 1102 1130 Sextio

63 1189 128 1253 cup.
156 1178 221 1250 42.

139 1371 295 1448 agnati
304 1367 323 1450 )
372 1368 545 1453 Egregium
567 1365 654 1430 hunc
671 1368 779 1430 locum
802 1380 895 1430 vocat
914 1367 1104 1432 Perizoniut

62 1471 104 1532 ad
123 1469 360 1531 inlustrandum
380 1471 429 1530 irre
452 1470 545 1535 civile
570 1472 604 1530 in
628 1467 857 1530 hereditatibus
879 1469 918 1530 ab
940 1471 1103 1543 intestatae

61 1592 144 1654 quae
165 1584 286 1642 tamen,
320 1589 393 1631 cum
409 1569 471 1630 huc
493 1571 630 1652 proprie.
662 1570 715 1632 vel
737 1571 880 1652 proxime
896 1589 962 1633 non
980 1569 1103 1642 faciant,

60 1675 96 1734 irr
112 1672 274 1732 summam
290 1684 446 1734 contracta
463 1671 556 1735 dabo.
609 1669 736 1753 Nempe
752 1670 829 1732 olim
844 1685 1031 1754 agnatorum
1046 1691 1104 1734 no·

62 1777 158 1836 mine
176 1773 245 1842 filii,
271 1772 324 1832 rel
341 1773 397 1833 filii
418 1773 568 1842 minorue,
592 1773 679 1832 unde
695 1773 734 1832 de
750 1769 896 1834 fratribus
914 1773 977 1834 dici
992 1771 1102 1854 potell,

61 1889 104 1935 nt
127 1873 218 1956 apud
242 1872 411 1935 Auctorem
436 1873 473 1934 ad
503 1873 758 1942 Herennium,
787 1887 842 1950 13.
876 1869 970 1934 irater
993 1875 1104 1934 minor

60 1974 223 2044 Malleoli,
249 1973 304 2054 qui
319 1975 484 2035 damnatur
504 1973 727 2034 testamentum
746 1971 869 2042 fecerat,
896 1973 1104 2034 hereditatem

60 2078 134 2139 eiua
158 2073 249 2135 luam
276 2087 370 2136 vocat
393 2074 458 2154 lege
479 2076 673 2154 agnationis.
729 2073 802 2135 Post
827 2075 988 2156 paullatim
1009 2075 1105 2135 latius

61 2174 196 2238 extensa
216 2175 261 2235 eil
284 2176 409 2259 agnatio
430 2176 469 2236 ad
491 2173 612 2236 sextum
630 2175 683 2236 vel
706 2171 874 2256 septimum
896 2175 1044 2258 gradum,
1071 2188 1104 2236 et

64 2279 143 2339 hinc
167 2279 203 2336 in
225 2276 331 2337 nostro
347 2276 417 2338 loco
433 2276 471 2336 ad
491 2273 624 2336 familiae
644 2273 776 2337 refertur
792 2276 829 2336 ab
847 2297 912 2336 nno
928 2277 1104 2336 minimum

63 2398 126 2440 avo
157 2378 214 2437 vel
248 2395 369 2457 proavo
395 2391 492 2444 ortae.
524 2379 557 2437 in
581 2396 656 2460 qnae
682 2371 791 2458 pall'trn
815 2375 937 2457 disperii
960 2377 1104 2459 agebant.

62 2481 155 2541 Ultra
174 2479 294 2538 remoti
318 2493 406 2538 erant
426 2477 569 2560 gentiles.
608 2477 714 2560 Quam
734 2479 837 2538 media
856 2479 1105 2559 lurieprndentia

62 2581 180 2641 intulit
194 2579 271 2638 voci
286 2580 506 2649 mutationem,
531 2577 595 2639 huc
611 2580 746 2640 minime
761 2580 910 2660 pertinet.
942 2579 1104 2640 Hactenus

63 2681 270 2744 Perizonius.
305 2676 745 2764 Cl.1i1dor.0rig.9,6.in.
789 2679 837 2740 Ad
857 2682 993 2761 primam
1016 2681 1105 2741 rocio

64 2781 335 2868 fignificationem
357 2779 461 2860 lepide
483 2781 607 2842 Plinius
634 2799 687 2852 rr,
712 2793 771 2858 94.
793 2777 811 2841 l.
830 2793 888 2859 39.
917 2783 1107 2864 congenitos

62 2885 148 2966 pilon
173 2895 206 2943 et
229 2895 360 2964 agnatos
381 2883 414 2939 in
436 2881 567 2942 homine
591 2879 728 2964 obponit
749 2883 971 2962 interpretatur
994 2879 1105 2942 Aristo·

65 2986 138 3046 telin
154 2985 191 3043 in
206 2981 406 3059 Hitt.e11.3‚
423 3001 477 3044 ro.
500 2979 628 3068 Τρίχας
647 2979 809 3066 συγγενεῖς
826 2997 857 3042 ct
879 2972 1105 3070 ὑστερογενεῖς.

63 3087 97 3148 st
120 3083 304 3146 verborum
326 3085 360 3142 in
385 3082 489 3144 nostro
513 3084 582 3145 loco
602 3103 719 3143 nexum
740 3083 976 3164 perpendimus,
1000 3085 1106 3165 agnati

62 3189 208 3246 minime
235 3183 294 3244 elle
314 3183 441 3264 poliunt
462 3185 603 3245 minores
623 3185 696 3253 filii,
723 3185 794 3264 quia
815 3204 830 3242 a
849 3183 955 3244 liberis
972 3185 1107 3243 omnino

65 3287 187 3348 diserte
212 3283 459 3368 distinguuntur.
511 3285 601 3346 Valet
622 3286 721 3368 igitur
742 3284 909 3365 explicatio
934 3283 1106 3352 Perizonii,

63 3403 99 3448 ut
124 3386 240 3472 agnati
261 3385 321 3444 fint
343 3385 424 3466 quali
445 3383 551 3446 liberie
572 3387 655 3455 nati,
686 3397 754 3456 aut,
787 3385 807 3442 ti
828 3385 898 3465 quie
922 3385 961 3445 de
985 3386 1052 3445 avie
1077 3394 1109 3445 et

62 3491 200 3570 proavis
217 3485 354 3555 dubitet,
380 3483 472 3566 pollrt
495 3482 639 3546 latillrme
656 3485 823 3566 complecti
843 3485 1014 3568 coniugum
1036 3503 1111 3546 con·

62 3589 275 3676 sanguineos,
297 3589 386 3647 unde
401 3584 590 3648 familiarum
607 3605 759 3649 uumerue
774 3587 951 3666 modusque
966 3599 1108 3670 augetur,

61 3689 254 3753 dummodo
272 3686 346 3750 uiue
368 3688 533 3752 addixerit.

241 3893 274 3970 §.
301 3901 337 3969 5.
386 3888 608 3973 Atlantes)
656 3893 760 3953 Ducta
776 3889 853 3952 haec
872 3885 942 3949 lunt
957 3888 1110 3957 ertHeto·

65 3997 151 4060 doto
166 4006 205 4076 4,
226 4003 309 4072 184.
336 3993 389 4074 qui
412 4006 518 4053 tamen
539 3993 678 4076 duplices
700 3991 773 4054 lacit
794 4004 826 4052 et
848 3989 992 4051 moribus
1012 4003 1044 4052 et
1064 3991 1111 4050 in·

66 4099 191 4162 iiitutie
216 4091 375 4163 diversos.
406 4094 614 4176 locorumque
634 4093 803 4156 intervallo
824 4091 980 4155 distantes.
1024 4089 1111 4156 Con·
