2852 4946
179 365 232 422 ru
260 361 396 421 rome.
428 361 531 418 uer..
574 361 610 418 ι..
632 363 657 418 1.
700 361 833 420 cxm.
875 359 953 430 te.
1027 370 1089 442 4tt

55 539 90 602 Ρ.
108 553 141 602 tt.
162 557 195 620 p.
211 537 316 614 1682.
344 533 467 598 Eckbel
482 553 508 598 c.
522 534 545 598 l.
582 533 683 596 Notat
698 547 804 596 tamen
818 535 996 618 Stephanus
1009 535 1043 600 b.
1057 559 1092 602 v.

56 633 309 725 Πομπηϊέπολις
329 637 424 698 etiam
445 635 665 717 aquibusdem
682 633 791 709 scribi;
816 649 849 698 et
863 637 903 699 lic
924 657 1000 700 vere
1016 639 1093 724 legi·

56 757 106 808 tur
126 745 161 802 in
178 741 283 801 Dione
303 739 361 817 56,
378 755 438 800 ao.
465 739 516 801 Sic
530 739 625 798 etium
642 739 676 798 in
691 735 781 800 iuscr.
799 737 855 802 Gr.
869 740 951 820 apud
963 739 1092 802 Gmter.

56 865 88 927 p.
110 851 218 920 1084.
235 863 269 901 n.
287 851 321 920 4.
375 839 480 900 Latini
502 837 706 920 posteriorem
725 838 805 900 hene
825 835 980 910 formam,
1005 839 1095 904 utin

60 943 215 1005 smilibtte
235 953 448 1022 exceperunt,
474 939 672 1022 quodetiam
689 937 912 1022 inscriptiones
933 942 1094 1008 tellentur.

56 1043 108 1110 Cl.
132 1044 235 1106 Donii
256 1039 363 1102 inscrr.
383 1062 416 1124 p.
432 1053 515 1121 274.
529 1062 562 1102 n.
585 1051 664 1117 ¹8⁰·
717 1041 765 1102 lta
786 1061 882 1123 quum
904 1043 1096 1128 Zosrmuelp,

57 1167 118 1216 uo,
137 1157 172 1224 5.
193 1137 484 1231 Maprrtaratlrrolur
502 1153 605 1212 vocat,
631 1141 888 1221 Marcianopolis
903 1125 946 1206 esi
961 1145 1100 1207 Ammia-

57 1269 101 1310 no
121 1262 181 1318 27,
198 1256 234 1324 4.
267 1245 305 1305 ed
330 1263 426 1326 quem
445 1241 484 1307 cs.
507 1244 712 1306 Reitemeier.
735 1263 763 1314 t,
781 1253 841 1323 42,
862 1260 895 1308 a.
946 1247 997 1308 Sic
1018 1249 1099 1310 liar·

60 1341 330 1418 oraartuot'rral.15
347 1365 364 1406 e
382 1344 537 1423 Dionysio
555 1363 588 1406 v.
610 1353 690 1426 145.
730 1345 919 1407 Latinorum
944 1347 1012 1410 Con
1043 1370 1100 1410 err·

59 1449 215 1529 tiaopolis
232 1449 363 1516 dicitur,
387 1461 418 1507 et
436 1445 475 1508 src
494 1445 563 1506 elia.
602 1445 641 1506 ln
659 1445 798 1508 Corolia
814 1448 846 1509 S.
863 1447 963 1512 Paulo
981 1448 1099 1535 Geogr.

59 1550 141 1613 sacra
162 1569 190 1612 c.
212 1549 297 1610 nutis
322 1547 479 1610 Holllenii
505 1555 610 1626 1754.
636 1567 668 1627 p.
685 1563 744 1626 29.
768 1544 911 1609 scribitur
932 1545 1103 1639 Πομπιού·

59 1648 166 1728 nolu.
211 1649 309 1733 Quod
323 1645 478 1712 Gesnerue
494 1649 528 1708 in
545 1645 691 1710 thesauro
708 1649 744 1708 L.
761 1649 796 1708 1..
817 1646 872 1710 sub
888 1650 921 1712 b.
937 1671 970 1714 v.
991 1672 1030 1714 ex
1044 1653 1102 1715 So·
1174 1677 1179 1682 ·

59 1754 128 1814 lino
148 1753 213 1813 line
234 1747 347 1812 diserta
363 1763 469 1812 tamen
485 1749 549 1810 loci
565 1750 732 1811 mentione
753 1747 875 1822 scribit,
902 1751 971 1832 post
993 1752 1103 1814 Troia·

61 1853 189 1932 euopolis
204 1871 326 1913 nomen
343 1839 549 1921 uectam'elle,
572 1849 645 1932 quia
662 1849 707 1910 ibi
723 1865 869 1914 mortuus
885 1851 922 1912 lit
936 1855 1102 1925 Traianus,

61 1953 175 2016 salsum
189 1953 244 2023 eli,
264 1968 297 2014 et
313 1953 350 2012 ad
367 1953 569 2016 Selinuntem
579 1950 708 2014 Ciliciae
724 1953 873 2034 pertinet,
890 1965 927 2013 ut
941 1971 980 2014 ax
996 1956 1103 2018 Diona

64 2055 124 2134 68,
145 2069 204 2140 35.
226 2054 428 2140 intelligitur.
463 2053 569 2116 Hodie
586 2053 687 2114 ruinie
705 2052 844 2118 demersa
862 2055 1004 2118 evanuit.

139 2253 295 2336 Arati)
344 2257 394 2318 Ite
408 2275 470 2338 quo
483 2256 517 2316 in
532 2267 608 2318 nota
629 2253 785 2337 proxima.
819 2259 869 2320 Da
890 2257 1008 2320 tumuli
1030 2277 1107 2322 vero

65 2359 147 2421 mira
170 2370 280 2418 natum
306 2359 377 2438 quis
403 2370 526 2440 praeter
552 2355 669 2418 Melam
696 2355 862 2439 scripserit,
892 2359 1007 2444 ignoro
1030 2379 1108 2421 cum

65 2455 192 2532 roffio,
232 2459 287 2540 qui
320 2471 427 2540 temen
460 2457 506 2518 ibi
540 2456 699 2539 sepultum
732 2456 821 2521 soille
851 2480 891 2523 ex
922 2459 1008 2522 Arati
1041 2461 1110 2526 vita

66 2561 175 2624 refert.
229 2560 267 2620 ln
300 2560 411 2622 Antaei
437 2559 564 2621 tumulo
587 2559 687 2621 lrmile
711 2559 829 2642 aliquid
855 2563 987 2626 evenire
1013 2563 1110 2626 tradit

66 2662 150 2726 inira
171 2675 205 2741 3,
228 2681 283 2722 to.
302 2657 325 2724 s.
708 2675 710 2678 ·

143 2854 401 2954 dissiliant)
447 2861 616 2924 Vitruvius
632 2873 665 2941 8,
691 2875 725 2942 3.
740 2851 829 2953 saxa
855 2863 1000 2936 Ciliciae,
1030 2883 1112 2948 qrrae

67 2985 169 3050 rreqaa
183 2965 278 3046 ignis,
303 2984 399 3047 neque
409 2954 538 3052 farrum
553 2955 684 3052 poffirnt
696 2983 753 3042 per
760 2954 799 3055 se
812 2955 991 3055 dirsalmre,
1014 2985 1110 3048 quum
1177 3035 1180 3040 Δ

69 3067 111 3130 ab
135 3061 297 3156 ignescat
315 3056 550 3154 percalefacta,
575 3060 736 3154 dissiliunt
756 3078 847 3126 aceto
862 3056 993 3156 sparsa.
1030 3065 1112 3126 Dte-

59 3167 182 3260 stliant
203 3169 226 3230 i.
244 3185 273 3230 e.
295 3179 507 3250 rumpuntur,
536 3177 574 3226 ut
594 3165 635 3228 de
655 3165 824 3248 pecoribus
841 3181 874 3246 3,
894 3169 927 3238 6,
946 3167 980 3230 6.
1021 3183 1113 3227 crte·

68 3289 210 3334 cotttve.

152 3467 363 3554 Corycos)
414 3467 469 3532 Gr.
489 3463 682 3557 Κάιρωιος.Ι
707 3467 910 3532 Ptolemaeus
924 3479 958 3547 5,
979 3479 1014 3548 3.
1036 3467 1115 3532 hina
1171 3507 1172 3510 =

69 3574 206 3641 Ciliciae
220 3573 364 3656 propriae
380 3571 510 3632 initium
526 3569 610 3634 lecit.
644 3570 758 3634 Strabo
775 3579 829 3650 ι4.
843 3593 876 3654 p.
891 3581 977 3650 459.
990 3569 1011 3633 s.
1029 3571 1114 3650 668.

68 3679 129 3739 etii
156 3675 254 3758 ipliue
279 3673 392 3755 oppidi
411 3693 481 3752 ‚non
501 3671 669 3744 meminit,
701 3674 736 3733 in
756 3671 867 3733 ultima
884 3672 992 3735 Cilicia
1012 3670 1115 3754 aspera

68 3779 174 3846 locat,
204 3776 275 3856 quie
293 3772 470 3855 campellrie
484 3775 614 3836 initium
630 3791 647 3835 e
662 3773 745 3837 Solia
758 3769 843 3835 lacit.
892 3773 955 3834 Alii
979 3775 1116 3836 omnino

70 3881 107 3940 in
138 3877 252 3941 Cilicia
278 3887 424 3957 ponunt,
455 3888 493 3935 ut
518 3875 698 3958 Stephanus
719 3869 753 3934 b.
777 3893 811 3936 r.
863 3873 936 3936 Hoc
959 3875 1117 3956 oppidum

66 3979 173 4065 (nam
195 3974 260 4037 suit
279 3977 374 4038 etium
390 3975 533 4055 Corycos
554 3977 588 4038 in
602 3971 812 4058 Pamphylia)
834 3986 965 4056 propter
987 3987 1117 4057 portum

70 4083 109 4146 in
126 4079 285 4144 Cicerone
309 4078 350 4140 ad
374 4075 488 4143 divers.
511 4089 568 4154 ta,
596 4091 650 4160 15,
672 4087 706 4156 fl.
732 4073 979 4162 intelligendum
997 4074 1058 4140 ello
1077 4094 1117 4140 ex
