2852 4946
252 409 305 468 rrr
333 407 472 468 romr.
501 405 609 464 mot.
650 403 731 462 ιι.
775 405 908 470 oxrv.
1037 413 1105 490 4¹⁹

65 579 123 644 bot
140 579 278 644 maxima
295 580 346 643 vir
361 577 525 643 Persarum
543 576 729 641 constiterit.
764 597 789 642 r.
811 595 1009 643 ororovrvr
1024 579 1103 645 Mt.

64 680 114 752 Gi.
129 681 292 746 Plutarch.
314 682 348 742 in
368 680 509 746 Cimone
530 699 597 764 cap.
619 697 676 744 to.
703 680 839 744 Diodor.
861 695 915 753 ro,
933 693 967 762 3.

139 907 188 948 ex
220 881 361 966 edito)
410 881 540 967 Nempe
576 882 705 946 testatur
738 881 885 946 Arriano·
914 881 955 946 do
987 883 1102 966 experi-

61 985 151 1052 Alex.
172 1005 203 1056 t,
221 999 281 1060 27.
297 985 343 1048 in.
372 1003 443 1047 eom
464 984 577 1046 urbem
600 985 687 1046 irtam
711 980 800 1047 ioiffo
822 981 857 1046 in
879 987 1104 1067 promontorio

63 1089 192 1150 munito
208 1101 241 1149 et
258 1097 449 1168 praerupto,
474 1087 561 1168 quod
585 1085 865 1168 praeterlaberetur
880 1086 1102 1166 Eurymedon.

63 1189 165 1260 unde,
199 1189 275 1250 iicet
297 1185 343 1252 60
366 1183 459 1248 iiadir
481 1185 596 1248 abesset
616 1187 744 1256 amori.
772 1199 808 1248 ut
829 1185 957 1248 testatur
977 1186 1102 1258 Strabo.

64 1284 109 1377 [c.
127 1285 174 1377 i.]
206 1290 314 1372 potuit
341 1301 449 1350 tamen
475 1289 661 1350 conflictum
688 1289 818 1360 videre.
853 1289 909 1349 ubi
933 1291 1101 1372 proprium

62 1389 200 1452 verbum
228 1389 283 1452 eii.
341 1389 436 1450 Unde
464 1389 627 1452 Phaedrus
654 1384 709 1476 [Ω.
726 1401 758 1466 5,
777 1383 833 1474 9.]
859 1389 986 1460 viliam,
1019 1411 1101 1474 quoa

62 1505 166 1553 monte
181 1481 310 1583 summo
331 1485 441 1579 postea
463 1491 590 1552 Luculli
620 1511 717 1552 manu
747 1481 934 1580 prospectat
958 1491 1099 1552 Siculum

62 1613 154 1655 more.
209 1591 303 1654 Unde
323 1592 419 1653 etiam
445 1590 549 1654 rursus
570 1611 599 1660 t.
624 1605 676 1667 17.
694 1587 716 1653 f.
739 1591 888 1652 dicuntur
909 1593 989 1656 duae
1011 1589 1101 1656 urbes

61 1684 189 1786 diversa
212 1693 314 1754 moria
337 1681 549 1784 prospectare.
584 1712 609 1756 r.
637 1709 834 1756 ortortovrrt
848 1693 926 1757 MS.

130 1881 403 1984 prospectat)
451 1895 504 1958 Sic
528 1895 641 1957 maluit
664 1894 771 1978 ioqui.
805 1913 909 1977 quom
933 1895 1099 1958 videretur

60 1999 159 2082 magio
174 1998 343 2079 proprium
358 1993 500 2058 futurum
518 1988 697 2088 despectat.
726 1997 843 2078 quippe
858 2015 898 2057 ex
917 1997 992 2060 olto.
1033 1997 1098 2060 Sed

61 2113 165 2160 trrrren
190 2097 296 2156 Latini
317 2087 495 2188 prospicere
514 2113 547 2160 et
562 2089 765 2189 prospectore
786 2097 969 2158 maluerunt
991 2098 1097 2161 dicere

61 2201 97 2262 de
114 2199 196 2260 locis
214 2195 400 2260 iubiimibur
416 2219 517 2281 prope
535 2218 637 2270 more,
664 2197 746 2281 quast
764 2198 952 2260 adlruientet
971 2197 1009 2260 ad
1025 2217 1098 2282 pro·

62 2299 260 2384 spiciendrrm
278 2319 373 2382 porro
391 2301 442 2360 vel
459 2301 581 2382 procul.
607 2317 632 2363 r.
650 2317 846 2361 ottorovtvo
863 2299 940 2362 MS.
962 2319 991 2364 t.
1030 2301 1096 2363 Re·

60 2422 96 2465 to
116 2401 213 2463 redit.
265 2391 463 2491 Despectam
485 2401 528 2462 est
550 2403 686 2464 omnino
711 2421 749 2463 ex
773 2399 941 2484 superiori.
973 2400 1094 2465 excelso

59 2505 128 2566 loco
150 2505 188 2562 in
211 2497 414 2573 inferiorem.
446 2501 620 2584 depreiiom
641 2501 791 2585 spectare,
825 2503 896 2583 qui,
926 2501 1095 2566 fideicen·

60 2605 155 2674 derio,
181 2601 223 2663 est
237 2603 270 2664 io
286 2605 400 2664 eodem
415 2615 530 2674 tractu,
556 2593 757 2694 prospectore
776 2603 864 2664 innui
880 2605 1022 2664 involvit
1038 2623 1095 2666 no·

60 2707 181 2769 tionem
195 2703 257 2764 loci
273 2705 455 2766 remotioris
469 2718 501 2765 et
516 2705 612 2766 diriiti
628 2705 665 2766 ab
683 2705 796 2766 eodem
815 2717 924 2768 tractu.
963 2705 1096 2767 Faciunt

53 2806 116 2892 'hoc
135 2805 232 2870 stadia
255 2807 315 2870 60.
337 2807 419 2888 apud
439 2806 646 2877 Strabonem,
679 2805 794 2886 quibus
816 2826 832 2868 o
853 2807 933 2868 mari
954 2805 1096 2878 distabat,

59 2909 139 2970 unde
171 2920 204 2966 et
229 2907 431 2968 Ptolemaeus
455 2920 487 2984 5.
513 2921 547 2986 5.
577 2909 611 2968 in
634 2909 874 2968 mediterraneis
896 2907 1028 2970 urbibus
1048 2927 1098 2970 ro·

58 3009 171 3070 censet.
226 3007 323 3091 Quod
349 3009 512 3070 sommus
536 3007 573 3070 od
601 3009 703 3070 Solio.
724 3028 756 3088 p.
781 3029 825 3072 m.
849 3017 933 3087 549.
964 3021 1094 3092 propter

57 3111 191 3171 verbum
207 3099 391 3197 prospectat
409 3111 540 3192 propius
557 3109 634 3168 mori
652 3129 668 3172 t
687 3108 771 3170 Meta
792 3129 863 3172 eam
884 3109 995 3172 urbem
1014 3107 1094 3190 post·

57 3223 117 3272 tam
133 3209 226 3271 iuiiio
243 3209 413 3280 existimat,
446 3210 520 3272 facit
541 3211 572 3270 id
595 3209 657 3271 ime
678 3211 765 3294 gravi
782 3208 885 3278 croso.
918 3229 990 3270 curn
1007 3229 1094 3291 prae·

57 3325 154 3382 terea.
183 3311 270 3392 quod
294 3309 358 3392 ipio
375 3325 503 3384 monet,
528 3311 671 3374 fluminis
691 3309 797 3374 curius
814 3329 965 3373 recurvus
982 3311 1093 3374 dilian-

56 3413 127 3475 tiam
147 3434 166 3474 a
188 3411 267 3472 mori
288 3413 421 3476 minuit·

125 3603 411 3706 Aspendos)
462 3613 517 3677 Gr.
544 3606 731 3688 Ἀσπενδος.
770 3607 944 3680 ’Δσπὲνδου
968 3610 1091 3704 κτίσμα

56 3731 146 3779 vocat
171 3715 351 3798 Stephanos
375 3716 407 3778 h.
432 3737 463 3780 r.
509 3713 660 3803 ’Λργεὶων
688 3735 763 3778 cum
789 3716 872 3778 Melo
900 3716 1012 3779 Strabo
1036 3727 1089 3793 14.

55 3837 85 3897 p.
98 3830 186 3898 459.
204 3817 226 3880 i,
243 3818 328 3890 667.
355 3833 388 3878 et
411 3837 449 3877 ox
475 3837 514 3878 eo
533 3817 716 3880 Eustrthiut
737 3819 776 3880 ad
801 3815 933 3895 Dionys.
952 3837 983 3880 v.
1004 3827 1090 3895 852.

54 3921 108 3998 qui
132 3935 241 3981 tamen
261 3920 299 3979 od
323 3919 456 3982 Homer.
481 3920 517 3981 ΙΙ.
534 3935 566 3990 2.
583 3929 666 3998 745.
689 3939 720 4000 p.
739 3939 783 3982 m.
801 3931 884 3998 255.
910 3920 1091 3981 conditores

55 4019 135 4100 ipior
152 4021 172 4082 i.
189 4021 373 4102 praecipuos
393 4033 537 4082 auctores
557 4021 690 4082 nornine
707 4019 863 4103 deignat,
889 4019 1090 4102 Polypoeterr

55 4134 84 4182 rt
99 4123 293 4194 Leorrteum,
306 4123 402 4185 Troia
419 4126 561 4186 reducor.
588 4123 726 4208 Argivo·
740 4135 849 4184 tutem
865 4121 900 4183 io
916 4120 972 4184 ilio
988 4133 1091 4184 tracto
