2922 4958
323 355 385 416 600
591 353 753 416 NOTAE
792 353 1096 414 uxeoartcan

311 523 491 597 .Armcniia
518 543 552 592 et
577 525 830 612 Cappadocibus
855 525 936 591 facit
960 525 1121 593 finitimos
1148 543 1181 593 et
1205 524 1286 592 inde
1309 549 1363 594 ex·

327 629 437 698 tendit
459 631 501 695 ad
521 651 610 692 mare
638 629 816 714 Cyprium,
851 631 942 716 qnod
965 631 1087 694 constat
1109 653 1149 694 ex
1170 629 1228 694 lib.
1246 644 1281 710 5,
1303 642 1364 714 49.

328 735 377 800 lta
396 753 493 804 vero,
526 732 616 818 quod
638 729 759 795 Cilices
780 747 909 794 tantum
929 749 1067 797 noverat
1087 731 1197 795 versut
1215 734 1365 817 Euphra·

329 850 415 908 tem,
447 831 584 920 propius
602 833 708 895 sontes
733 833 774 896 ad
797 853 888 895 oram
911 833 1080 897 australem
1103 833 1257 898 admovet
1278 858 1308 907 t,
1330 837 1365 899 6.

329 957 396 1023 quo
419 933 555 1000 nomine
575 935 788 1018 reprehensus
807 934 850 996 esl
870 933 951 997 olim
969 938 1009 998 ab
1027 933 1163 999 Arriano
1178 933 1213 998 in
1234 935 1367 1021 periplo

328 1035 428 1103 Ponti
449 1059 482 1125 p.
506 1038 559 1102 16.
575 1037 676 1100 Huds.
706 1053 740 1102 et
754 1039 926 1117 Anonymo
948 1037 988 1098 de
1008 1037 1114 1100 Ponto
1130 1035 1262 1100 Euxino
1278 1060 1311 1121 p.
1329 1057 1365 1117 9.
1444 1049 1445 1052 ’

329 1143 412 1220 (Vol.
431 1155 463 1215 3.
485 1139 603 1222 Geogt.
621 1138 735 1218 Hudl.)
762 1135 819 1223 qui
838 1154 988 1210 monent,
1015 1140 1055 1200 ab
1072 1153 1147 1199 ortu
1161 1135 1274 1222 potius
1292 1137 1368 1200 lolia

330 1243 522 1310 decurrere,
557 1242 611 1302 etsi
640 1238 866 1322 Wellelingiua
898 1239 1105 1301 Herodotum
1128 1240 1168 1300 ad
1196 1261 1227 1311 ι,
1251 1241 1286 1302 6.
1320 1237 1368 1302 ita

329 1341 490 1408 tuendum
515 1337 664 1424 suscipit,
708 1341 793 1405 lide
818 1357 892 1405 ortu
916 1337 991 1402 lolia
1019 1339 1159 1403 hiberno
1189 1337 1368 1406 intellexit.

328 1440 519 1509 Armenium
543 1457 652 1505 autem
676 1457 841 1513 montem,
875 1439 999 1527 inquo
1027 1458 1060 1504 et
1083 1439 1139 1506 alii
1161 1441 1269 1504 fontes
1293 1461 1370 1526 ape·

329 1541 423 1609 riunt
442 1539 593 1626 (Dionys.
617 1566 647 1608 v.
673 1547 756 1622 786.
782 1559 815 1606 et
837 1541 1022 1607 Priscianus
1046 1566 1077 1607 v.
1102 1549 1205 1624 757.)
1231 1535 1372 1626 Ταύρου

330 1641 533 1726 ἀπόσπασμα
559 1659 658 1708 vocat
678 1643 864 1707 Eustathiua
887 1645 927 1708 ad
949 1643 1081 1724 Dionys.
1102 1667 1133 1708 v.
1151 1647 1234 1723 694.
1262 1667 1371 1731 παρα.

330 1746 432 1814 τεῖνον
456 1739 512 1812 ἕως
531 1740 585 1807 arai
607 1744 648 1814 εἰς
667 1743 843 1832 'appartet
881 1747 989 1830 Quam
1005 1743 1097 1806 enim
1110 1747 1173 1808 late
1188 1744 1368 1808 Armenius

330 1867 427 1911 mone
452 1847 622 1912 s.'m0ntea
652 1863 804 1932 pateant,
839 1843 974 1909 discitur
998 1843 1094 1918 inde.
1132 1845 1219 1932 quod
1250 1847 1370 1910 Phaon

316 1947 432 2038 letiam
447 1945 482 2012 in
497 1945 539 2012 iis
557 1945 636 2010 oriri
652 1945 763 2011 scribit
775 1945 908 2026 Dionys.
926 1971 957 2010 v.
974 1949 1059 2028 694.
1085 1967 1145 2032 pro
1163 1945 1284 2032 quibus
1308 1945 1370 2010 alii

330 2048 516 2116 Molchicoe
531 2065 670 2135 ponunt.
696 2065 734 2114 ut
745 2047 831 2112 infra
846 2051 980 2120 notabo,
1004 2069 1103 2134 porro
1118 2071 1150 2112 v.
1162 2061 1243 2127 775.
1260 2049 1369 2112 Ther·

330 2154 524 2218 modontem
549 2167 581 2214 et
601 2173 632 2216 v.
655 2153 738 2228 856.
761 2153 972 2234 Euphratem.
1026 2147 1115 2212 Hinc
1136 2169 1214 2211 vero
1234 2146 1369 2213 Plinius

332 2257 367 2326 6,
392 2272 423 2318 e.
452 2251 487 2317 io
511 2249 678 2317 radicibus
705 2249 809 2313 Tauri
832 2251 939 2314 fontes
962 2249 1124 2335 agnoscit3
1165 2252 1281 2314 Strabo
1311 2269 1368 2316 aa.

331 2375 404 2444 pag.
422 2371 505 2431 377.
528 2354 651 2432 R546.
678 2351 714 2417 in
734 2373 851 2436 magna
873 2350 1083 2436 Cappadocia
1105 2349 1244 2415 ostendit
1262 2371 1368 2436 prope

330 2453 505 2518 Ponticam
526 2452 733 2540 provinciam
750 2455 838 2538 apud
859 2455 1103 2533 Cambylcnam.
1131 2451 1367 2532 (Camisenam)

331 2552 367 2618 Si
398 2552 622 2618 recentiorum
656 2553 861 2619 narrationes
892 2555 1057 2636 consulas,
1082 2553 1170 2634 (vid.
1198 2553 1367 2640 Biisching

330 2656 428 2718 Tom.
446 2667 479 2732 5.
502 2653 538 2716 P.
561 2677 589 2718 1.
612 2675 646 2738 p.
669 2658 767 2734 129.)
793 2655 903 2717 verius
921 2653 1082 2718 orientem
1098 2677 1115 2718 a
1132 2654 1240 2720 Siwae
1261 2677 1368 2744 propo

330 2753 481 2820 uodlche
497 2791 508 2806 ·
524 2751 617 2818 Hilar
643 2751 679 2820 in
711 2752 848 2841 planitie
875 2755 998 2828 oritur,
1033 2773 1066 2822 et
1090 2755 1169 2820 inde
1202 2759 1298 2820 cursu
1324 2759 1366 2821 ab

330 2855 457 2949 oriente
479 2854 586 2922 tendit
606 2857 646 2920 ad
671 2854 887 2924 occidentem.
939 2856 1046 2926 Olim.
1074 2858 1182 2920 Croesi
1204 2874 1368 2944 tempore,

330 2956 497 3040 Lydorum
516 2975 548 3021 et
564 2959 740 3020 Medorum
754 2979 854 3042 regna
867 2956 1044 3029 dividebat,
1061 2959 1231 3035 (Herodot.
1247 2965 1369 3038 1‚7a.)

330 3061 400 3148 post
423 3057 681 3144 Paphlagoniam
703 3060 814 3124 versut
837 3059 987 3123 occasum
1003 3059 1210 3132 terminabat,
1232 3062 1368 3138 (Strabo

336 3181 391 3226 ra.
408 3183 440 3246 p.
458 3173 540 3240 3⁸4.
564 3162 585 3226 s.
601 3165 699 3240 544.)
725 3162 814 3224 unde
837 3159 937 3224 etiam
959 3158 1201 3244 Paphlagoniae
1222 3158 1369 3228 fluvium

328 3277 428 3324 vocat
442 3263 552 3324 Schol.
569 3259 735 3346 Apollonii
752 3262 792 3326 ad
811 3281 843 3334 tt,
860 3263 943 3338 366.
964 3259 1013 3326 uti
1030 3263 1071 3323 ad
1090 3281 1119 3332 a.
1135 3265 1218 3342 965.
1238 3265 1368 3325 Leuco-

331 3359 478 3453 syriaci.
502 3383 529 3426 e.
556 3360 795 3450 Cappadociae.
848 3365 958 3448 Quam
980 3363 1099 3428 Croeso
1123 3361 1223 3427 fuerit
1242 3362 1366 3437 satalia,

331 3479 369 3527 ut
393 3460 541 3552 loquitur
555 3467 678 3530 Lucan.
695 3481 728 3541 3,
747 3481 828 3542 aya.
851 3463 972 3530 constat
990 3485 1029 3527 ex
1043 3461 1206 3530 notissimo
1221 3461 1278 3530 illo
1293 3484 1368 3528 ora·

332 3567 419 3632 culo.
463 3565 514 3628 cf.
542 3585 623 3648 quoa
650 3561 776 3632 indicat
800 3564 949 3632 Davisius
975 3565 1016 3629 ad
1050 3565 1156 3630 Cicer.
1184 3567 1224 3628 de
1257 3563 1365 3630 divin.

334 3684 367 3738 a,
386 3669 443 3744 56.
468 3681 501 3730 ct
521 3666 609 3730 olax.
625 3666 704 3746 Tyr.
727 3685 781 3746 ¹9·
806 3677 839 3746 5.
890 3663 1044 3733 Excurrit
1064 3665 1097 3731 in
1117 3667 1261 3730 Pontum
1277 3665 1367 3732 inter

262 3843 266 3850 ,
304 3831 305 3836 ,
331 3768 515 3848 Chalybes,
542 3765 674 3846 (Noster
702 3783 795 3832 etex
818 3789 857 3830 eo
882 3763 1056 3832 Boccatiua
1085 3767 1125 3832 de
1147 3767 1238 3832 flum.
1259 3769 1291 3833 h.
1311 3771 1365 3846 v.)

330 3889 434 3958 prope
471 3865 677 3934 Carambidia
714 3865 811 3933 litora
850 3853 1018 3952 (apollon.
1045 3887 1076 3940 a,
1105 3871 1187 3946 366.
1230 3867 1364 3948 Dionys.

329 3967 362 4034 r.
386 3983 469 4050 785.
503 3986 535 4034 et
561 3967 755 4054 interpreter
789 3967 917 4050 Latini)
952 3967 1037 4036 inter
1070 3968 1305 4054 Sinopensium,
1332 3985 1367 4038 et

330 4069 560 4162 Amisenorum
575 4091 682 4161 agros,
707 4068 846 4155 (arrian.
861 4069 899 4139 in
920 4069 1049 4162 periplo
1066 4093 1100 4162 p.
1118 4073 1172 4142 ιδ.
1196 4075 1366 4161 Anonym.
