2770 4954
167 373 515 489 intonatum„
557 423 637 482 Li.
677 422 783 489 QVI·
824 423 904 496 §.10
995 435 1056 508 247

106 601 214 664 easta
242 596 401 685 pagis)
463 595 625 661 Sallustius
647 596 689 660 de
709 595 748 659 B.
770 598 842 684 sug.
865 618 932 682 cap.
954 599 1054 668 16.f.

50 705 117 766 Pars
129 701 306 772 Numidiae,
325 721 408 785 quae
421 699 663 773 Mauretaniam
676 697 831 780 adtingit.
853 721 942 782 agro,
964 705 1054 780 viris,

49 805 216 886 opukotion
246 803 350 864 astera
366 791 489 892 specie,
518 819 616 883 quam
642 790 700 892 refrt
723 801 844 881 potior,
879 823 961 888 quae
983 825 1057 884 por·

48 903 146 997 tensior
161 917 191 965 et
211 901 363 996 aedificiis
379 902 480 983 magis
494 914 661 965 enarrata.
712 901 825 966 Strabo
848 919 903 978 17.
920 927 952 989 p.
969 919 1055 986 572.

15 1073 17 1080 ,
48 1003 150 1084 [331.
176 1003 285 1068 versut
309 1002 534 1090 Carthaginem
564 1003 665 1088 magia
686 1002 804 1064 cultam
830 1001 921 1070 suisio
942 1021 975 1070 et
999 1009 1058 1072 flo-

47 1106 119 1170 ruise
131 1107 279 1177 adfirmat,
299 1106 456 1168 atticum
473 1105 627 1167 tamenin
644 1103 735 1167 bellio
751 1104 880 1170 Punioie
895 1121 928 1170 et
945 1109 1058 1196 iugur-

48 1207 131 1272 thino.
169 1205 384 1271 Consentiunt
397 1225 437 1268 ex
455 1205 685 1270 recentioribus
698 1205 796 1268 Shaw
810 1227 838 1272 o.
854 1208 876 1273 1.
899 1223 933 1271 et
949 1210 1059 1276 Poiret

47 1310 200 1393 invoyage
223 1329 265 1371 en
287 1307 445 1378 barbarie,
473 1305 613 1369 discoure
633 1307 847 1389 preliminrira
865 1329 897 1392 p.
918 1311 973 1376 16.
999 1315 1059 1394 qui

46 1421 132 1472 omen
147 1410 303 1474 culturam
317 1408 478 1479 desiderat,
500 1421 533 1470 et
548 1409 591 1470 ita
604 1409 713 1470 omnia
728 1405 871 1473 subversa
886 1409 946 1474 eise
959 1414 1058 1488 addit,

46 1525 73 1570 ut
85 1510 248 1572 celebrium
265 1511 343 1574 olim
358 1508 488 1570 orbium
503 1509 559 1571 vix
579 1507 675 1572 hodie
692 1509 819 1605 vestigia
840 1513 907 1574 erui
927 1509 1057 1595 poffint.

46 1610 145 1675 Contra
159 1611 295 1682 Plinius,
318 1610 375 1674 etsi
390 1611 442 1672 hic
458 1611 498 1671 de
510 1609 663 1672 Numidia
677 1631 761 1674 nova
778 1625 811 1688 5,
831 1630 861 1674 a.
878 1610 899 1675 s.
916 1627 948 1693 3.
969 1636 1059 1695 pras.
1184 1635 1197 1659 x

45 1723 82 1774 ter
98 1715 259 1775 mamroris
271 1711 438 1774 Numidici
448 1702 657 1802 ferarumque
676 1726 864 1790 proventum
884 1735 948 1778 tran
968 1715 1060 1781 aiittd

45 1809 160 1906 infigam
184 1833 269 1898 quan
287 1831 379 1877 more
395 1809 451 1877 sno
473 1811 579 1876 reddit
594 1813 723 1891 Solinuo
738 1833 766 1877 o.
784 1829 843 1894 29.
861 1812 882 1879 s.
900 1814 959 1882 26.

102 2015 216 2080 easta
239 2015 374 2098 magis
397 2026 434 2077 et
459 2011 619 2096 ditior)
669 2013 831 2078 Notabilis
852 2019 987 2100 captatio
1008 2041 1063 2085 vt·

44 2117 159 2191 rietatir,
195 2118 355 2200 quamde
376 2115 526 2179 industria
551 2115 590 2178 ab
611 2129 739 2180 auctore
760 2115 892 2201 poium
915 2134 1001 2202 patet
1022 2141 1064 2186 ert

44 2239 97 2300 ap.
116 2239 168 2285 to.
186 2220 235 2284 in.
262 2220 368 2300 magis
389 2217 477 2280 iaeta
500 2229 533 2279 et
557 2217 674 2291 ditiors
723 2231 757 2280 at
781 2235 811 2289 a,
837 2231 871 2297 5.
889 2221 934 2285 in.
960 2225 1063 2305 magis

43 2319 114 2380 etsta
132 2335 163 2384 et
186 2321 291 2402 nugis
311 2314 435 2410 consita
456 2317 585 2402 ideoque
604 2321 700 2381 etiam
721 2318 846 2384 laetior.
881 2340 905 2384 r.
931 2341 1064 2388 ottono-

43 2440 106 2483 τινι
123 2421 203 2484 MS.
262 2423 379 2482 Amant
403 2431 436 2482 et
460 2419 512 2482 alii
536 2413 646 2502 paffim
673 2419 755 2482 hanc
781 2421 977 2490 varietatem.
1014 2427 1064 2492 itt

44 2521 199 2584 Terentiae
217 2521 301 2584 Eun.
319 2537 351 2604 5,
367 2527 402 2600 4,
421 2536 477 2585 aa.
499 2521 545 2582 nii
561 2519 689 2582 videtur
707 2521 868 2593 mundius.
891 2545 946 2585 nec
960 2529 1065 2607 magis

43 2621 256 2715 compositum.
281 2619 455 2706 quidquam
472 2642 529 2700 uer
549 2623 651 2703 magis
664 2621 804 2703 elegam,
830 2623 887 2684 ubi
901 2645 991 2688 more
1006 2627 1064 2692 suo

44 2723 182 2786 idiilum
207 2720 311 2786 seoiffe
339 2735 434 2786 notet
458 2723 614 2786 Donatue.
675 2719 727 2786 cf.
755 2724 865 2806 Nepoe
890 2727 923 2787 in
949 2729 1064 2812 Pelop.

44 2843 101 2908 up.
118 2844 149 2890 ι.
167 2826 215 2890 in.
250 2824 458 2908 Quinctilian.
482 2843 535 2895 to,
565 2843 594 2894 t,
614 2832 673 2903 94.
709 2823 794 2887 Mela
812 2835 894 2905 5‚5‚
919 2838 952 2905 5.
975 2841 1009 2890 et
1031 2842 1065 2910 3,

45 2937 72 3002 8,
90 2927 121 2990 6.
158 2927 206 2988 lta
222 2945 299 2987 vero
317 2937 429 3007 poetae
445 2924 480 2986 in
501 2925 613 3006 primia
633 2927 838 3007 comparativi
861 2929 930 2989 vim
954 2930 1066 2993 efferre

45 3025 143 3100 [olent.
164 3043 200 3089 ut
217 3023 329 3088 Horat.
342 3027 443 3088 Serm.
458 3044 487 3098 ι,
499 3039 531 3107 3,
547 3035 627 3104 142.
660 3024 711 3089 Cs.
724 3027 874 3090 Waohiua
891 3029 929 3089 ad
947 3029 1064 3096 Coton.

47 3127 106 3192 tit.
121 3145 152 3202 o,
169 3130 204 3193 6.
237 3127 368 3192 Servius
382 3127 420 3188 ad
439 3127 548 3212 virgis.
569 3127 649 3190 tien.
666 3136 700 3207 4,
719 3141 778 3205 31.
804 3141 836 3190 et
852 3149 931 3211 quae
950 3131 1067 3195 Gesne-

45 3249 90 3291 roa
106 3223 255 3315 congessit
274 3229 307 3289 in
322 3225 468 3290 thesauro
484 3225 504 3290 s.
522 3247 555 3290 v.
578 3228 689 3308 magis,
713 3243 750 3290 ut
764 3231 911 3292 omittam
925 3231 1003 3306 aiia;
1026 3252 1068 3296 ex

47 3333 148 3410 apibus
161 3331 301 3414 adparet,
326 3329 408 3390 hano
425 3325 596 3392 formulam
613 3331 709 3391 etiam
730 3351 747 3391 a
769 3329 914 3412 prosaicis
934 3334 1068 3398 auctori·
1180 3393 1182 3400 ,

46 3429 114 3504 boa,
137 3431 220 3496 iecua
233 3451 269 3494 ac
284 3431 415 3512 quidam
436 3441 606 3512 putarunt,
631 3427 720 3492 suiffe
742 3429 933 3514 usurpatam.

114 3654 209 3718 quas
233 3630 387 3713 itabat)
421 3630 497 3695 Nou
512 3641 619 3694 tamen
635 3627 714 3692 infra
730 3631 801 3696 ilsoe
816 3633 947 3699 limitet.
983 3633 1068 3702 Nam

51 3732 122 3796 ultrr
134 3733 318 3820 impingam
335 3729 443 3796 versae
464 3733 621 3808 orientem
642 3747 765 3797 remota
781 3733 824 3798 esi
839 3733 938 3802 Cirta.
973 3755 1068 3802 atat·

52 3853 175 3900 zourve.

117 4057 212 4100 max
227 4037 285 4098 im
299 4057 352 4098 ae
376 4023 434 4128 sa
448 4057 470 4098 rt
484 4033 527 4120 t)
576 4035 689 4122 Quum
716 4033 756 4099 sio
779 4035 939 4120 loquitur,
973 4041 1068 4107 tacite

55 4135 183 4214 asendit,
208 4137 239 4205 se
256 4140 319 4202 iam
335 4157 403 4202 uon
419 4135 540 4204 serrare
560 4138 736 4302 oresingiru,2
744 4157 841 4222 quern
859 4129 979 4205 habent
996 4143 1070 4207 issae
