2922 4958
185 431 237 488 IN
264 429 399 488 POMP.
431 429 538 487 tttEL.
579 429 614 484 L.
638 431 662 484 1.
705 428 837 486 c.xtx.
881 429 906 498 i·
928 436 959 499 8.
1035 434 1098 507 589
1197 480 1201 490 .

55 606 221 668 Homerus
250 623 276 664 c.
301 604 324 666 1.
368 603 517 684 Aponon.
543 621 573 671 a.
599 612 683 681 941.
718 615 750 664 et
781 604 871 686 origo
903 599 1037 662 refertur
1062 601 1099 662 in

5 785 6 788 Ἴ
53 707 162 791 priscis
179 705 325 774 historiis,
350 704 424 766 tesse
440 705 613 772 Eossathio,
636 705 672 764 ad
687 703 818 774 Phinea,
841 705 873 763 in
896 703 945 764 hie
960 703 1100 786 regioni·

52 809 115 870 bus
137 807 348 877 celebratum,
372 827 469 886 quern
487 819 519 867 et
535 807 577 864 ibi
594 801 741 866 hibitaiie
762 819 794 864 et
810 804 947 887 regnaiie
970 805 1100 865 tradunt

53 912 217 987 Scymnue
235 907 336 970 Chius
359 909 391 966 iu
415 905 526 990 fragm.
542 928 574 969 v.
592 923 674 980 217.
697 921 729 966 et
748 907 939 988 Stephanus.
977 907 1100 980 Deuo-

52 1012 154 1073 minie
180 1007 266 1070 causa
289 1009 455 1069 adeundus
472 1007 579 1074 Schol.
601 1009 762 1091 dpoiionii
779 1010 816 1068 ad
838 1025 868 1078 2,
889 1017 973 1093 94¹·
1026 1005 1100 1069 1¹0st

5 1191 7 1200 Ι
54 1111 259 1174 Milesiorum
287 1103 386 1170 ciaffie
408 1129 447 1170 ex
471 1111 561 1171 iouia
585 1129 624 1170 eo
645 1112 782 1192 adpulit.
816 1123 848 1170 et
874 1110 979 1192 piures
997 1107 1099 1170 'urben

53 1213 221 1282 condidit,
255 1231 331 1291 quae
364 1210 525 1280 Amastris.
568 1213 654 1271 Darii
688 1213 810 1292 neptis.
844 1211 913 1292 post
945 1211 1099 1288 Dionysii,

53 1313 313 1376 Heracleeosmm
338 1313 480 1391 tyranni,
511 1332 606 1382 uxor,
632 1313 665 1372 in
683 1332 777 1372 uuam
795 1313 950 1396 conlegit,
978 1310 1099 1392 suoque

5 1395 7 1400 Ι
53 1417 192 1477 nomine
213 1411 376 1504 Amastrin
400 1413 583 1494 adpellavir.
608 1413 785 1496 (Scynmne
801 1433 827 1476 c.
850 1415 869 1473 l.
902 1413 1015 1474 Strabo
1031 1434 1057 1476 c.
1074 1413 1097 1476 1.

5 1523 6 1528 ’
55 1516 168 1578 Scirol.
183 1515 345 1596 Apollonii
366 1514 404 1574 ed
427 1533 454 1576 c.
477 1515 498 1576 l.
533 1514 587 1574 ubi
614 1513 727 1576 vitioie
753 1509 924 1602 Aa'porpre
945 1513 1098 1600 iegitur.)

5 1699 6 1706 ἵ
53 1617 258 1679 Miletiorum
280 1635 361 1696 opne
383 1614 550 1698 agnoscere
575 1617 670 1676 etiam
701 1617 831 1678 ridetur
855 1617 983 1696 Scylax.
1019 1617 1099 1678 dum
1196 1677 1197 1682 ,

53 1713 152 1784 πόλιν
178 1712 358 1803 Ἑλληνίδα
382 1733 493 1786 vocat,
524 1719 572 1777 uti
601 1708 669 1798 pt'rst
696 1719 860 1779 Amastrim
892 1719 1040 1780 Arrianne
1064 1720 1099 1780 iu

54 1819 182 1906 periplo
202 1839 234 1898 p.
252 1829 305 1894 ¹5·
328 1816 426 1880 Huds.
467 1821 513 1880 lta
530 1832 648 1889 autem,
671 1819 791 1880 abolito
810 1819 937 1899 pristino
954 1821 1098 1890 nomine,

53 1923 175 1984 dictam
196 1917 284 1979 tutte
307 1920 473 1980 adfirmant
493 1921 589 1980 etiarn
610 1921 679 1987 aiii.
712 1933 747 1979 ut
772 1919 852 1980 Ptin.
872 1923 904 1989 6.
930 1921 974 1984 αἶ
990 1921 1098 1988 Schoi.

54 2023 218 2104 Apollonii
237 2041 264 2106 ο,
283 2021 304 2081 Ι.
341 2041 435 2102 quere
460 2023 556 2082 etiem
579 2021 765 2104 posteriores
789 2037 932 2084 auctores
960 2021 1022 2084 hoc
1042 2043 1100 2086 no·

55 2126 147 2186 mine
183 2120 366 2203 proferunt,
405 2135 437 2183 et
472 2123 504 2181 in
538 2123 647 2182 nnmis
685 2123 822 2184 maxime
856 2119 1097 2210 'Apaorprarwr

56 2225 187 2286 mentio
211 2226 376 2304 reperitur.
430 2223 515 2284 Hinc
530 2221 707 2304 promiscue
724 2222 914 2285 Parthenius
933 2245 988 2306 per
1006 2226 1098 2288 Arna·

55 2325 247 2390 [irianornm
270 2325 381 2384 urbem
403 2323 500 2385 fluere
517 2326 648 2395 dicitur,
675 2339 711 2384 nt
732 2326 764 2384 in
783 2325 962 2406 Stephano.
989 2347 1094 2407 qnam.

55 2435 108 2489 rie
133 2447 199 2486 non
226 2440 386 2493 accurate,
412 2445 484 2484 cnm
501 2427 649 2487 Arrianus
669 2445 695 2487 c.
719 2427 740 2486 l.
769 2429 843 2487 indo
865 2447 911 2506 po
930 2427 1031 2488 stadiis
1052 2448 1100 2489 re.

54 2517 199 2590 moveat.
262 2527 494 2588 Demosthenes
532 2541 638 2586 tamen
671 2529 752 2608 apud
788 2528 985 2608 Stephanum
1015 2528 1034 2590 s.
1063 2551 1097 2596 v.

47 2621 232 2714 ’Δμαστρις
247 2628 285 2686 ab
306 2637 463 2688 Amazone
487 2647 605 2689 nornen
630 2630 774 2690 deduxit.
817 2631 911 2712 Quod
936 2651 1013 2692 vero
1035 2630 1099 2714 ipse

55 2733 238 2812 Stephanus
254 2729 428 2791 Cromnam
456 2747 528 2789 ante
552 2731 666 2789 dictam
690 2727 777 2790 fniiie
799 2729 918 2800 scribit,
952 2735 1100 2812 aliquate-

56 2855 120 2895 nus
144 2848 270 2892 tantum
293 2831 417 2911 probari
443 2831 561 2911 potest,
594 2832 666 2910 qnia
690 2851 727 2892 ex
746 2842 769 2906 4
787 2833 934 2903 urbibus,
961 2832 1098 2908 Seiamo,

56 2935 203 3012 Cytoro,
235 2932 375 2993 Cromna
400 2946 432 2992 et
456 2932 518 2992 Tio
542 2928 687 2992 Amastris
711 2932 836 2994 coaluit.
868 2934 1000 3010 (Strabo
1018 2957 1042 2997 c.
1060 2939 1100 3016 l.)

57 3036 221 3114 Cytoroe,
248 3034 388 3096 Cromna
406 3046 437 3092 et
460 3033 569 3094 Tiosa
593 3031 817 3112 posterioribne
840 3036 932 3094 etiam
959 3055 1098 3099 comme·

56 3151 236 3202 morentur,
256 3150 286 3194 at
303 3154 360 3215 pro
377 3131 503 3196 Sesamo
522 3135 676 3194 Amastris.
703 3131 754 3196 Cf.
773 3135 998 3220 tab.,Peuting.
1011 3157 1044 3217 9.
1058 3138 1098 3204 B.

55 3238 115 3299 ubi
138 3239 376 3316 corruptionem
403 3233 491 3295 facile
515 3235 698 3316 deprendas.
753 3237 854 3318 lgitnr
876 3239 912 3296 ad
936 3236 1100 3302 sesamum

57 3340 170 3424 potine
201 3338 345 3399 neminie
374 3337 507 3396 mutatio
536 3335 641 3398 referri
674 3335 778 3398 debet.
835 3337 946 3398 Noster
971 3343 1099 3423 antiqua

57 3454 174 3522 captat.
217 3439 279 3500 Pro
296 3435 457 3528 Amastris
473 3449 578 3498 tamen
601 3437 729 3517 qnidam
754 3440 849 3498 etiam
873 3440 981 3500 dicunt
1005 3449 1099 3503 Arno·

44 3541 159 3638 sirion
182 3554 215 3601 et
236 3537 398 3630 Anufira,
439 3539 478 3598 de
508 3557 571 3618 quo
595 3541 661 3599 vid.
685 3539 866 3624 Wess'eling.
894 3541 932 3600 ad
958 3544 1097 3607 Hieroci.

56 3665 90 3729 p.
101 3641 187 3722 696.
218 3643 254 3702 ln
272 3641 379 3700 tabula
394 3635 524 3728 Arnasra
542 3637 761 3728 proArnostrir
779 3642 841 3700 huc
855 3639 949 3703 refert
966 3643 1098 3709 Salmas.

5 3771 8 3778 ¹
57 3747 98 3806 ad
116 3745 221 3806 Solio.
237 3761 302 3823 cap.
323 3755 382 3822 4¹4·
407 3740 427 3801 s.
444 3741 502 3822 46.
528 3762 557 3822 p.
576 3761 620 3803 m.
639 3741 722 3817 624.
760 3741 920 3830 Moflrnm
949 3745 1098 3808 Mermert

59 3847 181 3929 Geogr.
201 3845 321 3906 voto.
342 3843 376 3904 P.
395 3856 427 3920 5.
451 3861 519 3924 pag.
542 3859 597 3919 27.
622 3843 755 3908 meiius.
790 3857 918 3924 propter
941 3844 1031 3906 titum
1057 3849 1098 3908 a'd

57 3969 164 4018 mare,
193 3946 281 4027 qnod
298 3944 413 4026 probat
430 3942 535 4009 datio.
566 3962 647 4023 quae
669 3943 714 4002 ibi
740 3941 801 4004 fnit
818 3947 951 4005 nuvium
976 3951 1099 4024 (Arria-

57 4070 120 4114 rmr
144 4069 173 4112 o.
198 4049 243 4126 l.)
273 4059 308 4110 et
337 4045 545 4108 intervalium
573 4045 613 4106 ab
644 4063 683 4108 ea
711 4046 752 4108 ad
779 4047 974 4121 Cromnam,
1008 4051 1097 4133 quod
