2922 4958
216 416 270 474 rrr
296 414 433 472 romr.
463 412 572 470 Mor..
613 412 649 469 c.
670 414 694 467 1.
738 411 872 470 cxrx.
912 414 937 483 c.
963 369 1025 472 o.X
1061 429 1125 495 555

81 609 116 674 p.
141 600 221 668 ¹5⁰·
241 603 273 652 et
294 599 377 664 235.
396 607 422 650 c.
442 587 463 647 l.
495 597 604 647 contra
628 604 723 666 qnam
748 582 939 668 opinionem
963 590 1126 672 disputant

72 692 216 771 -Gyllinr
231 693 270 752 de
286 687 427 770 Bosporo
443 687 556 749 Thrac.
581 708 609 757 r,
631 697 665 764 4.
686 707 718 768 p.
732 709 776 750 m.
796 691 853 752 62.
877 703 910 752 ct
928 691 1127 755 Tournefort

80 795 124 856 Τ.
143 810 176 857 2.
198 813 228 875 p.
246 802 331 873 lito.
366 791 414 851 An
432 791 505 872 gelu
522 787 615 850 altino
632 787 868 872 constringatur,
891 793 975 872 quod
990 793 1127 856 dubium

81 895 217 956 reddere
251 893 368 955 llnduit
394 889 576 952 Macrobius
599 905 631 963 7.
655 905 688 951 2.
724 891 792 952 virl.
819 893 863 952 ibi
897 893 1061 956 Pomanus
1093 912 1126 958 et

82 999 214 1076 Dapper
233 1009 266 1056 et
281 993 399 1054 Buffon
415 1011 441 1054 c.
457 1011 484 1054 c.
501 991 522 1052 l.
540 991 561 1052 l.
612 993 637 1051 A
661 991 786 1053 Graecis
807 992 839 1056 h.
858 1009 991 1055 vocatur
1012 997 1127 1058 Mami

82 1089 226 1186 elutaffa
247 1097 267 1158 i.
291 1115 318 1156 e.
349 1095 477 1176 nigrum
500 1111 584 1154 mare
608 1091 822 1167 (ttiornstahl,
845 1093 951 1156 Briele
975 1099 1070 1160 Tom.
1088 1111 1124 1178 4.

81 1221 117 1284 1³·
140 1202 244 1277 547.)
265 1195 306 1258 ob
323 1195 449 1256 coelum
466 1191 681 1276 caliginosum,
708 1206 743 1253 ut
767 1208 857 1275 purat
872 1197 997 1276 Gylliun
1014 1215 1047 1269 α.
1070 1219 1126 1280 ¹9·

83 1301 180 1382 quale
202 1299 281 1360 olim
307 1298 434 1357 notavit
458 1296 555 1357 Valer.
582 1293 681 1358 Flacc.
703 1303 736 1376 4,
761 1305 844 1375 729.
887 1299 984 1359 Turni
1009 1316 1127 1364 vocant

91 1399 295 1466 Carndenize.
318 1395 483 1474 (Pococke
498 1417 525 1456 c.
544 1397 579 1472 l.)
607 1395 759 1456 Germani
774 1397 834 1457 dns
847 1388 1124 1488 schwarzeMeer.

83 1501 252 1584 Periplum
271 1500 366 1559 huius
388 1500 482 1558 maris
504 1495 688 1580 scripserunt
705 1499 870 1568 Arrianus.
897 1521 1076 1582 anonymus
1092 1507 1128 1568 in

86 1601 237 1666 Hudloni
258 1600 472 1684 Geographir,
503 1619 542 1660 ex
560 1599 789 1661 recentioribus
811 1603 850 1662 de
870 1601 993 1666 Broffes
1009 1607 1041 1664 in
1060 1607 1128 1668 Me·

85 1707 207 1768 moires
226 1739 265 1749 -
290 1701 330 1761 de
346 1701 431 1762 Paris
446 1700 488 1762 T.
506 1713 564 1778 32.
579 1719 610 1781 p.
623 1697 693 1777 627
710 1697 773 1783 sqq.
798 1703 839 1766 Τ,
858 1715 916 1781 35,
931 1725 962 1786 p,
977 1719 1051 1786 475
1064 1705 1128 1792 sqq,

84 1805 145 1868 ubi
164 1805 309 1888 pluribus
323 1801 362 1864 de
377 1821 416 1864 eo
433 1798 588 1883 exposuit.

166 2006 366 2090 aperit)
415 2008 515 2090 Supra
536 2025 566 2076 r,
592 2015 675 2082 t,5.
698 2003 751 2066 nbi
775 2000 925 2095 effundit.
977 2008 1127 2073 Priscian.

84 2131 121 2174 v.
155 2121 235 2188 ¹58·
268 2108 442 2194 panditur,
484 2122 521 2170 ut
552 2107 714 2170 Ammian.
743 2122 802 2180 22,
829 2119 863 2186 8.
932 2111 976 2172 Et
1000 2112 1041 2173 fic
1070 2113 1129 2174 alic

84 2214 123 2276 in
151 2211 230 2275 nliir.

164 2411 485 2496 promontoria)
541 2409 707 2476 Carambis
729 2415 759 2493 ς.
783 2424 818 2491 8.
849 2427 882 2480 et
904 2411 1006 2504 Κριοῦ
1029 2412 1131 2507 μέτω-

89 2533 209 2588 truvo,
239 2537 265 2587 ι,
293 2529 326 2596 5.

169 2721 244 2782 hue
269 2733 388 2800 atque
413 2716 538 2800 illuc)
589 2719 626 2779 ln
648 2718 741 2780 litore
762 2721 938 2784 meridiano
956 2742 971 2784 a
989 2721 1132 2805 Bosporo

91 2823 128 2883 in
145 2837 254 2882 ortum
270 2819 377 2881 versus
395 2821 431 2880 nd
451 2837 552 2900 usqne
569 2819 730 2888 flexurmn.
754 2841 769 2880 a
791 2843 849 2902 qna
865 2823 992 2885 Colchis
1008 2827 1132 2904 incipit,

93 2925 188 2985 cuiun
203 2920 282 2982 inira
299 2923 455 2982 meminit.
478 2939 664 2982 vinitore.
699 2923 809 2991 Recte,
828 2926 953 3002 opinor.
983 2923 1051 3004 lpse
1068 2927 1131 2987 hoc

92 3024 180 3085 Mela
197 3025 331 3084 declarat
353 3028 380 3100 §.
404 3037 459 3084 12.
484 3021 565 3081 Inde
587 3025 614 3081 is
636 3023 722 3082 locus
743 3021 802 3113 est.
834 3021 886 3083 nbi
899 3022 1000 3112 finem
1016 3025 1132 3088 ductus

93 3147 116 3186 a
145 3115 290 3212 Bosporo
317 3139 440 3184 tractos
465 3125 593 3199 accipit.
648 3123 716 3183 Nec
741 3126 830 3184 aliter
859 3123 961 3184 forrna
988 3127 1131 3205 Scythici

93 3246 184 3288 arcun
206 3246 278 3287 cum
308 3245 407 3286 nervo
429 3225 626 3306 intelligitur.
679 3225 805 3284 Illarum
832 3227 1054 3306 particularum
1082 3229 1133 3291 vic

94 3331 193 3389 unice
216 3329 338 3411 regitur
354 3347 370 3387 a
388 3343 466 3386 voce
487 3327 713 3401 promontorio,
741 3327 781 3385 ita
804 3340 838 3384 nt
860 3329 921 3386 lrnc
941 3328 976 3387 fit
998 3331 1041 3388 cis
1063 3349 1133 3410 pro·

92 3430 273 3495 montorio.
300 3428 373 3487 illuc
391 3429 489 3494 ultra,
516 3411 610 3486 troni.
663 3428 801 3487 Adiuvat
825 3429 936 3488 Strabo
960 3443 991 3489 Ω.
1018 3451 1049 3512 p.
1073 3431 1131 3508 86.

93 3528 222 3606 12125.
248 3527 305 3588 ubi
327 3530 419 3594 dicit.
452 3530 598 3588 dextrum
625 3525 721 3610 Ponti
753 3529 833 3589 larus
859 3533 1032 3610 comparari
1059 3552 1133 3592 cum

92 3650 199 3693 nervo
216 3649 313 3699 arcus,
331 3631 428 3692 Ponti
443 3643 547 3688 antem
565 3647 651 3688 oram
666 3627 725 3688 elle
743 3649 758 3688 a
777 3628 915 3691 faucibus
929 3633 966 3690 ad
982 3631 1133 3693 tenellum

94 3734 250 3794 intimum
269 3750 367 3812 prope
383 3729 594 3796 Dioscoriarla.
621 3731 705 3808 quod
725 3733 831 3793 omnir
847 3733 897 3792 illa
913 3750 976 3800 ora,
1004 3748 1133 3815 excepta

95 3833 264 3903 carambi.
300 3853 411 3914 parum
437 3835 586 3913 procedat
609 3845 642 3891 et
673 3831 807 3894 recedat.
865 3834 899 3895 Si
932 3836 1000 3914 quin
1027 3849 1134 3896 tamen

93 3947 226 4018 propter
255 3953 427 3995 nnmerum
461 3933 494 3992 in
527 3949 605 3992 voce
636 3933 854 4010 promontoria
887 3935 1021 3996 alterum
1052 3936 1135 3998 latus

96 4037 191 4097 timul
212 4037 384 4119 adiungere
408 4033 497 4102 velit.
532 4033 632 4119 magis
654 4033 689 4094 id
718 4035 847 4108 recedit,
881 4054 941 4098 nec
964 4037 1135 4102 commode

96 4137 234 4202 similem
257 4136 395 4201 formant
418 4134 534 4199 reddit.
