2756 4964
356 395 417 469 raa
621 391 783 452 atoaxa
822 391 1122 453 execarrcaa

353 585 373 628 a
394 564 552 628 Mulucha
572 563 886 650 distinguit·Pliniue.
938 567 1036 630 Tueri
1057 567 1186 649 quidem
1199 564 1358 629 Ptolemaei

351 666 546 738 Muluchath
560 671 692 748 antiquo
707 667 763 728 illo
779 665 868 729 sensu
881 667 1010 730 videtur
1024 669 1163 752 adpofita
1178 667 1247 728 urbe
1258 684 1358 750 cogno·

269 843 271 850 ,
350 770 458 836 minio.
483 789 580 850 quam
599 781 632 832 et
646 783 879 830 commemorat
888 769 1000 832 Florue
1018 783 1050 849 5.
1072 791 1101 840 1,
1122 780 1176 849 14.
1200 769 1261 850 qui.
1283 763 1358 847 quorl

352 889 429 932 cum
445 871 600 932 Frontino
618 885 650 946 3,
667 887 701 948 9,
721 883 753 946 3.
782 867 834 930 lua
856 871 1031 930 maximam
1044 883 1167 953 partem
1178 887 1216 930 ex
1231 866 1358 931 Sallustio

352 971 474 1041 hausit,
509 971 560 1032 hic
585 990 653 1032 non
679 971 776 1054 longe
799 991 817 1031 a
842 971 1016 1042 Mulucha,
1055 989 1225 1056 regnorum
1253 963 1358 1030 Bocchi

351 1073 589 1156 Iugurthaeque
616 1073 773 1142 termino,
807 1085 954 1134 montem
979 1091 1055 1134 oum
1080 1071 1230 1135 mediocri
1252 1067 1358 1130 castello

351 1187 595 1242 commemorat,
617 1173 705 1253 quod
723 1172 787 1233 huc
800 1171 961 1234 transferri
978 1169 1082 1254 pullat.
1122 1158 1258 1258 At'priur
1271 1169 1358 1240 Ptolef

350 1278 436 1338 maai
457 1294 544 1336 error
567 1274 654 1334 hunc
677 1274 775 1334 etiam
797 1275 951 1344 adtraxit,
979 1287 1072 1354 atque
1088 1293 1127 1338 ex
1148 1293 1229 1336 nexu
1250 1285 1280 1332 et
1297 1268 1358 1330 letio

350 1395 456 1436 rerum
472 1375 628 1460 gestarum
642 1373 782 1456 adparet,
803 1375 978 1459 Iugurthae
995 1376 1083 1436 illam
1099 1376 1211 1438 urbem
1225 1370 1314 1442 huffe.
1334 1377 1358 1428 ⁰¹

349 1476 428 1540 hinc
448 1477 482 1536 in
500 1475 654 1536 Numidia
669 1487 777 1538 vetere
797 1474 904 1546 fitam,
931 1495 1013 1558 quae
1029 1491 1136 1540 tamen
1151 1496 1190 1540 ex
1205 1465 1358 1538 Ptolemaei

349 1577 471 1640 indicio
499 1597 574 1638 cum
595 1577 669 1662 Siga
696 1573 759 1641 fuit
781 1576 1002 1638 Mauretaniae
1027 1580 1156 1642 veterio.
1205 1578 1239 1640 Si
1261 1575 1296 1634 de
1317 1571 1358 1632 ho<

349 1679 463 1740 dierno
489 1679 623 1740 nomine
649 1677 830 1764 quaeritur,
862 1677 1034 1741 Mulloiiola
1058 1679 1137 1742 olim
1162 1677 1269 1739 Malua
1288 1674 1358 1734 idem

329 1779 410 1842 effe
424 1799 491 1842 non
509 1778 627 1860 potest,
652 1781 708 1860 qui
725 1778 895 1851 Mulucha,
921 1781 969 1840 uti
983 1779 1139 1842 llatuehat
1155 1779 1266 1848 Shaw,
1290 1774 1358 1835 cuiu

349 1882 450 1944 etiarn
468 1881 561 1966 Siga,
589 1900 686 1962 quam
709 1879 928 1942 Tacitumbreet
950 1879 984 1942 h.
1005 1879 1064 1942 elle
1080 1893 1190 1963 putat,
1214 1877 1280 1961 poll
1294 1873 1358 1935 Mul

347 1983 450 2046 loliuh
473 1981 627 2045 remotius
646 1983 729 2044 iacet
748 2001 849 2066 prope
870 1971 981 2070 Tafna
1002 1981 1158 2054 fluvium,
1183 1981 1238 2064 qui
1254 1978 1358 2038 videtur

347 2084 409 2146 elle
431 2085 585 2144 Mulucha
608 2098 774 2154 veterum,
799 2084 853 2146 vel
877 2083 976 2144 etiam
997 2083 1125 2146 vicinus
1142 2083 1272 2150 fluvius,
1301 2093 1358 2158 quo

347 2205 420 2246 rum
435 2187 539 2268 pluteo
555 2186 589 2244 in
603 2185 712 2245 tabula
728 2185 887 2266 proposita
901 2197 1133 2248 memorantur.
1162 2182 1261 2268 Quod
1275 2175 1358 2240 scribit

347 2285 489 2350 Chenier
520 2286 554 2344 in
582 2285 765 2346 recherches
788 2313 839 2328 -
862 2283 912 2345 sur
934 2284 980 2346 leo
999 2283 1129 2348 Maurae
1151 2287 1193 2348 T.
1215 2303 1245 2346 a.
1270 2302 1300 2362 p.
1317 2280 1358 2354 69.

347 2387 458 2450 Maluo
483 2385 696 2456 [Malacha.
728 2405 805 2446 nam
833 2387 974 2448 eundem
1006 2388 1106 2448 etiam
1133 2385 1248 2456 habet,
1281 2378 1358 2444 hodlt

346 2507 486 2574 regnum
503 2487 731 2550 Maroccanum
749 2501 782 2548 et
804 2486 1011 2571 Algerianum
1031 2485 1164 2570 separat.

421 2703 550 2772 caput
557 2688 576 2773 )
607 2687 674 2771 lple
690 2689 935 2770 explicationem
950 2688 1085 2762 subiicit,
1101 2691 1150 2752 uti
1162 2682 1276 2774 pallam
1291 2683 1358 2746 lolet

347 2789 400 2857 cf.
423 2807 491 2856 not.
512 2795 581 2854 crit.
605 2792 643 2850 ad
672 2811 700 2860 a,
728 2806 782 2861 to.
806 2803 843 2870 4.
898 2790 1006 2869 Caput
1030 2805 1138 2853 autern
1162 2793 1204 2853 de
1224 2783 1358 2874 principit

346 2913 453 2956 rerum
469 2895 546 2974 poni
564 2887 762 2954 notillnnum
778 2891 836 2962 all,
863 2892 897 2952 in
912 2892 1022 2972 primia
1037 2893 1076 2954 de
1094 2892 1271 2954 fluviorum
1286 2879 1358 2948 fonti

347 2993 418 3058 bue.
457 2997 498 3056 Ut
520 2995 590 3062 hic,
617 2993 658 3054 lic
677 3008 710 3062 Ω,
728 2994 760 3062 6,
779 3007 810 3072 5.
837 2992 877 3052 de
896 3005 1039 3053 extrema
1058 3005 1160 3053 terrae
1180 3006 1280 3074 parte.
1314 2986 1358 3048 Eo

348 3097 424 3158 dem
440 3096 537 3156 modo
554 3095 695 3156 Avienus
714 3095 747 3153 in
765 3094 883 3176 perieg.
899 3113 931 3155 v.
952 3101 1033 3170 tola.
1058 3105 1155 3174 eaput
1178 3105 1281 3154 autem
1293 3085 1358 3170 prin

347 3198 524 3278 alpiumque
539 3195 688 3274 Europae
702 3208 733 3255 et
747 3191 879 3277 Libyae.
930 3193 1012 3276 Apte
1031 3212 1108 3257 veto
1129 3193 1233 3256 etiam
1250 3192 1288 3254 de
1309 3203 1358 3273 pto

245 3365 248 3373 ,
348 3299 530 3368 montorio.
556 3296 641 3378 quod
664 3295 771 3359 exstat.

424 3493 744 3588 ἂμπελουσίαν)
793 3498 843 3562 Sc.
871 3487 984 3582 ἄκραν.
1025 3497 1130 3568 Patet,
1157 3498 1245 3560 hanc
1267 3505 1358 3556 roceo

348 3603 396 3663 illi
413 3603 521 3662 datam
546 3612 674 3681 propter
693 3599 874 3660 ubertatem
891 3601 1076 3668 vinearum,
1109 3619 1189 3680 quae
1211 3611 1294 3660 certe
1315 3595 1358 3654 lau

349 3697 522 3764 rlatiffimae
548 3701 612 3761 illic
641 3697 728 3760 luille
755 3701 872 3762 docent
901 3699 1060 3780 hodieque
1088 3702 1180 3760 numi
1207 3689 1358 3760 Tunetanl

348 3821 486 3885 quorum
518 3815 649 3864 moneta
693 3801 879 3882 plennnque
915 3799 958 3861 est
991 3819 1144 3862 racemus.
1198 3819 1223 3862 1.
1252 3809 1358 3858 cuono

348 3923 427 3966 vave
445 3904 520 3965 Ma.
574 3902 646 3964 Hoc
662 3903 760 3962 etiam
774 3897 907 3960 nurnine
923 3898 1007 3962 redit
1027 3903 1060 3962 in
1078 3901 1182 3962 uollro
1198 3917 1232 3972 2,
1249 3901 1282 3964 6.
1300 3895 1322 3960 l.
1346 3909 1358 3956 e

351 4017 385 4083 3.
406 4023 460 4066 to.
471 4000 493 4064 f.
521 4015 554 4063 et
568 4015 837 4063 commemoratur
853 4022 870 4060 a
887 3999 992 4062 Plinio
1008 4015 1041 4078 5.
1057 4003 1102 4064 in.
1126 4015 1158 4063 et
1173 4001 1323 4062 Boccatio
1339 3995 1358 4053 d*

348 4102 516 4168 montibus
534 4103 575 4166 h.
591 4123 625 4166 v.
649 4103 706 4164 ubi
729 4115 837 4166 totum
858 4102 944 4165 hunc
966 4103 1074 4168 locum
1095 4103 1228 4166 mutatio
1251 4095 1358 4164 lubiod
