2922 4958
227 417 279 475 IN
305 415 444 474 tout.
474 413 581 470 MEL.
622 411 703 468 1.1.
746 409 878 468 oxtx.
920 411 1019 482 §.10-
1087 409 1149 482 607

106 611 191 674 quaa
216 609 291 652 oum
314 589 380 651 levi
405 587 581 649 variatione
606 581 765 663 descripsit
788 584 930 648 Euiiath.
953 585 991 646 ad
1013 583 1148 666 Dionys.

108 715 145 756 τ.
160 693 245 768 766.
271 693 323 754 Sic
337 692 493 768 Scymnua
510 685 611 748 Chius
626 687 660 746 in
674 683 784 770 fragm.
797 707 830 748 v.
848 689 928 764 165.
950 699 982 747 at
997 705 1149 765 anonym.

109 796 153 856 do
174 795 280 856 Ponto
302 793 383 852 Eux.
402 810 428 852 o.
447 790 468 852 Ι.
498 782 531 852 ’ἐν
556 783 693 874 Φανερῷ
714 779 840 850 ἕκαστα
865 782 1020 874 πράττειν
1051 783 1149 868 φασί.

109 893 163 960 Ci.
187 895 283 957 etiam
307 891 456 975 Apollon.
480 889 544 951 ltu.
568 903 601 958 2.
630 903 734 951 1022.
789 889 887 971 Quod
903 890 943 951 de
960 888 1037 950 oibia
1053 888 1150 952 refert

109 997 208 1065 Mela.
230 995 316 1056 idem
340 991 426 1075 [upra
448 1011 476 1061 1.
494 1007 527 1070 9.
546 991 580 1052 6.
605 989 645 1050 da
663 991 826 1072 Aegyptiia
844 990 975 1052 dixerat.
1014 989 1080 1072 Ipsa
1097 1011 1151 1052 au·

108 1113 178 1160 tam
203 1095 351 1157 alimenta
373 1092 642 1156 commemoravit
663 1091 845 1174 Xenophon
867 1111 894 1156 c.
917 1091 939 1155 l.
974 1093 1010 1153 iu
1034 1091 1152 1175 quibua

107 1199 207 1262 otiam
220 1197 377 1280 reperitur
392 1197 518 1256 vinum.

189 1395 494 1479 concumbunt)
543 1393 616 1460 Hoc
647 1397 759 1460 vivida
796 1398 831 1459 in
870 1397 982 1480 primia
1015 1397 1150 1460 declarat

108 1501 262 1585 Apollon.
288 1500 397 1562 uhod.
426 1514 458 1570 a.
488 1509 594 1576 1024.
633 1487 715 1562 Οὐδ’
740 1487 832 1581 aovin
857 1494 953 1573 αἰδὼς
978 1494 1150 1584 ἐπιδήμιος,

111 1599 224 1674 ἄλλο’,
251 1596 324 1672 σύες
346 1595 387 1674 ii.
406 1593 591 1688 Φορβᾶδες,
626 1594 694 1661 οὐδ’
716 1590 832 1684 ἠβαιὸν
855 1594 1048 1688 ἀτυζόμενοι
1072 1623 1153 1688 παρ·

111 1699 244 1782 εόντος,
280 1700 466 1786 Μὶσγονται
495 1693 645 1788 χαμάδις
676 1688 759 1786 ξυνῇ
787 1695 945 1786 φιλότητι
974 1701 1148 1786 γννοικιιῗν.

111 1807 251 1870 Diodor.
266 1805 329 1867 Sic.
353 1814 405 1882 14.
429 1817 486 1883 50.
510 1800 582 1877 ταῖς
602 1790 751 1883 γυναιξὶν
776 1797 992 1888 πλησιάζουσι
1019 1799 1151 1867 πάντων

112 1901 274 1996 ὁρώντων.
312 1905 456 1968 Testatur
477 1901 658 1986 Xenophon
674 1915 707 1981 5.
724 1913 758 1983 4.
780 1915 835 1982 18.
888 1905 979 1966 Idem
1000 1906 1040 1965 de
1064 1907 1152 1968 lndit

111 2010 210 2071 tradit
225 2009 320 2068 etiam
336 2005 493 2068 Herodot.
506 2017 540 2083 3.
556 2023 638 2068 101.
661 2005 700 2067 do
717 2005 831 2068 incolis
846 2005 971 2068 Cancafi
988 2025 1026 2066 εκ
1044 2005 1151 2067 Oneii·

112 2112 195 2174 crito
218 2109 330 2170 Strabo
350 2119 404 2184 15.
425 2127 458 2188 p.
473 2115 557 2184 488.
577 2103 599 2168 f.
617 2121 700 2182 710.
728 2104 778 2168 ef.
797 2108 891 2168 etiam
910 2109 950 2166 de
971 2105 1151 2189 promiscuo

112 2225 148 2275 et
163 2211 291 2293 publico
309 2211 397 2288 coitu
411 2210 527 2270 Sextua
541 2207 663 2287 Empir.
680 2207 713 2266 in
728 2207 886 2286 Pyrrhon.
902 2209 1023 2289 Hypot.
1044 2221 1074 2286 5.
1092 2217 1150 2288 24.

115 2329 203 2392 209.
228 2323 260 2372 et
282 2311 328 2370 ibi
348 2309 517 2378 Fabricius.
542 2307 720 2370 Aristotelea
735 2306 899 2370 Politicor.
919 2323 951 2378 a.
970 2323 1003 2371 ε.
1045 2310 1152 2372 Hodie

112 2415 212 2478 otiam
232 2411 372 2473 mouille
393 2411 577 2472 dominatur
598 2409 632 2470 in
654 2408 789 2472 barbaria
805 2406 964 2494 gentibus.
997 2423 1033 2470 ut
1057 2411 1153 2472 Mon·

113 2515 207 2601 golia.
231 2513 354 2576 Sibiris.
379 2511 520 2594 (Georgi
539 2507 667 2572 Baichr.
687 2513 743 2572 der
764 2510 850 2575 iiuff.
875 2509 994 2572 Voiker
1016 2533 1047 2593 p.
1068 2527 1153 2588 370.

112 2617 217 2680 Pallaa
241 2611 418 2675 Nordische
441 2612 596 2694 Beytrige
613 2611 650 2674 P.
673 2633 701 2675 t.
725 2633 758 2694 p.
778 2613 883 2692 261.)
930 2613 1153 2676 Promiicnum

112 2731 221 2779 auten-1
243 2713 451 2776 concubitum
475 2713 617 2794 pluribus
640 2713 798 2784 tribuunt.
833 2728 869 2775 ut
890 2715 1068 2798 Agathyrna
1092 2715 1154 2777 He·

112 2819 273 2894 100004.
299 2826 377 2893 104.
413 2813 517 2898 Caspii
542 2815 637 2876 maria
666 2817 778 2878 accolis
801 2817 887 2878 idam
914 2838 943 2887 1,
963 2829 1048 2892 203.
1085 2815 1154 2878 Bri·

110 2921 219 2983 tannia
242 2918 376 2980 Zonaraa
394 2931 449 2989 12.
470 2935 526 2981 to.

191 3119 405 3202 uinculis)
454 3120 544 3181 Idam
568 3119 663 3184 refert
683 3122 841 3201 Scymnua
862 3117 962 3181 Chius
983 3119 1017 3179 in
1039 3117 1152 3205 fragm.

114 3245 151 3288 v.
171 3225 256 3287 166.Ι
276 3237 308 3284 et
329 3243 367 3282 ex
386 3241 426 3284 eo
448 3242 599 3298 anonym.
624 3225 664 3284 de
686 3225 792 3284 Ponto
807 3241 833 3283 o.
857 3221 877 3282 1.
902 3213 959 3283 τόν
982 3241 1020 3284 τε
1042 3210 1153 3287 αὐτων

112 3319 257 3406 βασιλέα
283 3319 444 3410 δεδεμένον
467 3320 497 3386 ὲν
528 3319 645 3412 πύργῳ
673 3345 711 3389 τε
739 3318 1024 3408 συγκεκλεισμένον
1047 3321 1154 3411 τηρεῖν

112 3422 274 3516 inruptio.
298 3420 356 3510 τὴν
378 3417 537 3489 ἀνωτάτω
564 3424 680 3510 στέγην
705 3421 841 3511 ἔχοντα.
894 3421 1039 3486 Conferri
1067 3445 1153 3507 praa·

114 3539 201 3591 t'etea
218 3525 345 3610 poliunt
368 3526 518 3588 Nicolaua
533 3527 673 3588 Dantaic.
697 3529 736 3606 de
754 3527 896 3588 moribus
912 3528 1056 3610 gentium
1081 3545 1153 3612 pag.

116 3643 229 3710 3351.
254 3630 301 3705 (in
312 3627 456 3690 Gronov.
473 3627 549 3690 thet.
563 3629 631 3690 Vol.
645 3631 693 3706 6.)
715 3642 747 3690 et
765 3627 986 3710 Apolloniih.
1001 3643 1152 3707 101007.

112 3729 297 3812 Xenophon
315 3730 355 3790 da
370 3729 482 3811 exped.
500 3728 577 3808 Cyri
595 3740 628 3807 5.
644 3741 685 3812 4,,
701 3741 756 3808 15.
782 3729 919 3793 Diodot.
936 3747 963 3792 σ.
978 3727 1000 3792 1.

193 3930 335 3994 inedia
343 3931 363 4014 )
412 3929 562 4011 Apollon.
579 3951 606 3996 o.
622 3933 646 3997 l.
667 3925 705 4018 ἢν
728 3923 794 4018 γάρ
813 3925 881 3994 τού
898 3953 930 3994 τι
951 3925 1153 4018 θεμιστεύων

114 4029 291 4120 ἆλὲτκτοι,
328 4032 424 4122 Λιμῷ
452 4055 505 4118 μιν
542 4029 617 4098 κεῖν’
641 4018 730 4122 ἦμαρ
762 4027 994 4107 ἐνικλείσαντες
1026 4028 1151 4120 ἔχουσι.

113 4136 243 4200 Similia
263 4136 392 4199 uadunt
407 4139 580 4216 scymnus.
605 4155 785 4218 anonymua
799 4136 840 4199 da
854 4135 979 4209 Ponto.
1003 4135 1160 4214 Nicotatu
