2922 4958
230 407 582 470 ruscianum.
623 406 703 464 nr.
745 403 880 466 cxrrt
922 405 1021 478 tro.
1085 400 1147 482 ιιι

190 581 298 648 nuda
306 579 325 664 )
373 579 461 642 Male
477 572 610 642 Solinus
625 597 654 640 c.
670 578 692 640 l.
717 592 816 660 caput
830 595 886 640 eoa
901 575 1039 646 tondere
1055 572 1149 650 dicit,

117 703 193 750 cum
217 680 302 748 calvi
327 681 517 760 nascantur,
552 693 589 740 ut
612 677 712 740 refert
733 678 920 742 Herodotus
943 697 972 742 c.
996 679 1017 740 l.
1050 697 1150 763 quem

115 783 235 848 melius
257 780 473 846 reddiderunt
493 781 581 842 Mela
605 794 638 842 et
658 775 798 842 Plinius.
849 781 897 841 lta
921 794 954 842 et
974 776 1149 859 Myconiot

115 883 205 950 nasci
227 881 327 948 tradit
347 879 433 948 Plin.
455 905 509 954 ιι,
532 890 592 962 47..
609 879 629 944 l.
646 895 704 956 37.
731 881 786 942 etfi
804 881 921 943 Strabo
941 902 994 966 ιο.
1013 901 1046 966 p.
1065 891 1148 959 333.

115 987 240 1068 [487.
266 999 393 1048 tantum
415 973 522 1058 πάθος
543 975 715 1070 ἐπιχώριον
737 995 852 1075 vocat.

184 1077 373 1180 surgit).
403 1085 520 1146 Usrtate
538 1097 570 1144 ct
585 1097 660 1166 apte
671 1082 717 1144 ¹de
731 1079 911 1146 montibus.
945 1079 996 1146 Cf.
1013 1077 1097 1144 infra
1118 1099 1150 1156 a.

120 1201 153 1262 e,
177 1209 232 1252 ιιι.
260 1181 358 1250 Ovid.
372 1185 506 1246 Metam.
528 1205 558 1254 ι,
573 1194 633 1264 43.
646 1213 695 1228 -
720 1183 784 1246 Pro
800 1203 839 1246 eo
854 1182 967 1268 passim
984 1173 1152 1275 adsurgere

116 1285 255 1372 legitur,
280 1301 318 1348 ut
335 1286 423 1372 apud
442 1281 515 1347 Liv.
534 1301 591 1357 aa,
608 1293 644 1364 4,
669 1301 700 1346 a.
722 1273 755 1346 et
775 1281 876 1357 alios.
907 1303 990 1369 quoe
1007 1279 1054 1345 ibi
1077 1301 1153 1368 pro·

117 1385 213 1454 ducit
224 1381 524 1458 Drakenborchiua,
543 1384 593 1448 Ad
608 1381 826 1448 variationem
840 1405 880 1448 ex
895 1383 1009 1448 Nostro
1024 1381 1153 1448 saciunt

117 1481 289 1583 assurgere,
319 1487 446 1562 adtolli,
479 1488 513 1550 in
532 1485 735 1550 altitudinem
758 1484 860 1560 abire,
894 1485 936 1550 de
962 1482 1083 1574 quibus
1106 1483 1150 1556 as.

118 1587 188 1654 dili.
209 1590 250 1652 cle
270 1589 357 1654 Mela
375 1609 445 1677 cap.
461 1603 494 1670 7.

194 1691 422 1772 Rhipaeas)
447 1689 566 1754 Usrtate
579 1685 697 1754 Graeci
711 1685 827 1754 dicunt
839 1685 970 1756 ‘Pinara
985 1688 1008 1754 s.
1019 1685 1152 1754 Ῥιπαῖα
1266 1765 1268 1770 ,

118 1783 192 1882 ὅρη.
233 1789 418 1876 Stephanus
443 1785 631 1874 simpliciter
648 1789 797 1864 Ῥιπαία,
821 1785 895 1880 ὅρος
911 1787 1153 1880 ’Τπερβορὲιιιιι

119 1890 178 1956 alii
195 1893 237 1956 sic
256 1884 313 1980 ὅρη
330 1887 588 1974 subintelligunt.
633 1890 760 1954 Latinis
780 1893 853 1954 sunt
866 1893 1005 1973 Rhipaet'
1021 1905 1153 1965 moriter,

118 2011 186 2080 qao
208 2011 348 2055 nurnero
373 2007 406 2056 et
425 1992 514 2054 Mela
537 1987 643 2054 utitur
660 2007 694 2070 3,
714 2006 748 2072 3,
772 2016 800 2056 ι.
822 1991 996 2066 rarissime,
1027 2007 1064 2054 ut
1086 1989 1153 2065 hic,

120 2091 271 2177 fingulari
288 2091 479 2158 efferuntur.
512 2093 560 2154 lta
580 2107 689 2157 tamen
705 2091 855 2156 Lutatius
873 2094 914 2156 ad
934 2089 1030 2157 Statii
1041 2093 1153 2185 Theb.

124 2217 156 2267 r,
172 2203 258 2272 420.
293 2195 343 2256 Ex
358 2191 541 2257 variatione
557 2193 761 2276 adpellantur
780 2196 928 2275 Rhipaea
948 2197 1033 2276 iugc,
1052 2190 1152 2272 (Prin.

119 2305 156 2374 4,
175 2309 232 2370 27.
249 2293 270 2356 s.
291 2297 359 2373 13.)
384 2295 503 2376 iugum,
520 2291 638 2371 (Solin.
656 2315 685 2358 c.
702 2313 757 2358 ao.
773 2294 794 2358 l.
816 2299 884 2376 15.)
908 2316 1004 2360 arces.
1026 2290 1153 2378 (virgil.

119 2396 240 2478 Georg.
263 2417 292 2466 1,
312 2397 408 2473 440.)
449 2393 639 2456 Secundum
654 2395 860 2458 Athenaeum
875 2395 909 2468 6,
926 2405 961 2474 4.
979 2389 1053 2480 pag.
1071 2407 1153 2474 233.

120 2495 191 2582 posi
205 2491 286 2558 dicti
306 2493 380 2557 lunt
395 2487 537 2572 Ὄλβια,
561 2491 659 2579 ipliue
681 2511 785 2558 aetate
806 2496 908 2577 Alius,
935 2517 1019 2582 quae
1043 2511 1154 2560 tamen

119 2598 206 2660 male
225 2591 354 2658 misceri
369 2611 483 2658 monet
499 2595 721 2662 Casaubonus.
758 2597 889 2659 Nomen
911 2617 928 2658 a
949 2593 1086 2687 ῥίπτειν,
1111 2597 1154 2664 ob

119 2695 284 2784 impeturn¹
296 2698 433 2770 Boreae,
460 2693 553 2760 ducit
568 2694 701 2760 Servius
717 2695 880 2782 adVirgil.
895 2699 1014 2782 Georg.
1025 2714 1058 2776 3,
1070 2709 1154 2776 384.

121 2813 155 2862 et
168 2811 256 2860 certe
269 2799 410 2859 Boream
423 2793 502 2859 inde
515 2796 594 2859 liare
608 2795 743 2881 quidam
758 2797 923 2860 dixerunt.
950 2799 1000 2862 Cs.
1009 2799 1153 2860 Eullath.

121 2899 164 2962 ad
182 2895 315 2977 Dionys.
330 2919 362 2960 v.
377 2909 434 2978 34.
486 2895 552 2960 Alii
574 2896 759 2962 aTntarica
783 2919 865 2961 voce
883 2889 1049 2990 slis-aet,
1075 2897 1097 2961 i.
1123 2911 1153 2964 e.

122 3002 218 3072 altus,
242 2998 377 3070 ducunt,
394 2993 474 3077 (vid.
491 2999 537 3060 St.
555 2995 656 3062 Croix
672 3000 713 3061 ad
730 2995 863 3060 Vibium
880 3021 911 3083 p.
921 3019 965 3064 m.
977 2999 1073 3080 365.)
1097 2996 1154 3062 alii

121 3121 162 3163 ex
188 3098 387 3170 Oliacorum,
419 3095 600 3183 priscorum
628 3101 830 3170 accolarum,
863 3098 993 3185 lingua,
1026 3097 1061 3164 in
1088 3119 1154 3186 qua

120 3203 209 3282 floep
234 3198 276 3261 est
295 3219 402 3261 mons.
429 3197 679 3277 (Schloeaer'in
702 3203 837 3284 Allgem.
862 3203 1089 3266 Welt·Gesch.
1112 3203 1153 3267 N.

121 3298 237 3364 Zeiten
252 3303 292 3362 T.
314 3315 367 3378 ι3.
382 3321 414 3384 p.
437 3323 448 3362 ι
462 3304 535 3378 ro.)
568 3297 741 3362 Altissrnros
757 3303 817 3364 else
833 3317 962 3365 montes
976 3326 1054 3367 curn
1070 3306 1154 3366 Cau·

122 3398 215 3466 cafiis
237 3399 347 3465 scribit
368 3401 573 3484 Agarhemer.
594 3420 625 3474 a,
648 3421 683 3482 9.
705 3397 751 3464 in.
792 3399 901 3467 Situm
922 3401 1011 3466 varie
1039 3400 1154 3467 consti·

122 3517 230 3566 ruunt.
264 3500 350 3568 Pliu.
361 3501 394 3574 6,
406 3515 438 3579 5.
450 3499 495 3564 in.
510 3503 642 3564 Caucasi
659 3500 735 3586 iuga
749 3504 791 3564 ad
803 3523 860 3566 eos
875 3501 1019 3590 torqueri
1037 3504 1153 3587 resert;

120 3601 310 3667 Marcianus
327 3600 361 3663 in
379 3599 506 3686 periplo
522 3623 554 3686 p.
573 3605 631 3681 56.
648 3604 748 3666 Huds.
773 3601 860 3667 inter
875 3605 1042 3669 Maeotida
1058 3601 1155 3692 ponit

121 3719 156 3768 et
168 3700 386 3767 Sarmaticum
401 3705 588 3780 Oceanum
610 3705 775 3768 Plutarch.
792 3704 826 3766 in
836 3704 976 3770 Camillo
992 3729 1020 3770 c.
1036 3721 1088 3786 15.
1106 3703 1151 3770 in.

120 3805 231 3867 versus
252 3807 421 3866 Oceanum
444 3801 757 3887 septemtrionalem
793 3807 878 3869 Mela
899 3824 932 3886 5,
950 3821 983 3886 5,
1007 3833 1034 3870 ι.
1067 3805 1152 3870 Plin.
1186 3877 1188 3885 .

121 3917 158 3986 4,
179 3907 234 3968 26.
246 3903 266 3966 s.
282 3923 334 3968 rc.
359 3904 501 3967 Eullath.
518 3906 558 3966 ad
575 3903 708 3984 Dionys.
723 3929 754 3968 v.
766 3921 808 3984 3ι
822 3932 850 3972 ι.
867 3939 914 3954 -··
939 3924 1015 3972 ante
1029 3911 1151 3993 Hyper·

120 4008 249 4074 boreos.
275 4019 308 4066 et
324 4004 392 4090 poll
407 4003 588 4090 Arimaspos
605 4006 749 4068 Eullath.
767 4009 807 4069 ad
830 4005 962 4090 Dionys.
984 4031 1018 4076 v.
1036 4023 1093 4092 34.
1120 4025 1154 4072 et

119 4103 334 4189 Arimphaeos
354 4107 491 4169 Ptolem.
510 4109 543 4180 6,
567 4121 599 4184 7.
621 4121 654 4170 et
676 4103 732 4170 hic
754 4107 876 4172 Noster.
927 4111 1009 4173 lnde
1029 4113 1153 4193 Hyper·

91 4185 298 4269 xboreorum
329 4221 477 4272 montena
499 4222 597 4271 vocet
628 4207 813 4295 Stephanus
838 4211 873 4278 h.
894 4230 927 4277 r.
961 4225 995 4276 at
1017 4225 1151 4300 propter
