2828 4966
197 411 401 470 turoott’.
434 411 558 471 arnt.
600 411 682 468 nr.
724 409 802 468 on
844 411 923 482 aa.
1043 421 1085 492 ε,

82 595 221 668 mutique,
250 605 329 668 quae
350 587 403 648 illi
428 585 589 648 substrata
610 585 668 656 eli,
702 583 925 665 aequinoctiali
950 585 1027 648 orbe
1049 589 1085 648 in

83 685 123 747 duo
136 686 335 770 bemilpbaeria
359 689 496 758 dividi,
524 688 722 770 alterumque
737 685 776 746 ab
794 683 857 748 illia
872 687 1084 770 Apollonium,

83 785 314 878 drssrrlealterum
336 791 514 873 appellari.
565 787 765 870 Pomponius
781 805 870 856 vero,
893 789 948 870 qui
963 809 1001 850 etr
1016 791 1084 872 opi·

83 890 331 974 uouel'bilolopbi
360 889 476 953 forsan
502 890 668 972 Leucippi,
691 885 702 974 [
713 885 752 950 cl.
770 889 910 974 Diogen.
930 891 1033 952 Laert.
1048 909 1084 972 9.

82 1007 121 1070 up.
134 987 186 1054 bl
203 1005 257 1070 30.
284 991 458 1055 Plutarch.
476 991 521 1052 tle
543 991 649 1072 placit.
671 987 781 1072 philol.
799 1003 831 1070 3,
862 986 940 1080 to.]
968 1005 1085 1054 terram

79 1107 121 1149 ron
137 1093 294 1174 globosam,
326 1092 383 1155 led
411 1095 552 1176 planam
577 1091 638 1154 elle
669 1089 826 1154 credebat.
867 1111 1083 1160 cttccourre.

79 1190 195 1275 leucippo
213 1195 282 1255 addi
302 1209 437 1277 poterat
456 1195 693 1263 Anaximenes,
724 1195 779 1274 qui
804 1191 928 1254 mensae
951 1195 1085 1279 figuram

79 1303 144 1352 tane
166 1296 259 1366 dedit,
292 1297 372 1358 telle
397 1294 584 1358 Plutarcho
606 1313 634 1356 c.
659 1295 680 1358 l.
732 1294 857 1379 Adtigit
882 1297 978 1358 etiarn
1002 1299 1085 1362 lunt:
1189 1291 1197 1316 '

80 1394 242 1471 questionem
264 1397 460 1460 Aristotelea
483 1397 525 1458 de
549 1396 639 1458 coelo
664 1411 696 1464 a.
725 1405 778 1474 ¹4·
830 1395 983 1458 Ceterum
1005 1397 1083 1462 baec

80 1495 141 1554 ruba
157 1499 396 1580 explicationem
418 1498 540 1581 potiur
561 1498 650 1558 rocla
668 1495 780 1566 latera,
806 1515 901 1576 quam
922 1499 1082 1561 ‹liveriu-

78 1607 121 1654 trn
135 1599 286 1674 adiiciunt3
323 1613 400 1662 turn
425 1600 537 1660 tarem
563 1596 653 1660 ienlu
676 1597 779 1659 latiori
800 1596 907 1679 poluit
928 1599 968 1662 do
989 1601 1083 1684 parti·

78 1691 115 1757 lua
134 1713 232 1773 terne,
264 1700 313 1760 uti
337 1718 372 1770 o,
396 1713 434 1778 5.
467 1721 498 1760 1.
534 1711 704 1780 utrumque
730 1698 868 1760 verbum
895 1715 1082 1766 commutat.

77 1793 136 1858 Solet
150 1822 254 1884 nempe
276 1803 366 1864 Mela
392 1801 631 1884 adpellatlouoa
652 1821 772 1870 rerum,
796 1801 952 1870 locorum.
977 1803 1083 1866 homi·

77 1917 126 1958 uum
139 1904 337 1982 explicatione
361 1905 520 1964 adiuncta
539 1903 703 1965 declarare.
739 1901 840 1965 Porro
860 1901 999 1986 agnoscit
1020 1907 1082 1966 dn·

77 2000 218 2073 tirbtbouar,
243 2027 324 2087 quae
340 1997 525 2066 rotundam
544 2015 642 2065 terrae
660 2005 793 2088 figuram
815 2004 954 2068 indicare
970 2007 1082 2068 viden·

77 2113 117 2163 tu.
144 2104 279 2188 Denique
293 2127 342 2177 ea,
364 2125 453 2187 quae
469 2104 509 2165 tle
525 2104 623 2174 Collo,
640 2105 770 2168 Arabiae
783 2119 906 2174 monte,
932 2105 1028 2168 refert
1051 2128 1080 2180 ι,

80 2219 114 2262 to.
138 2206 213 2268 diter
235 2211 290 2268 rix
327 2205 479 2288 intelligi
514 2203 650 2286 poliunt.
702 2205 948 2268 liotunditntem
982 2221 1080 2272 terrae

78 2304 153 2368 uultir
168 2308 387 2370 adstruxerunt
405 2305 587 2368 Aristotelea
609 2307 649 2368 de
668 2307 760 2370 coelo
775 2323 808 2378 u,
828 2325 884 2387 tu.
907 2322 938 2368 et
953 2309 1082 2373 Plinius

78 2417 99 2469 ι,
114 2407 158 2482 65.
178 2431 231 2471 nec
246 2412 351 2472 bodie
370 2429 448 2470 eam
464 2409 535 2488 quie
552 2409 586 2468 in
603 2407 740 2470 dubium
759 2421 863 2472 vocat.
918 2409 1081 2484 Ceterum,

77 2523 128 2582 que
144 2509 185 2571 bie
203 2510 273 2573 suut
290 2507 549 2590 hemisphaeria,
580 2509 756 2572 Martianus
773 2510 899 2592 Capella
921 2513 953 2575 6.
977 2533 1010 2594 p.
1032 2533 1079 2578 tu.

80 2607 133 2682 196.
150 2627 232 2673 romt
252 2610 460 2694 denricycliu.
482 2624 516 2671 et
530 2631 626 2672 unam
641 2625 739 2672 terrae
755 2625 887 2692 partem,
909 2633 1002 2692 quarn
1019 2633 1080 2678 noe

77 2703 224 2783 labiumua,
249 2705 487 2804 supernatent,
514 2711 642 2772 alteram
665 2703 876 2799 infantulum·
911 2713 1081 2795 superioris

78 2806 126 2866 item
143 2813 260 2874 initium
286 2816 387 2875 ducit
407 2832 424 2872 a
448 2809 537 2873 lolari
560 2826 644 2875 ortu.
684 2815 736 2876 Sic
753 2813 943 2876 Cleomedon
960 2815 1000 2878 do
1020 2819 1080 2877 cir·

76 2911 125 2971 ulis
141 2913 189 2974 lib.
211 2937 238 2978 t.
269 2937 305 2998 p.
328 2929 395 2994 95.
427 2911 559 2998 (Balil.)
589 2907 630 2978 τὸ
660 2902 739 3002 ὑπὲρ
767 2914 825 3003 γῆς
849 2907 903 2976 noi
933 2905 996 2982 ὑπὸ
1021 2917 1081 3006 γῆς

76 3001 156 3074 braio
177 3009 406 3104 ἡμισφαίριον.

124 3213 384 3298 oboriente)
434 3217 597 3300 Quoniam
631 3215 866 3302 supponebatur
897 3219 953 3280 lux
978 3222 1081 3304 prima

77 3309 215 3381 uertente
239 3321 331 3384 oriri.
377 3319 462 3379 Hinc
482 3320 579 3402 igitur
598 3320 694 3381 etiam
712 3319 904 3382 divisionem
924 3322 1080 3403 aliamque

78 3424 141 3478 luue
153 3421 450 3489 confideretionem,
475 3421 523 3479 uti
543 3440 611 3482 eam
628 3439 705 3482 mox
718 3441 844 3502 quoque
859 3422 936 3482 dicit
951 3421 989 3484 ab
1007 3438 1080 3485 ortu

77 3531 209 3590 toueetaru
223 3525 262 3582 ed
287 3519 449 3590 occasum,
473 3522 588 3583 eodem
605 3521 706 3582 modo
722 3521 874 3583 inchoant
893 3521 1080 3598 oboriente,

79 3633 120 3674 nou
136 3621 165 3678 ab
180 3622 309 3699 occasu.
338 3644 362 3684 r.
386 3639 582 3684 onottovtve
595 3622 673 3685 MS.
724 3623 774 3685 Ab
795 3624 846 3684 illa
867 3623 1022 3688 divtfione
1043 3629 1079 3689 io

42 3783 45 3816 Ι
80 3713 236 3801 imparted
258 3720 377 3808 pallito
399 3723 538 3802 gentinus
559 3723 635 3785 coeli
655 3725 747 3796 axis,
780 3725 922 3806 geminus
944 3727 1079 3790 ntundns

80 3813 173 3892 licitur,
201 3825 326 3907 dequo
350 3821 392 3886 ci.
415 3827 531 3908 laeger.
554 3826 591 3886 arl
609 3825 788 3908 Corippuru
810 3845 841 3897 ι,
863 3845 942 3892 ιιι.
983 3830 1077 3891 Unde

82 3933 155 3981 notua
171 3927 298 3988 initium
316 3925 512 4008 ponebatur,
536 3926 659 3990 dextrae
674 3928 789 3988 mundi
804 3940 906 4008 parter
922 3925 1078 3990 iaciebant

83 4011 247 4106 lbilingues,
274 4029 373 4090 Plato
396 4042 428 4086 et
453 4028 646 4098 drilloteler,
674 4041 782 4089 contra
803 4029 923 4098 laevas,
954 4031 1075 4112 dequo

46 4167 54 4186 ,
84 4115 106 4178 tl
120 4121 288 4193 Plutarchus
313 4130 356 4194 ale
375 4127 496 4211 planitia
516 4127 631 4213 philol.
656 4143 691 4202 ιι,
720 4147 776 4194 ιο.
803 4142 836 4192 et
855 4149 934 4212 quae
955 4131 1090 4194 disserit·
