2922 4958
219 429 273 488 rn
298 425 436 484 rona.
463 425 571 484 nar..
612 424 648 483 r.
669 427 693 480 1.
734 423 768 482 c
791 422 870 482 xuc
911 423 1011 498 aaa.
1079 421 1141 503 σῳ

104 595 280 670 contendit
293 598 408 662 Strabo
429 616 463 680 p.
482 611 542 674 73,
558 595 580 660 s.
603 610 682 674 ¹⁰7·
706 609 739 658 et
761 592 839 658 inde
855 593 995 660 aliorum
1012 593 1141 684 opinio·

104 723 164 767 nes
183 700 315 763 refutat.
353 695 463 760 Hodie
478 717 529 758 res
544 695 588 758 est
604 713 782 780 comperta,
805 698 1015 783 adparetque,
1037 701 1141 762 Hero*

105 805 225 867 dotum
240 796 391 863 omnium
405 795 567 860 verissrma
582 795 735 862 retulisse.
772 795 888 862 Prodit
905 797 995 862 enim
1010 819 1050 862 ex
1066 803 1145 868 lacu

104 923 246 987 magno,
272 921 372 986 quem
393 901 478 960 Iaera
499 913 598 961 vocat
610 899 714 979 Bayer
735 896 772 960 in
792 899 901 984 opusc.
918 919 990 984 pag.
1009 897 1067 978 85.
1088 903 1141 966 ed.

105 1007 217 1068 Klotz.
244 1000 302 1064 ubi
322 1003 417 1084 plura
435 999 476 1060 de
492 999 557 1062 hoc
569 997 672 1062 fluvio
693 1002 864 1082 leguntur,
888 998 1054 1084 lliisching
1076 1023 1103 1064 c.
1118 1005 1140 1065 l.

106 1093 347 1194 Iseon-Osero,·
388 1102 556 1163 Hermann
590 1098 830 1184 (Schilderung
861 1121 928 1163 von
961 1102 1142 1180 Russland)

106 1227 183 1292 pag.
206 1214 284 1280 138.
311 1201 521 1264 Iwanowsssoe
548 1198 584 1261 in
612 1199 765 1263 Tatariae
794 1199 933 1264 minoris
961 1217 994 1264 et
1015 1203 1145 1266 Ilussrae

107 1309 251 1390 Magnae
273 1299 430 1366 confinio.
480 1299 676 1386 Antiquiora
700 1299 882 1365 testimonia
899 1303 940 1364 de
961 1305 1049 1374 lacu,
1076 1307 1143 1366 vel·

109 1405 161 1470 uti
179 1409 307 1468 Aeneae
324 1399 440 1483 Sylvii,
471 1401 632 1466 adtulerat
647 1399 802 1465 Stuckius
822 1404 863 1465 ad
876 1401 1006 1466 Arriani
1024 1402 1141 1488 peripl.
1181 1403 1187 1418 ‘

109 1503 210 1574 Ponti
230 1527 262 1590 p.
283 1503 362 1582 150'.
414 1499 515 1588 Quod
537 1503 578 1565 de
598 1504 742 1567 Caucaso
765 1519 878 1566 monte
899 1501 1067 1584 scribitur,
1102 1505 1145 1568 ad

113 1602 437 1673 Tanainminorem,
458 1605 510 1684 (h.
527 1603 676 1682 Donetz)
703 1601 761 1688 qui
784 1601 820 1666 in
843 1603 1004 1668 maiorem
1022 1603 1144 1678 influit,
1246 1617 1249 1624 ’

110 1707 277 1798 pertinere
298 1719 393 1789 putat
414 1705 545 1766 Cluver.
567 1701 604 1766 in
627 1705 736 1767 Germ.
754 1720 818 1767 ant.
840 1729 869 1777 1,
893 1729 921 1768 a.
972 1704 1036 1770 Hic
1055 1705 1147 1770 euim

114 1809 220 1875 oritur
242 1827 344 1891 prope
364 1805 528 1888 Belgorod
542 1807 676 1878 urbem,
701 1807 811 1868 Sarcel
828 1803 924 1878 olim,
950 1823 989 1870 ut
1011 1805 1147 1893 quidam

112 1925 248 1998 putant,
275 1908 329 1968 etsi
349 1920 551 1988 repugnante
572 1903 772 1989 Biischingio
787 1927 818 1988 p.
835 1917 919 1986 874.
934 1927 962 1971 c.
977 1911 999 1972 l.
1050 1909 1150 1971 Certe

115 2012 196 2076 inde
207 2005 337 2071 Tanain
351 2005 476 2068 arcessit
486 2003 687 2068 Cdnslautin.
698 2008 898 2091 Porphyrog.
912 2009 952 2070 de
970 2007 1146 2072 administr.

113 2111 293 2196 imp.'cap.
315 2117 375 2186 lpo.
405 2122 448 2191 et,
480 2107 570 2192 quod
602 2127 706 2190 prope
737 2109 902 2190 Belgorod
936 2107 1049 2170 cretati
1076 2109 1152 2172 sunt

114 2227 257 2284 montes,
283 2227 350 2270 non
369 2206 471 2269 solum
486 2204 693 2291 intelligitur,
711 2227 770 2271 cur
785 2228 901 2270 vocem
912 2211 1022 2271 Sarcel
1039 2211 1151 2276 album

114 2309 297 2397 hospitium
312 2305 454 2392 explicet
469 2306 711 2382 Constantinus,
728 2309 782 2371 sed
792 2307 919 2370 Tanain
935 2309 1040 2370 albiam
1053 2325 1151 2372 vocet

118 2413 234 2480 sidon.
250 2407 392 2494 Apollin.
409 2430 437 2472 c.
458 2412 480 2472 l.
507 2407 566 2471 nisa
582 2407 657 2494 quie
672 2406 753 2471 velit
769 2408 809 2472 ad
825 2408 923 2472 calcis
940 2413 1086 2473 colorem
1102 2431 1152 2472 re·

118 2515 221 2584 serre,
253 2531 353 2596 quem
372 2507 474 2573 trahit
494 2507 565 2572 eiua
588 2530 680 2596 aqua.
732 2511 783 2570 De
803 2508 972 2572 montibus
993 2509 1152 2596 Rhipaeis

118 2614 187 2680 vid.
211 2611 307 2674 insta.
347 2608 425 2674 Exit
444 2626 572 2682 autem,
597 2627 635 2674 ut
650 2611 783 2674 tradunt
802 2631 843 2674 ex
860 2609 975 2673 multis
992 2614 1150 2676 Herodot.

118 2727 156 2798 4,
187 2727 264 2789 123.
302 2708 435 2789 Dionys.
458 2733 489 2772 v.
516 2722 569 2790 ¹4·
605 2708 641 2772 in
667 2710 854 2785 Maeotida,
898 2713 1027 2774 duobus
1053 2711 1153 2785 ostiis,

119 2816 257 2898 (Strabo
278 2835 331 2873 ιι.
351 2833 383 2894 p.
400 2823 482 2892 340.
498 2811 518 2873 s.
534 2816 639 2891 493.)
667 2809 770 2873 tribus
799 2811 899 2874 hodie
924 2813 991 2874 sere
1016 2811 1153 2876 obrutis.

121 2911 301 2997 (Biisching
320 2933 353 2996 p.
371 2925 453 2989 705.
471 2931 499 2973 c.
514 2915 549 2986 l.)
581 2914 656 2974 Non
673 2909 763 2973 enim
776 2910 959 2974 audiendus
974 2913 1016 2975 est
1030 2916 1155 2976 Seneca
1178 2945 1181 2951 ,

120 3017 158 3080 in
176 3015 297 3076 Troad.
315 3035 346 3075 v.
363 3031 397 3092 9,
421 3009 477 3096 qui
502 3012 631 3098 septena
653 3009 762 3074 iactat.
803 3013 869 3076 sed
889 3028 921 3074 et
944 3011 1000 3078 hic
1019 3013 1156 3098 quidam

121 3113 327 3202 impediunt,
355 3110 412 3197 qui
430 3110 558 3174 Tanain
581 3110 616 3173 in
637 3114 779 3174 Pontum
798 3114 851 3173 vel
868 3111 1071 3196 simpliciter,
1101 3115 1156 3176 vel

125 3239 167 3287 ex
188 3212 355 3278 Maeotide
377 3234 549 3297 erumpere
573 3211 735 3286 scribunt,
761 3229 799 3275 ut
819 3211 944 3276 Tibull.
961 3226 996 3296 4,
1023 3239 1051 3288 1,
1074 3217 1154 3294 146.

123 3316 184 3383 ubi
200 3335 259 3401 pro
276 3314 352 3376 lslro
368 3315 507 3398 positum
521 3329 615 3396 putat
627 3314 748 3376 Vossrus
764 3316 806 3376 ad
820 3313 975 3394 anonymi
992 3313 1159 3399 peripsum

124 3443 158 3506 p.
175 3430 233 3494 80.
250 3415 350 3477 Huds.
378 3411 518 3480 Ovidius
536 3435 576 3476 ex
592 3415 698 3476 Ponto
712 3425 747 3494 4,
763 3438 818 3488 ro,
834 3429 892 3493 55.
914 3413 1052 3478 conlatis
1069 3430 1158 3478 ante·

124 3513 319 3586 cedentibus
341 3531 374 3576 et
394 3529 522 3597 praeter
552 3531 665 3598 poetas
688 3513 813 3578 Arrian.
840 3513 876 3578 in
906 3513 1032 3600 periplo
1056 3513 1154 3579 Ponti

124 3643 158 3708 p.
181 3637 235 3699 19.
253 3614 353 3678 Huds.
394 3615 463 3677 Nec
485 3613 617 3697 expedit
632 3616 771 3688 Vossius,
802 3613 859 3700 qui
876 3617 919 3678 ad
933 3637 962 3679 c.
979 3619 1000 3680 l.
1026 3614 1157 3678 Tanain

127 3716 266 3786 omnino
275 3717 457 3798 Bosporum
468 3712 683 3778 Cimmerium
698 3715 823 3779 dietum
837 3718 898 3780 else
914 3718 1019 3780 docet.
1053 3714 1162 3800 Magia

127 3823 197 3884 huc
209 3819 308 3889 valet,
333 3817 571 3901 quodProcop.
582 3817 666 3879 deB.
677 3819 774 3879 Goth.
789 3829 824 3896 tp,
838 3829 873 3898 4.
891 3833 1010 3891 narrat,
1031 3821 1164 3880 alveum

129 3921 237 3990 illum,
261 3915 318 4004 qui
334 3938 351 3978 a
366 3915 535 3980 Maeotide
549 3917 584 3979 in
599 3919 742 3980 Pontum
758 3916 874 3991 eslluit,
895 3917 1024 3980 Tanain
1037 3915 1162 3982 vocari.

130 4020 220 4084 Hinc
241 4037 425 4098 anonymus
447 4017 502 4080 ille
530 4041 562 4102 p.
583 4039 627 4081 m.
649 4031 683 4099 4.
707 4017 850 4098 ⁸bifidam
877 4015 993 4082 tribuit
1020 4015 1164 4081 Tanaidi

131 4141 263 4208 aquam,
289 4119 380 4204 quod
403 4133 496 4182 exeat
514 4121 569 4181 vel
590 4117 625 4180 iu
640 4119 818 4193 Maeotida,
842 4121 896 4182 vel
917 4117 954 4183 in
971 4120 1164 4204 Bosporum.

183 4238 280 4313 Pomp.
296 4229 390 4294 Mssa.
411 4236 528 4312 Bergae.
545 4235 583 4294 L.
599 4235 623 4290 s.
865 4221 913 4284 Se
