2892 4950
347 409 410 478 540
618 398 782 458 norae
819 401 1123 459 axaoarrcau

352 597 392 640 ex
408 569 612 656 loquentibus
633 570 842 652 adparebunt.
886 573 963 656 Quo
982 573 1039 634 litu
1059 573 1143 636 Mela
1162 570 1309 656 posuerit,
1332 573 1371 632 iu·

353 677 507 762 telligitur
533 693 574 737 ex
595 672 652 734 lib.
672 689 705 746 a,
729 687 762 749 7.
786 690 819 738 o.
856 674 912 736 ubi
942 675 1112 758 Tbynr'ada
1135 695 1246 738 eorum
1270 672 1371 736 fiuibor

352 780 516 842 admovet.

432 979 586 1044 Graiae
610 975 731 1040 urbes
738 976 758 1060 )
808 977 901 1062 erae
923 976 983 1037 luit
1003 979 1169 1060 prudentia
1187 979 1370 1044 Graecorum.

353 1099 390 1146 ut
411 1082 469 1145 hae
490 1079 645 1166 augustiae
664 1079 801 1142 coloniis
814 1077 876 1140 luia
891 1081 1080 1151 infiderent,
1114 1084 1157 1142 ita
1173 1093 1372 1162 comparantur

353 1185 411 1248 libi
438 1182 572 1246 liberam
597 1181 834 1266 navigationem
862 1181 969 1242 verina
994 1196 1151 1262 pontum.
1186 1184 1271 1242 unde
1295 1199 1370 1262 coge·

353 1287 469 1348 bantur
483 1297 591 1366 petere
610 1281 680 1344 luae
701 1296 784 1346 artae
805 1279 928 1364 regioni
946 1285 1112 1356 alimenta,
1138 1284 1301 1366 praecipue
1322 1279 1372 1340 iru-

352 1365 460 1448 ment⁴a
475 1397 508 1447 et
524 1381 714 1446 salsamenta.
746 1403 771 1446 r.
790 1403 993 1446 oaouovtva
1008 1386 1084 1448 MS.
1138 1386 1294 1468 Expertus
1315 1381 1373 1441 iub·

353 1487 428 1550 iude
452 1485 496 1548 est
518 1485 596 1546 haec
618 1485 788 1546 commoda
811 1486 993 1567 Xenophon
1023 1487 1058 1548 iu
1078 1485 1184 1548 reditu
1201 1506 1238 1547 ex
1255 1482 1373 1552 Perae.

352 1589 439 1650 unde
457 1585 545 1669 saepe
566 1581 675 1662 πόλεις
693 1581 887 1673 Ἑλληνίδας
904 1602 1148 1650 commemorat.
1184 1585 1235 1650 Cf.
1252 1587 1284 1656 6.
1299 1587 1329 1655 6.
1346 1599 1373 1644 o.

352 1689 470 1753 Contra
484 1687 516 1760 6,
534 1697 569 1766 4.
586 1689 632 1751 iu.

427 1894 457 1955 A
471 1889 490 1952 b
504 1911 526 1973 y
539 1888 562 1950 d
576 1913 596 1952 u
612 1912 629 1952 s
638 1889 656 1972 )
707 1891 762 1952 Gr.
783 1881 925 1966 ’Ἄβυδος
948 1893 1124 1974 penultima
1151 1893 1263 1975 longa,
1292 1905 1374 1970 quam

355 2009 462 2056 tamen
484 2005 749 2074 praetermorem
775 1995 905 2074 corripit
929 1995 1043 2055 dvien.
1062 1995 1096 2053 in
1119 1997 1239 2077 perieg.
1255 2013 1286 2052 v.
1301 1991 1374 2068 695.

355 2095 481 2158 Incolae
497 2088 667 2180 'lantani
691 2095 788 2156 etiam
804 2095 839 2154 in
854 2096 960 2156 numia
975 2109 1008 2156 et
1029 2096 1200 2177 lapidibus.
1226 2093 1374 2178 (Murato-

353 2198 421 2258 riue
434 2217 467 2279 p.
482 2213 585 2274 1019.
601 2192 655 2279 3.)
682 2195 861 2278 Antiquitas
876 2197 943 2258 eiua
958 2193 1088 2258 discitur
1101 2217 1139 2258 ex
1152 2197 1295 2258 Homero
1305 2194 1373 2258 lta.

354 2309 438 2377 837.
483 2295 557 2358 Poll
589 2297 705 2358 Troica
733 2279 922 2366 tenuerunt.
961 2311 998 2358 ut
1031 2298 1089 2358 alia
1122 2299 1155 2358 in
1183 2297 1249 2360 hoo
1278 2305 1373 2359 tractu.

353 2399 501 2466 Thraoer.
528 2397 603 2458 inde
621 2396 745 2467 Mileti,
770 2399 903 2475 (Strabo
923 2413 976 2474 13.
993 2419 1025 2481 p.
1036 2400 1122 2477 406.
1140 2397 1161 2460 l.
1179 2401 1287 2478 591.)
1310 2411 1372 2476 quo·

352 2519 427 2560 rum
444 2497 602 2559 coloniam
619 2496 739 2559 iaciunt
752 2501 867 2581 plures.
890 2500 1053 2579 (Thucyd.
1072 2512 1105 2577 3.
1122 2501 1182 2562 61.
1212 2499 1371 2562 Athenaeus

358 2614 413 2668 ra.
433 2610 467 2675 5.
490 2617 522 2678 p.
538 2607 623 2675 524.
666 2599 806 2661 Eullatb.
828 2601 864 2658 ad
893 2601 1025 2664 Homer.
1041 2621 1068 2663 c.
1090 2602 1110 2661 l.
1142 2614 1177 2662 et
1195 2603 1236 2662 ad
1258 2591 1371 2674 Diouyi.

352 2719 386 2762 v.
406 2701 503 2778 513.)
536 2699 631 2779 idque
649 2699 740 2783 Gyge
758 2699 922 2780 Lydorum
944 2721 1034 2785 rege.
1067 2704 1118 2763 uui
1137 2715 1201 2764 tota
1227 2703 1278 2762 illa
1299 2697 1373 2781 regio

354 2815 432 2864 tuuc
450 2800 562 2882 paruit,
589 2801 785 2864 concedente
802 2799 930 2877 laetum,
953 2801 1056 2863 scribit
1068 2802 1191 2866 Strabo.
1237 2799 1375 2866 Dirlentit

352 2903 512 2982 Scymnur
529 2901 640 2972 Chiue.
669 2903 725 2982 qni
746 2925 778 2965 v.
798 2920 882 2984 709.
913 2905 1100 2966 Aeoliorum
1123 2902 1198 2965 lacit
1221 2903 1375 2967 coloniam.

352 3021 433 3086 quoe
455 3015 539 3064 certe
559 3016 721 3086 tamquam
744 3005 908 3088 indigenae
923 3005 1044 3068 Sestum
1062 3005 1193 3066 tenuille
1214 3003 1308 3068 refert
1322 3001 1376 3063 He·

352 3106 486 3168 rodotua
500 3122 534 3183 9.
556 3115 635 3182 ²²5·
688 3107 737 3167 De
762 3105 817 3166 dtu
840 3105 925 3167 urbis
940 3107 978 3168 ad
1001 3104 1104 3168 faucae
1126 3105 1331 3187 Propontidis
1349 3115 1377 3162 et

353 3217 447 3288 portu
466 3205 639 3284 commodo
661 3205 800 3267 adeundi
819 3205 1012 3270 Straboni.
1032 3221 1065 3268 et
1081 3207 1237 3286 Polybius
1257 3207 1376 3282 16.29.

354 3307 441 3368 unde
454 3297 575 3395 fauces
589 3305 758 3389 Abydeuae
779 3321 1072 3370 commemorantur
1087 3329 1103 3370 a
1120 3310 1253 3392 Virgilio
1269 3307 1377 3387 Georg.

359 3429 388 3478 r.
408 3422 491 3482 207.
514 3403 558 3470 rei
583 3405 656 3470 κατ’
676 3401 820 3485 ’Ἄβυδον
842 3405 939 3473 στενοὶ
965 3408 1151 3474 aStrabone
1176 3423 1230 3486 13.
1254 3431 1285 3492 p.
1299 3419 1377 3486 [tor.

354 3507 376 3572 l.
393 3521 476 3588 583.
499 3525 531 3570 et
548 3509 656 3570 limilia
671 3508 709 3568 ab
724 3511 804 3572 aliie.
837 3510 887 3572 cf.
907 3511 1116 3592 Oudendorp.
1133 3513 1170 3570 ad
1189 3511 1331 3572 Frontin.
1352 3527 1376 3574 ιι

352 3622 387 3690 4,
414 3622 470 3689 ²3·
521 3609 571 3672 Ab
598 3609 738 3692 obpolita
762 3611 849 3674 Seilo
876 3611 965 3672 brevi
992 3610 1088 3693 [patio
1121 3613 1261 3692 marique
1287 3604 1377 3671 diriir

352 3711 491 3780 diliebat.
510 3725 531 3786 7
546 3731 663 3793 nempe
677 3711 856 3781 stadiorum.
874 3713 1045 3792 (Herodot.
1056 3729 1088 3787 7.
1108 3711 1181 3793 54.)
1199 3713 1253 3772 ubi
1268 3714 1377 3774 Xerxer

352 3825 453 3896 ponte
468 3810 710 3895 Hellespontum
732 3814 853 3884 iunxit.
883 3815 1001 3894 dequo
1018 3815 1056 3874 ad
1076 3831 1108 3884 o,
1126 3831 1158 3882 o.
1177 3829 1209 3890 7.
1262 3813 1376 3874 Variam

351 3912 439 3978 urbia
459 3909 620 3976 fortunam
644 3929 828 3977 enarrarunt
852 3915 1007 3995 Polybius
1032 3917 1087 3986 ro,
1110 3932 1156 3995 29
1174 3913 1237 3998 sqq.
1272 3913 1375 3974 Livius

353 4028 488 4092 31.17.
514 4013 627 4078 Strabo
645 4029 699 4092 13.
722 4037 753 4098 p.
772 4017 858 4095 496.
877 4014 898 4077 l.
917 4029 1002 4095 591.
1053 4017 1179 4079 incolae
1203 4017 1280 4078 olim
1302 4011 1375 4074 male

349 4116 520 4179 audiebant
562 4117 604 4180 ob
640 4113 902 4190 fraudulentiam.
945 4118 1115 4181 calumniae
1147 4133 1180 4180 et
1217 4117 1373 4180 luxuriam·
