2922 4958
942 31 980 201 l

260 387 323 453 yae
531 373 694 434 NOTAE
732 373 1036 432 Exnoerlcln

247 563 301 631 .5‚
326 567 385 630 9¹·
420 545 471 612 cf.
489 547 664 611 Burmann.
684 549 723 612 ad
748 549 849 612 Valcr.
869 549 966 613 llaec.
991 569 1020 622 1,
1044 555 1103 632 54
1136 546 1253 642 lieyne
1268 546 1310 612 ari

267 653 453 738 Apollodor.
473 666 505 722 2,
522 662 554 729 5.
569 668 603 732 9.
1188 677 1191 693 ¹
1262 729 1266 740 ι

344 852 574 935 Heraclea)
631 852 688 917 Gr.
712 836 917 942 Ἡράκλειᾶ,
956 855 1042 918 unde
1067 854 1152 940 apurl
1177 853 1311 938 Stepha-

269 979 351 1022 num
382 956 574 1018 descendunt
602 947 803 1042 Ἡρακλεὺς,
836 951 1096 1044 Ἡρακλεώτης,
1121 951 1313 1044 Ἡρακλεῶ-

270 1083 337 1144 της.
373 1061 518 1122 Primum
536 1057 635 1118 rarirra
651 1059 797 1127 occurrit.
819 1061 951 1122 alterum
968 1058 1000 1119 in
1020 1059 1163 1121 Diodoro
1177 1069 1231 1138 14.
1248 1072 1311 1136 51.

271 1161 427 1225 Strabone
451 1176 503 1222 re.
528 1179 560 1240 p.
581 1169 661 1237 574.
682 1158 701 1219 l.
723 1171 806 1237 547.
828 1161 873 1226 in.
898 1196 944 1208 -
973 1161 1103 1222 tertium
1125 1161 1159 1220 in
1180 1160 1311 1239 Scylace

271 1271 308 1347 p.'
325 1277 381 1342 54.
402 1257 498 1323 lludl.
528 1261 675 1341 Xenoph.
700 1261 740 1322 de
762 1282 832 1343 exp.
853 1263 929 1341 Cyri
946 1263 979 1329 6.
1000 1278 1031 1332 a,
1052 1277 1084 1322 Ω.
1111 1259 1259 1323 Pausania
1277 1274 1311 1339 5.

274 1365 331 1432 26.
353 1365 384 1426 6.
408 1397 460 1411 -
485 1374 518 1422 et
541 1364 574 1422 in
599 1363 714 1423 nomia.
751 1363 831 1440 (vid.
864 1363 988 1424 Eckhel
1022 1365 1056 1423 in
1087 1365 1188 1424 doctr.
1217 1383 1310 1427 nunt.

271 1465 308 1530 P.
332 1485 359 1525 1.
383 1464 452 1525 Vol.
469 1478 502 1527 α.
525 1483 557 1543 p.
573 1463 646 1540 416
666 1461 742 1545 qu.)
781 1463 866 1527 Cum
884 1465 988 1546 plures
1011 1462 1129 1524 luerint
1145 1465 1313 1548 cognomi·

202 1551 216 1570 ’
272 1585 340 1632 nee.
365 1567 411 1622 nri
427 1566 540 1624 docent
561 1565 740 1645 Stephanos
757 1581 788 1628 et
805 1565 955 1634 Orteline.
982 1565 1082 1628 nollra
1100 1565 1152 1625 rel
1168 1585 1205 1626 etr
1223 1585 1312 1627 nexu

273 1665 479 1750 intelligitur,
508 1665 559 1726 vel
583 1667 698 1727 additia
720 1669 825 1728 rerhie
847 1662 877 1729 ἐν
899 1661 1017 1748 Πόντῳ
1035 1667 1087 1726 vel
1108 1659 1126 1749 ly
1144 1662 1174 1730 ἐν
1188 1661 1311 1748 Πόντῳ

273 1769 451 1850 clelignatur
470 1767 509 1830 ab
533 1767 713 1830 auctoribus
733 1782 764 1828 et
787 1771 819 1829 in
843 1770 958 1829 onmia.
1011 1766 1191 1829 Euliathiue
1212 1769 1313 1829 eliam

271 1871 311 1931 ad
328 1866 461 1947 Dionys.
473 1889 493 1930 v
516 1881 599 1945 787.
624 1870 746 1930 addidit
761 1866 851 1932 nard
866 1865 923 1932 ecit
940 1863 1080 1932 Πόντον.
1106 1869 1314 1932 Ptolemaeo·

273 1985 308 2049 5,
334 1992 363 2034 1.
391 1965 575 2054 Ἡράκλεια
603 1964 752 2041 Πόντου,
788 1972 894 2035 Schol.
922 1971 1074 2032 Nicandri
1096 1971 1135 2033 ad
1161 1970 1312 2052 Alexiph.

270 2067 566 2155 ν.15.Ποντικὴ.
621 2071 838 2152 Marianrlynie
872 2093 943 2133 corn
979 2071 1091 2135 Nollro
1131 2069 1314 2134 adscribunt

272 2173 383 2251 Scylax
403 2193 430 2236 c.
448 2173 468 2234 l.
497 2172 678 2254 Xenophon
694 2175 735 2234 de
751 2173 862 2255 expell.
877 2175 908 2242 6.
921 2190 955 2238 Ω.
982 2171 1095 2234 Strabo
1111 2187 1164 2236 ra.
1182 2194 1213 2255 p.
1225 2185 1311 2253 373.

272 2271 396 2354 [542.
434 2274 507 2336 l’oll
526 2275 682 2337 adtributa
702 2275 745 2336 est
761 2276 866 2336 Ponto
881 2273 1022 2360 regioni,
1049 2287 1085 2334 ut
1105 2272 1199 2334 refert
1222 2275 1310 2336 idem

274 2374 406 2445 Strabo.
437 2377 527 2438 cuiue
548 2389 651 2436 aetate
672 2377 802 2438 Pontica
820 2378 983 2458 provincia
999 2375 1172 2455 Bithyniae
1187 2391 1311 2457 partem

271 2476 491 2541 constituebat.
546 2476 655 2538 llllirrue
676 2491 760 2538 recte
777 2477 928 2539 Thraciae
951 2477 1061 2538 urbem
1085 2472 1164 2538 dicit
1180 2477 1312 2560 Stepha-

271 2595 350 2645 nus.
376 2575 430 2638 ctlr
449 2579 485 2638 acl
504 2575 672 2639 Thraciam
687 2578 903 2660 Bithynorum
917 2575 1031 2640 referre
1045 2597 1084 2639 etr
1099 2578 1228 2658 Scylace
1244 2599 1272 2641 c.
1288 2579 1310 2642 l.

271 2677 362 2738 malit
386 2677 564 2740 llerlteliue.
618 2679 654 2738 ln
678 2680 817 2740 notanda
849 2682 972 2763 origine
995 2679 1169 2741 Herculem
1195 2679 1311 2742 Noster

270 2779 437 2861 producit.
471 2781 511 2841 ‹le
529 2779 620 2842 coine
640 2779 734 2840 rebue
752 2781 785 2841 in
801 2777 863 2842 'illo
886 2795 985 2842 tractu
1002 2780 1095 2864 gellia
1109 2795 1253 2843 auctorne
1275 2782 1311 2844 irr

271 2881 415 2964 proxima
439 2894 512 2942 nota
533 2881 669 2952 larrdali3
704 2880 819 2944 famam
836 2883 974 2966 adpolita
996 2882 1066 2943 eine
1088 2880 1194 2966 effigie
1218 2884 1310 2944 numi

273 2985 369 3044 etiarn
391 2981 551 3046 tellantur.
589 2983 731 3045 Certiora
748 2985 875 3044 tradunt
889 2984 942 3045 alil
957 2983 1108 3066 plerique.
1130 2985 1185 3064 qui
1203 2983 1312 3068 Mega·

271 3083 376 3145 renlee
402 3085 582 3145 conditoree
609 3083 728 3146 faciunt
752 3087 876 3146 adiutos
898 3087 993 3146 etiem
1015 3105 1031 3144 a
1059 3085 1250 3168 Tanagrneie
1270 3105 1311 3147 ex

271 3185 425 3252 Boeotia.
450 3185 617 3266 (Xenoph.
644 3185 683 3246 cle
706 3206 777 3268 exp.
803 3187 836 3257 6,
859 3201 891 3248 2.
917 3187 961 3247 in.
1004 3186 1140 3248 Diodor.
1169 3195 1224 3264 14,
1248 3199 1309 3264 51.

271 3281 404 3350 Paulae.
423 3297 456 3364 5,
476 3285 531 3356 96,
548 3285 580 3349 6.
610 3287 763 3354 Iustino.
781 3301 812 3362 3,
829 3307 863 3366 7.
884 3287 961 3364 alil),
982 3300 1104 3368 praeter
1120 3285 1312 3349 Strabonem

278 3403 333 3452 12.
357 3407 387 3468 p.
406 3401 488 3468 373.
505 3385 526 3450 l.
540 3400 624 3465 542.
652 3389 710 3468 qni
727 3388 865 3451 lllilelioe
883 3385 1039 3449 lnbllituit
1061 3402 1191 3450 notante
1212 3389 1311 3450 etiam

129 3509 134 3518 “
271 3488 439 3552 Eullethio
464 3507 491 3551 c.
516 3487 537 3552 l.
590 3482 695 3551 Πόλιν
726 3485 903 3576 Ἑλληνίδα
941 3489 1013 3551 ideo
1049 3503 1164 3552 vocant
1198 3489 1312 3570 Scylax
1343 3479 1348 3494 '

270 3599 371 3672 p.34.
392 3587 491 3652 lludl.
523 3589 705 3672 Xenophon
717 3610 743 3652 c.
762 3591 782 3656 l.
834 3591 1013 3672 Adposrtam
1029 3587 1117 3651 soille
1132 3591 1218 3671 Lyco
1234 3609 1312 3652 cum

269 3691 377 3754 Plinio
394 3688 449 3752 luo
467 3691 500 3760 6.
523 3709 551 3754 1.
578 3705 680 3751 narrat
697 3693 798 3756 Solio.
820 3711 846 3755 c.
863 3703 923 3772 45.
941 3691 961 3754 l.
975 3703 1035 3772 43.
1065 3691 1119 3754 etli
1137 3693 1234 3776 vulgo
1259 3689 1312 3754 olt-

269 3789 408 3883 postium
424 3793 548 3878 legitur,
571 3811 650 3873 qnos
662 3791 910 3855 refutatSalmal'.
923 3813 954 3874 p.
967 3813 1010 3856 m.
1023 3794 1065 3855 61
1075 3813 1106 3856 o.
1132 3813 1170 3854 ex
1181 3795 1312 3857 drriano

270 3895 304 3956 ln
329 3893 451 3976 periplo
476 3914 506 3977 p.
530 3903 582 3972 14.
601 3891 699 3955 Hurll.
727 3897 780 3977 qui
804 3895 879 3955 inde
896 3908 1043 3956 removet
1064 3909 1108 3957 tto
1127 3893 1245 3960 lladiie.
1274 3907 1314 3958 ut

269 4003 295 4074 4
314 3993 358 4055 Μ.
379 3994 413 4057 P.
440 3993 460 4058 Ι.
484 4015 511 4058 e.
538 4007 582 4074 32
600 3994 701 4058 lladiie
717 3995 785 4059 tab.
809 3995 993 4080 Peetinger.
1013 4015 1046 4075 9.
1064 3997 1098 4058 tt.
1125 3990 1313 4076 Xenhphon

271 4095 304 4170 6,
323 4109 358 4169 a,
377 4110 411 4161 a.
432 4115 459 4162 c.
476 4093 497 4162 1.
523 4115 581 4183 per
605 4117 716 4186 agrum
735 4097 836 4162 liuere
858 4097 983 4180 Lycum
1007 4094 1122 4165 scribit.
1164 4096 1315 4163 Plinium
