2764 4958
130 411 487 473 tumularunt.
528 408 610 468 m.
651 409 786 472 ovttt.
827 408 906 486 ’.9.
931 427 977 466 ιο.
1021 419 1084 488 257

50 587 85 649 ad
98 584 236 666 Dionys.
253 604 339 664 ot7.
374 584 508 648 Fundus
527 583 574 646 roi
597 585 631 645 in
647 582 832 655 Herodoto.
857 585 912 666 qui
930 583 1008 648 haoo
1030 584 1085 648 lta.

49 687 113 751 bet:
144 683 264 753 πάντα
293 679 465 774 ἄνθρωπον
493 675 676 769 Quattuor,
710 679 769 746 aot
790 681 914 760 παντός
939 680 1085 772 ὁμιλίην·

48 785 225 872 (hanonuo
248 789 326 850 iuda
349 788 466 871 repetit
489 783 693 870 Stephanus)
725 778 779 848 atui
811 777 890 850 otior
912 777 1015 850 ὅπλον
1038 783 1087 851 ἐκ·

45 889 158 956 τὲαται
180 886 297 978 ἀρήϊον
318 877 428 968 οὐδὲν,
454 879 530 952 οὔτε
553 877 736 976 ἀμύνεσθαι
753 883 954 950 ἐπιστέαται.
992 888 1086 971 Quor

45 1007 189 1055 auctores
210 992 254 1054 fio
274 988 488 1052 oouciliandoa
510 987 638 1052 censent
654 989 821 1050 l'iutiauua
835 1002 868 1052 at
883 988 1085 1060 ciacconius,

45 1107 76 1153 ot
96 1095 131 1156 in
153 1092 331 1155 Herodoto
348 1103 382 1152 et
401 1091 471 1153 aliia
491 1087 736 1172 Gamphasantes
754 1103 946 1173 reponatur,
979 1093 1086 1154 invito

44 1194 195 1257 Salmasao
217 1193 259 1254 ad
282 1192 383 1256 Solio.
406 1211 439 1273 p.
463 1213 508 1254 m.
531 1205 616 1276 293.
644 1192 805 1252 adnuente
829 1205 938 1252 contra
956 1191 1087 1255 Valcke-

44 1299 126 1358 nario
142 1295 187 1356 ad
210 1293 431 1356 Herodotum.
474 1293 583 1354 Utitur
599 1308 683 1354 corto
699 1291 866 1354 Pintianua
880 1293 919 1354 ad
934 1293 1087 1354 evincan-

1 1435 2 1450 .
43 1398 110 1458 dam
126 1395 328 1458 senteutiam
343 1391 430 1454 luam
446 1395 640 1478 argumentis
659 1393 744 1454 haud
761 1393 920 1456 invalidia.
957 1393 1086 1476 Nempe

1 1529 2 1552 2
43 1498 252 1560 Garamantes
277 1495 456 1556 habuerunt
486 1494 602 1556 urbem
636 1493 784 1564 Garama.
820 1495 861 1557 ale
891 1513 952 1576 qua
977 1493 1086 1578 lupta3

41 1602 148 1661 omnia
171 1595 336 1660 Romania
355 1596 450 1662 annia
471 1593 608 1678 superata
623 1593 696 1656 lunt
712 1595 834 1677 pollea3
857 1597 964 1675 (Plio.
979 1609 1013 1674 5,
1029 1599 1087 1676 5.)

42 1701 71 1760 in
86 1699 242 1762 exercitu
258 1695 446 1759 Hannibalia
465 1696 668 1760 Garamantes
683 1692 792 1779 pall'ttu
813 1717 830 1758 a
846 1697 927 1758 Silio
945 1716 1087 1762 commo·

41 1817 231 1869 morantur,
259 1817 298 1860 ax
315 1817 380 1880 quo
400 1798 544 1880 adparat,
570 1817 656 1860 arma
677 1799 788 1880 utiquo
812 1797 966 1872 tractalla3
997 1799 1087 1862 deui-

39 1921 98 1984 qoo
118 1913 262 1987 gentem
280 1917 427 1984 magnam
447 1913 540 1960 vocat
557 1899 741 1962 Herodotuo
756 1909 792 1978 4.
810 1913 892 1979 1533.
918 1899 1003 1981 quod
1022 1899 1087 1964 lino

1 2017 2 2022 ’
40 2004 245 2066 commercio
276 2001 412 2062 aliorum
445 2002 576 2084 cogitari
605 2000 728 2080 nequit.
789 1999 953 2063 Salmafiua
977 2014 1087 2064 tamm

39 2106 188 2166 vindicat
221 2101 381 2164 Herodoti
413 2102 586 2164 lectionem
619 2121 656 2162 ox
689 2101 749 2162 litu
772 2100 818 2162 ibi
850 2113 962 2164 notato
985 2119 1086 2184 propo

42 2200 283 2268 Nasamones-t.
299 2201 439 2282 Psylloo.
465 2223 560 2284 quom
575 2214 609 2264 ot
623 2203 676 2262 alii
692 2203 731 2264 iia
747 2203 906 2265 tribuunt.
944 2203 1089 2270 Probant

1 2291 2 2308 ¹
41 2308 192 2370 Holsten.
214 2304 255 2364 ad
275 2303 428 2386 Stephon.
449 2325 482 2386 p.
497 2316 557 2381 30.
582 2317 614 2364 ot
637 2301 802 2366 Berkeliua
825 2325 856 2385 p.
877 2305 959 2366 262.
998 2306 1087 2366 Tum

42 2427 121 2471 vero
136 2405 233 2468 Mela
253 2404 331 2468 alioa
350 2403 474 2468 secutur
495 2404 555 2476 est,
588 2406 637 2464 uti
654 2405 790 2466 omuino
812 2407 845 2464 in
863 2404 914 2466 hia
929 2404 969 2467 ab
985 2405 1089 2468 Horo·

42 2505 352 2588 luteis-dianopat,
393 2507 537 2586 adeoquo
567 2504 718 2584 Blemyaa
749 2504 889 2575 subiicit,
925 2525 1006 2588 quoa
1031 2507 1089 2570 illo

41 2613 136 2691 plane
162 2609 304 2691 ignorat.
358 2597 614 2698 Gamphasantes
635 2619 743 2668 tuetur
764 2605 828 2688 ipso
849 2605 933 2669 Mola
952 2627 982 2678 t.
999 2618 1034 2688 4,
1049 2618 1086 2687 4.

40 2715 129 2776 Situa
145 2710 206 2770 vix
221 2707 400 2770 definiatur.
435 2709 470 2770 Si
484 2721 590 2769 tamen
607 2705 717 2768 leriam
739 2707 913 2770 institutam
933 2707 1103 2791 persequi·¹
1141 2747 1146 2756 ·

42 2827 105 2885 tur,
130 2813 169 2873 in
188 2810 336 2872 interiori
350 2807 451 2888 Libya
466 2811 597 2893 propina
613 2809 654 2870 ad
667 2811 851 2893 Aegyptum
868 2809 1060 2874 habitarunt.
1128 2879 1132 2888 ,

118 3009 314 3094 ingenii)
371 3011 527 3074 Eiusdem
552 3025 700 3084 naturae.
734 3011 912 3076 eoumdem
942 3031 1084 3078 morum.
1162 3059 1166 3068 ,

45 3133 222 3178 aaaavrra
238 3113 315 3176 MS.
351 3113 403 3174 Sic
424 3135 452 3183 a.
475 3131 529 3194 19,
545 3114 578 3177 6.
595 3108 759 3175 colentium
775 3105 910 3204 saevum
926 3115 1089 3196 ingenitam.

42 3236 188 3302 proquo
204 3215 357 3298 deincep·
373 3235 471 3276 mores
488 3215 593 3298 ponit.
629 3215 672 3276 Et
692 3213 732 3277 lio
749 3215 815 3277 alii.

216 3420 248 3496 §.
278 3438 334 3482 ιο.
384 3416 591 3500 Blemyis)
641 3418 692 3480 Do
722 3414 869 3500 scriptura
898 3417 1021 3479 illatum
1052 3415 1088 3478 in

1 3555 2 3598 3
46 3526 132 3586 notia
155 3521 277 3582 criticis
298 3520 337 3580 ad
364 3537 395 3588 t.
416 3529 451 3598 4,
473 3531 508 3598 4.
557 3517 648 3582 Addo
678 3519 765 3600 quod
788 3539 805 3580 a
831 3519 957 3582 Graecia
980 3518 1088 3578 vocari

45 3623 149 3686 [olent
164 3617 326 3708 Βλέμυες.
353 3640 370 3682 a
388 3620 509 3682 Latinio
529 3619 716 3702 plerumque
729 3619 889 3702 Blamyoe.
932 3621 970 3681 ln
987 3619 1089 3682 Horo·

49 3725 126 3787 doto
141 3743 214 3786 non
235 3735 422 3793 occurrunt,
444 3741 539 3804 quaro
559 3719 754 3783 attundetur
771 3722 865 3802 petiit
882 3720 979 3784 Mela.
1022 3719 1089 3784 No·

49 3845 123 3888 auen
138 3848 158 3888 a
177 3825 325 3901 Blrmyo,
345 3842 412 3884 uno
429 3843 468 3887 ax
486 3822 586 3884 tribua
602 3822 756 3884 Deriatlaa
775 3821 919 3893 ducibus,
941 3823 997 3904 qui
1013 3841 1089 3884 cum
1200 3885 1208 3894 ,

48 3927 113 4008 ipio
125 3941 243 3990 contra
262 3921 434 3986 Herculem
448 3925 644 3998 militarunt,
670 3923 794 3986 derivat
808 3923 988 4004 Stephanus
1001 3943 1089 3984 oum·

48 4049 108 4108 quo
128 4047 173 4092 ro
193 4024 376 4088 Eullathiua
395 4026 433 4086 ad
449 4021 582 4104 Dionys.
600 4043 631 4086 v.
652 4040 735 4088 auo.
771 4020 823 4088 Cf.
840 4023 935 4086 otiam
950 4023 1089 4088 Nonnua

46 4129 103 4196 lib.
128 4145 186 4207 ²7·
201 4125 227 4192 f.
255 4137 288 4191 et
305 4125 448 4207 Etymol.
467 4125 515 4191 M.
533 4125 568 4188 h.
584 4145 618 4188 r.
666 4125 733 4192 lllio
752 4123 840 4191 tader
858 4125 998 4214 adfigunt
1014 4125 1094 4189 Era·¹
