2922 4958
300 395 363 476 634
432 487 439 497 Ι
570 393 733 456 noran
769 395 1071 456 exnonrrcan

300 593 392 661 goras
410 566 426 636 ὁ
442 565 557 658 Τῆἳος,
582 569 630 629 nti
644 587 703 651 pro
718 567 794 644 ’Πος
806 570 869 654 leg.
886 567 929 630 ibi
945 569 989 632 eli
1001 589 1040 631 ex
1054 571 1194 649 Scyrnno
1209 582 1245 632 et
1264 589 1346 635 ann·

299 695 402 756 nymo
418 695 446 738 c.
461 694 489 736 c.
512 673 533 732 l.
549 673 571 734 l.
600 671 655 752 qui
669 671 766 732 Teios
782 672 963 734 conditores
980 667 1117 746 saciunt;
1149 673 1245 734 lonas
1261 673 1346 736 Dio·

299 777 369 858 uys.
385 795 412 840 c.
426 777 448 838 l.
483 773 617 836 Graecos
639 772 775 833 omnino
799 771 959 836 Ammisn.
981 789 1041 843 ss.
1063 785 1098 851 8.
1133 773 1344 859 Phanagorse

299 882 396 942 etiarn
414 877 570 960 originem
592 871 738 935 adscribit
755 873 945 956 Stephanus.
990 873 1067 936 Non
1084 875 1226 960 ignobile
1249 876 1346 957 oppi-

302 983 380 1042 rlum
402 977 492 1040 suilse
514 977 642 1058 adparet
662 975 754 1044 inde,
788 977 874 1056 quod
894 975 1007 1039 Strabo
1029 975 1093 1037 hnc
1114 995 1237 1038 merces
1258 990 1341 1037 tarn·

300 1102 396 1166 quam
420 1081 454 1140 in
476 1078 656 1159 empurium
673 1096 713 1138 ex
734 1073 899 1138 Maeotide
922 1090 955 1140 et
979 1075 1042 1138 suis
1056 1077 1137 1138 ultra
1149 1077 1341 1161 regionibus

300 1185 448 1246 devectas
470 1177 530 1240 else
547 1191 654 1260 putam
695 1177 827 1239 Veneris
848 1179 946 1240 etiarn
965 1179 1087 1262 insigne
1108 1179 1268 1260 templum
1290 1177 1340 1240 ibi

301 1283 391 1347 suilse
411 1279 517 1351 resert,
547 1281 684 1360 denique
706 1277 803 1360 ipsam
824 1279 938 1342 urbem
962 1280 1167 1361 metropolim
1184 1277 1340 1361 Bospora-

299 1405 418 1452 norum
433 1395 535 1444 rocat.
594 1380 716 1440 Tamen
737 1379 783 1440 ibi
803 1379 900 1442 bodie
916 1379 990 1442 llare
1005 1377 1110 1442 censet
1126 1379 1167 1441 de
1188 1380 1279 1442 l'lsle
1301 1381 1338 1442 in

299 1483 560 1552 adnotationibus
591 1483 626 1542 in
655 1479 775 1542 tabulas
801 1481 1035 1567 Geographicas
1059 1501 1100 1543 ex
1125 1479 1338 1547 Constantino

298 1588 582 1670 Porphyrogcnets
606 1585 781 1646 adornatas.

379 1713 662 1795 Cimmerium)
712 1715 749 1776 lu
770 1711 925 1777 Strabone
947 1732 1001 1778 tt.
1018 1735 1090 1798 pag.
1110 1725 1193 1795 54⁰·
1208 1713 1228 1778 s.
1245 1721 1337 1796 494.

299 1836 432 1886 vocatur
453 1809 668 1906 lirppsprudt=3
702 1808 857 1904 Krppspit
876 1813 961 1897 apud
977 1816 1154 1896 Scynrnnm
1170 1817 1203 1876 in
1220 1813 1336 1900 sragm.

299 1947 333 1987 v.
354 1937 432 2002 148.
456 1933 489 1980 et
506 1937 704 1998 anonymum
720 1917 753 1978 in
773 1917 896 1999 periplo
913 1915 1009 1978 Ponti
1030 1937 1063 2000 p.
1081 1933 1115 1982 2.
1132 1915 1232 1980 Huds.
1257 1937 1338 1980 cuns

299 2025 416 2088 Nostro
439 2023 473 2083 in
492 2019 693 2083 Cr'runrerirrm
712 2017 867 2080 consentit
888 2017 972 2082 Plio.
993 2016 1025 2088 6.
1050 2019 1083 2081 6.
1126 2018 1221 2080 Aliud
1243 2019 1339 2100 oppi-

301 2127 380 2189 dum
401 2123 633 2194 Cirnrnericnur,
659 2119 835 2202 quodcum
850 2117 956 2181 nostro
972 2115 1129 2181 conlundi
1143 2138 1211 2182 non
1226 2119 1336 2194 debet,

298 2229 431 2314 ponitur
453 2227 487 2287 in
511 2219 705 2286 Chersoneso
727 2221 860 2282 Taurica
887 2239 903 2280 s
926 2219 1068 2299 Scyrnno
1088 2221 1122 2280 in
1142 2217 1254 2304 fragm.
1272 2237 1336 2300 9¹·
1452 2207 1453 2234 ¹

300 2346 464 2408 anonymo
484 2327 517 2386 in
536 2323 656 2408 periplo
672 2323 792 2384 Euxini
809 2343 842 2405 p.
859 2333 893 2398 5.
911 2319 1011 2382 Huds.
1033 2336 1067 2383 et
1091 2321 1231 2384 Ptolem.
1247 2335 1281 2400 3,
1298 2322 1337 2386 6.

298 2433 355 2512 qui
375 2445 481 2490 tamen
507 2425 744 2487 mediterraneis
772 2421 913 2485 accenset
939 2433 1048 2484 contra
1067 2437 1161 2504 atque
1183 2421 1242 2485 illi.
1280 2419 1335 2487 Cs.

298 2529 423 2592 Vossius
445 2529 485 2588 nd
511 2545 712 2604 anonymum
738 2527 772 2584 in
796 2523 921 2606 periplo
943 2543 971 2586 c.
994 2523 1017 2586 l.
1068 2523 1219 2586 Nostrum
1242 2537 1336 2586 antes
1449 2535 1452 2556 “

304 2627 466 2695 Cerberion
489 2637 638 2687 vocaturn
660 2623 736 2694 else.
770 2625 866 2686 tradit
885 2625 968 2688 Plin.
984 2644 1011 2687 c.
1028 2625 1050 2687 l.
1069 2625 1180 2688 eadem
1200 2625 1334 2706 quidem

299 2731 338 2794 de
359 2728 462 2800 causa,
488 2745 548 2810 qua
569 2725 799 2796 Cimmerium,
832 2727 917 2808 quod
940 2746 958 2787 a
980 2727 1121 2806 tyrannis
1143 2724 1336 2808 Bosporanis

296 2835 464 2896 conditum
487 2848 607 2890 nomen
631 2825 777 2889 sortitum
797 2827 858 2888 elle
874 2825 979 2888 scribit
994 2827 1151 2906 Scymnus
1164 2845 1239 2888 cum
1259 2845 1338 2889 rnn-

163 2995 167 3000 .
297 2954 400 3017 nymo
418 2953 443 2996 c.
459 2932 480 2997 l.
522 2929 691 2993 Cimmerii
713 2929 801 2990 enim
819 2927 895 2988 dicti
918 2927 996 2990 olim
1019 2926 1090 3016 sunt
1111 2927 1270 2996 Cerberii‚
1297 2940 1337 2988 ut

298 3038 394 3098 tradit
416 3031 555 3095 Eullatlr.
584 3031 623 3092 ad
647 3030 780 3092 Homer.
807 3027 915 3109 Odyls.
945 3047 998 3100 rr.
1027 3041 1083 3108 14.
1115 3027 1337 3092 consentiente

298 3135 459 3218 Hesychio
480 3133 513 3198 h.
534 3155 568 3196 v.
594 3132 627 3192 in
653 3143 798 3212 utroque.
849 3127 964 3192 Scribit
988 3129 1078 3191 euim
1110 3129 1188 3190 alios
1218 3129 1337 3192 urbem

297 3234 498 3325 lisplltpiur¹
522 3233 599 3295 alios
614 3229 792 3320 Κιμμερίην
810 3250 941 3302 vocare,
967 3229 1021 3292 etfi
1036 3249 1152 3314 genere
1167 3229 1334 3312 discrepat.

297 3341 380 3404 Urbs
413 3336 586 3400 secundum
627 3333 815 3396 Strabonem
849 3327 921 3394 solla
964 3345 996 3393 et
1026 3350 1139 3416 aggero
1172 3331 1338 3393 claudebat

300 3442 470 3509 isthmum,
496 3435 683 3516 ceteroquin
698 3436 733 3495 in
755 3453 856 3516 paene
878 3429 978 3494 insula
998 3431 1061 3494 lita.
1112 3431 1161 3494 Ad
1184 3433 1246 3493 oris
1268 3433 1337 3494 exi-

298 3557 367 3604 turn
392 3541 484 3623 ponit
504 3537 662 3616 Scynrnus
676 3555 703 3598 c.
720 3535 741 3597 l.
773 3546 806 3596 et
830 3535 864 3594 in
886 3533 1001 3594 ultimo
1025 3533 1104 3594 ollio
1127 3529 1251 3594 Plinius
1266 3533 1335 3598 cl.

299 3645 348 3707 De
365 3642 436 3724 ipsis
450 3637 632 3702 Cimmeriis
647 3633 687 3698 cs.
702 3635 743 3697 sd
761 3655 791 3708 r,
806 3651 840 3706 s,
855 3646 889 3714 5.
914 3647 947 3697 et
961 3633 1074 3714 Heyne
1088 3633 1124 3694 in
1143 3631 1274 3696 excursu
1293 3633 1335 3698 sd

299 3745 408 3832 virgil.
426 3743 505 3804 Aen.
523 3739 556 3811 6,
575 3751 658 3814 107.

465 3913 494 3989 §.
525 3909 581 3971 16.
632 3903 773 3988 luens)
824 3905 979 3977 Maeotis,
1006 3904 1060 3987 qui
1078 3903 1205 3966 Graecis
1224 3904 1335 3968 usitate

300 4015 418 4078 rlicitur
432 4009 583 4083 Μαιῶτις
597 4003 705 4096 λίμνη,
731 4021 769 4070 ut
784 4007 931 4070 Straboni
947 4023 981 4071 s.
996 4026 1029 4088 p.
1040 4017 1098 4082 5⁰·
1108 4003 1130 4068 s.
1142 4021 1162 4078 7
1168 4019 1201 4085 5.
1223 4025 1257 4088 p.
1273 4006 1335 4084 86.

299 4115 322 4181 s.
342 4125 423 4191 125.
448 4141 498 4157 -
529 4109 691 4192 Stephano
711 4107 734 4172 l.
752 4131 786 4174 v.
815 4107 973 4174 Μαιῶται
996 4121 1030 4170 st
1057 4105 1097 4167 fic
1118 4119 1245 4171 tantum
1266 4127 1335 4170 000

255 4285 261 4296 ,
300 4214 473 4288 omnibus3
498 4211 665 4280 Herodoto
681 4207 783 4278 forms
798 4208 850 4278 tur
861 4209 1004 4301 Merr'jrn
1019 4205 1128 4302 λίμνη,
1147 4221 1186 4272 nt
1204 4227 1236 4282 r,
1249 4217 1333 4290 1⁰4·
1450 4251 1451 4258 1
