2764 4958
306 451 309 462 ·
348 456 407 521 190
615 440 779 498 noran
820 443 1119 501 exaonrrcnr.

337 637 418 700 rum
443 613 561 677 formae
590 611 679 695 saepe
704 614 838 677 incertas
864 615 979 678 dediile
1010 630 1042 678 et
1068 617 1105 677 ad
1135 615 1293 678 libidinem
1315 637 1359 677 ex·

343 713 490 802 preffille.
526 716 619 778 Forte
634 727 666 776 et
685 713 748 777 hic.
784 717 950 799 Quidquid
969 718 1021 788 cst,
1042 719 1215 780 Bochartus
1231 737 1255 778 c.
1270 719 1290 779 l.
1311 735 1359 776 no-

343 841 420 882 meu
437 839 475 880 ex
492 818 623 880 orientia
643 817 762 900 linguis
784 819 963 879 derivatum
982 820 1132 900 explicat,
1156 819 1231 880 vilio
1248 817 1265 878 i.
1281 818 1361 896 oppi·

344 921 421 983 dum
440 923 474 981 in
497 910 628 1008 deserte.
682 919 752 978 Una
768 937 845 979 vero
866 916 927 978 fuit
949 920 1096 990 urbium,
1124 939 1162 982 ex
1177 919 1287 1000 quibus
1300 918 1361 976 Tri·

343 1023 426 1106 polis
441 1019 609 1083 constabat.
643 1015 694 1082 cf.
708 1019 812 1080 lfidor.
826 1019 914 1104 Orig.
931 1031 983 1098 ¹4·
1001 1033 1034 1098 5.
1053 1034 1085 1082 et
1099 1041 1138 1083 ox
1153 1019 1361 1083 emendatione

343 1122 480 1188 Salmnlii
501 1121 603 1184 Solio.
620 1140 685 1202 cap.
706 1119 794 1199 5o.l.
809 1137 864 1194 27.
893 1123 973 1182 Vide
988 1123 1066 1202 poll.
1103 1124 1264 1184 Coloniam
1280 1131 1361 1180 vocat

342 1225 540 1292 Antoninus,
563 1235 595 1282 et
610 1221 724 1284 Siculis
746 1219 917 1284 adscribere
934 1223 1064 1283 videtur
1078 1223 1134 1288 Sil.
1152 1225 1222 1310 ltel.
1240 1235 1271 1302 3,
1290 1233 1361 1296 257.

343 1327 432 1389 Situs
454 1343 493 1384 ex
517 1321 622 1384 nollro
643 1322 844 1406 intelligitur.
905 1325 1124 1384 Antoninuea
1151 1325 1241 1404 Lepti
1261 1337 1361 1404 magor

342 1437 489 1488 removet
507 1436 565 1503 93.
584 1422 631 1486 M.
648 1424 685 1486 P.
707 1441 804 1507 aquo
818 1444 929 1508 parum
948 1423 1091 1488 dissentit
1106 1426 1223 1488 tabula.
1261 1421 1301 1486 H.
1316 1441 1361 1504 pu·

341 1539 426 1591 tatur
449 1524 577 1608 Tripoli.

422 1727 602 1812 Cinyps)
653 1728 780 1791 Graecia
800 1731 897 1790 etiem
923 1725 1089 1812 Κίνυφος,
1115 1729 1204 1792 unde
1225 1715 1361 1808 Κινῦφοι

342 1825 427 1918 ὕδωρ
450 1831 588 1894 Nonrtue
607 1832 642 1891 in
664 1827 796 1909 Diouyl.
821 1844 874 1909 15,
901 1843 959 1908 5¹·
1013 1831 1107 1892 Plura
1135 1833 1213 1893 dedi
1236 1831 1269 1892 in
1291 1829 1361 1890 notit

278 2007 281 2013 Ι
343 1935 471 1996 criticis.
518 1933 597 1994 lude
619 1951 697 1994 vero
720 1927 830 2013 paffim
850 1933 984 1994 finitima
1005 1933 1083 2004 loca,
1108 1934 1236 2016 populi,
1259 1951 1306 1992 ree
1327 1951 1361 1976 -’

341 2035 549 2118 adpellantur,
575 2047 612 2094 ut
630 2033 804 2116 Cinyphius
819 2033 932 2095 Maces
949 2032 1019 2115 (Sil.
1037 2035 1106 2096 ltal.
1125 2052 1158 2106 2,
1176 2031 1251 2116 fio.)
1272 2019 1361 2120 tonsol

342 2137 499 2214 (Martial.
518 2147 551 2212 8,
574 2147 633 2214 51,
653 2137 730 2212 11.)
753 2133 857 2215 Syrtis
876 2135 1009 2212 (Sidou.
1035 2135 1210 2217 Apollinar.
1233 2153 1325 2196 carm.
1342 2145 1361 2202 c.

346 2239 448 2317 124.)
472 2238 591 2318 aliaque
607 2238 640 2296 in
658 2235 781 2298 Lexicie
795 2248 912 2296 notata.
954 2235 1030 2296 Fuit
1047 2235 1144 2298 etiarn
1169 2235 1246 2297 urbs
1264 2249 1361 2317 cogno*

341 2341 439 2400 minis
458 2339 591 2418 (Scylax
608 2359 640 2420 p.
664 2349 725 2414 47.
743 2335 866 2413 lluds.)
886 2349 919 2396 ec
936 2338 1034 2421 regio,
1058 2338 1163 2417 (Plio.
1182 2358 1210 2400 c.
1227 2337 1271 2414 l.)
1293 2333 1361 2393 undt

341 2441 454 2520 Scylax
484 2435 608 2526 χωρίον
642 2431 745 2500 καλὸν
772 2450 866 2498 vocat
898 2436 1116 2502 consentiente
1151 2439 1361 2511 Herodotole

348 2553 430 2619 ¹98·
470 2539 555 2602 Hinc
575 2560 631 2617 par
652 2536 805 2598 liberrima
819 2559 899 2599 arva
915 2538 1058 2600 decideres
1074 2559 1151 2601 vere
1167 2538 1361 2620 Pomponius

342 2641 448 2704 Fluvii
472 2661 591 2702 nomeu
608 2661 647 2702 ex
665 2639 787 2700 Punico
804 2640 960 2718 Kinpdorl
980 2641 1001 2702 i.
1022 2659 1051 2704 e.
1073 2644 1181 2702 amnis
1198 2639 1361 2720 byllricunt

341 2745 470 2806 adiutor
492 2743 659 2804 Herodoto
682 2763 710 2812 ι.
732 2759 812 2820 ¹92·
835 2741 964 2802 deducit
985 2740 1164 2804 Bochertua
1180 2743 1215 2802 in
1232 2739 1361 2805 Chonaat

346 2865 376 2916 a,
394 2855 451 2923 24.
489 2841 588 2929 Origo
604 2846 638 2904 iu
654 2856 765 2904 monte
781 2841 974 2914 Zucbabaro‚
991 2844 1229 2922 (Ptolemaeus)
1254 2844 1287 2903 in
1303 2839 1361 2900 coll

341 2943 500 3032 χαρίτων.
537 2943 763 3026 (Herodotue.)
815 2944 857 3006 H.
888 2943 1028 3004 creditur
1058 2942 1199 3024 Wadi·
1221 2942 1361 3039 Quodam

344 3049 414 3109 Vid.
437 3047 602 3108 d’Anville
625 3045 740 3128 Geogr.
764 3045 805 3108 T.
822 3059 853 3124 5.
876 3065 910 3126 p.
923 3039 986 3121 '71.
1013 3058 1046 3106 et
1066 3047 1100 3106 in
1119 3047 1239 3126 primia
1262 3048 1293 3104 in
1317 3041 1361 3102 dle

342 3149 460 3210 moires
479 3148 519 3208 de
542 3147 726 3208 l'acadeauie
748 3145 802 3207 dea
825 3143 928 3208 inlcrr.
950 3147 990 3208 T.
1008 3147 1068 3211 26.
1094 3146 1153 3208 ubi
1176 3144 1313 3210 iludiole
1334 3146 1361 3202 in

342 3250 439 3333 quirit
453 3245 574 3312 Africae
589 3249 749 3310 interioris
765 3247 881 3308 lluvioc
900 3267 933 3330 p.
951 3257 1010 3324 78.

417 3448 689 3532 uberrima)
740 3449 836 3532 Quod
869 3449 995 3534 egregio
1023 3451 1175 3512 omnium
1202 3447 1361 3516 testimoni

344 3553 480 3615 olleudit
505 3551 679 3614 Bochartue
701 3551 734 3612 iu
760 3550 908 3614 Channau
932 3571 960 3621 ι,
982 3561 1040 3628 24.
1067 3571 1144 3612 cum
1172 3553 1254 3616 haec
1278 3553 1361 3615 etiarn

343 3675 421 3714 uum
438 3655 556 3714 adnexa
579 3654 676 3713 ellent
691 3651 838 3730 Byzacio,
862 3652 950 3732 quod
973 3651 1077 3723 docet,
1105 3651 1144 3714 sic
1160 3653 1249 3716 Alris
1263 3655 1361 3716 dictur

344 3753 450 3824 soille,
477 3770 513 3813 ut
531 3751 618 3816 italie
639 3774 755 3816 rumen.
792 3753 902 3838 Virgil.
921 3755 998 3814 deu.
1020 3765 1153 3831 1,551.
1185 3755 1284 3818 Terra
1301 3755 1361 3814 arrii

343 3877 408 3938 quo
429 3867 540 3934 potens
561 3856 656 3915 orrrtis
673 3866 768 3935 atque
784 3851 871 3916 ubere
889 3849 1005 3934 glebae.
1042 3873 1065 3916 1.
1089 3873 1290 3918 ououovrva
1307 3849 1361 3915 llll

345 3957 416 4018 Viri.
435 3957 578 4037 proxime
595 3970 685 4016 antea
702 3956 786 4016 etad
808 3975 838 4026 r,
855 3964 889 4035 4,
908 3969 940 4016 2.
992 3953 1172 4018 Transferri
1192 3957 1260 4018 huc
1279 3959 1312 4016 in
1328 3975 1361 4036 pt

344 4059 405 4120 mie
428 4055 530 4138 potest
553 4057 643 4118 locus
670 4055 782 4118 Ovidii
808 4075 846 4117 ex
872 4055 978 4118 Ponto
1003 4071 1035 4124 2.
1060 4071 1093 4130 7,
1119 4069 1180 4134 25.
1208 4058 1361 4139 Cinyphio

336 4150 458 4252 segetis
481 4157 576 4220 cicius
599 4153 775 4220 numerabis
797 4155 924 4252 nefins.
964 4157 1018 4220 Sic
1033 4157 1149 4239 Polyb.
1169 4173 1206 4238 3,
1232 4175 1294 4240 25.
1321 4155 1361 4246 dgr
