2922 4958
327 350 385 412 610
586 343 746 402 NOTAE
785 343 1089 404 nxecnatctn

330 516 534 609 cognoscitur.
571 515 680 578 Postea
697 518 811 580 Sannio
834 517 855 582 l.
877 520 993 582 Taenia
1016 520 1241 584 adnumeratoa
1264 519 1364 594 l'nill'e,

329 628 403 691 inde
424 623 563 701 adparet,
589 620 676 699 quod
694 619 766 679 Lazi
787 617 857 681 lunt
881 623 1004 702 antiqui
1029 621 1162 693 Colchi,
1188 624 1292 684 Teani
1315 645 1366 684 au·

331 743 396 792 tem
418 722 506 783 Lazie
525 717 655 782 fuerunt
677 723 886 792 contermini,
919 725 968 783 uti
992 725 1160 785 contendit
1181 725 1367 808 Procopinr

330 831 370 893 tle
384 823 421 887 Β.
437 820 534 883 Goth.
550 829 586 899 4,
608 842 636 883 ι.
673 821 750 882 Lete
772 843 829 904 per
853 841 940 884 oram
959 822 1073 906 sparloa
1088 825 1260 886 Bechirnm
1277 825 1369 889 ledea

328 923 469 1015 patnillc,
495 939 534 983 ert
552 924 803 1006 Argonautarum
821 923 910 984 cursu
931 925 1058 1007 adparet
1074 927 1158 1008 apud
1174 927 1281 1010 tpott.
1299 928 1368 990 tth.
1440 1007 1441 1014 ἵ

330 1047 362 1101 2,
389 1034 470 1111 394.
492 1036 525 1084 et
552 1035 658 1102 1244.
691 1042 867 1106 eorumque
892 1027 989 1086 etiem
1022 1026 1135 1088 urbem
1162 1042 1194 1089 et
1229 1046 1369 1110 portum
1440 1045 1441 1050 ’

328 1139 556 1197 commemorat
570 1126 680 1203 Scylax
696 1145 728 1208 p.
744 1146 789 1190 m.
805 1141 863 1205 33.
891 1125 1023 1190 Macrian
1040 1127 1210 1190 Bechirnm
1232 1143 1369 1214 gentem

327 1229 478 1318 quosdam
506 1228 584 1288 olim
610 1225 768 1299 habuille.
800 1225 897 1290 refert
920 1229 1027 1292 Schol.
1054 1229 1160 1313 Apoll.
1186 1230 1300 1294 Rhod.
1329 1231 1369 1292 acl

221 1419 225 1430 ¹
331 1356 360 1406 ι.
388 1339 493 1410 ¹⁰24·

399 1431 431 1494 Β
439 1430 546 1492 neeri
551 1428 570 1512 )
620 1429 769 1492 Ulitatius
789 1431 940 1512 Byzares,
974 1433 1098 1513 dequo
1120 1433 1243 1494 dictum
1265 1431 1310 1494 ett
1333 1435 1370 1494 in

328 1535 415 1601 notin
431 1532 546 1594 criticis
561 1552 594 1614 p.
612 1532 696 1610 613.
750 1531 823 1593 Poll
844 1532 983 1594 Colchos
1005 1532 1126 1596 inversa
1147 1529 1369 1618 progrel'lrone

328 1638 422 1723 ponit
442 1633 553 1714 Scylax
574 1653 607 1715 p.
630 1653 674 1694 m.
696 1647 752 1712 32.
788 1627 965 1720 Bo<pptao5
988 1629 1085 1722 λιμὴν
1112 1650 1239 1697 notatur
1260 1657 1277 1696 a
1299 1637 1369 1698 Ste-

328 1739 436 1824 phano
457 1749 489 1797 et
513 1733 674 1795 Eustatlaio
697 1735 734 1795 ad
758 1735 948 1814 Dionylinm
964 1756 997 1798 v.
1018 1737 1101 1810 76ν.
1154 1736 1241 1820 lploa
1260 1757 1368 1816 vagos

329 1837 465 1922 adpellat
483 1837 583 1896 Valet.
609 1835 707 1898 Flacc.
725 1846 758 1912 5,
786 1848 864 1914 153.
891 1849 923 1896 et
948 1837 1251 1919 Heptacometanrm
1275 1839 1370 1922 genti

330 1937 476 2004 adscribit
491 1936 602 1998 Strabo
625 1943 679 2000 tc.
701 1959 734 2020 p.
752 1946 834 2015 378.
852 1934 872 2000 l.
891 1946 975 2023 549.
1002 1952 1092 2000 etex
1114 1958 1153 2000 eo
1174 1938 1369 2022 Stephanae.

330 2061 424 2126 quam
452 2039 564 2101 Strabo
591 2039 736 2100 conlocat
761 2039 795 2098 in
819 2040 937 2099 vertice
962 2041 1086 2101 montis
1109 2040 1279 2118 Scyrliffea,
1312 2041 1369 2122 qui

330 2163 404 2208 cnm
420 2138 590 2202 Moschicie
605 2139 770 2202 montibus
785 2140 818 2198 in
834 2139 989 2202 Colchide
1005 2143 1216 2204 connectitur.

282 2271 286 2280 ·
410 2241 466 2305 Ge
481 2263 496 2304 r
509 2263 530 2303 a
536 2232 567 2333 s
574 2263 593 2302 tt
607 2263 623 2302 r
633 2242 650 2322 )
702 2240 758 2303 Gr.
779 2238 962 2328 Κερασοῦς,
989 2243 1110 2303 incolae
1136 2235 1368 2330 Κερασούντιοι

332 2343 503 2426 (Xenoph.
525 2343 564 2406 de
586 2341 698 2425 exped.
716 2352 748 2418 5.
774 2354 806 2419 5,
830 2343 884 2419 7.)
912 2339 933 2404 l.
957 2338 1183 2430 liapnco'vrror,
1217 2345 1307 2426 quod
1328 2363 1366 2406 ex

332 2463 434 2510 numo
450 2441 549 2506 adfert
563 2443 683 2505 Ralclte
699 2443 732 2503 in
751 2443 825 2505 Lex.
847 2463 939 2505 num.
956 2445 1054 2507 Torn.
1078 2465 1106 2507 r.
1128 2445 1165 2508 P.
1182 2459 1216 2507 a.
1235 2466 1268 2528 p.
1279 2457 1363 2524 477.

332 2567 419 2616 cum,
447 2543 520 2606 telle
535 2544 691 2605 Eckhelio
711 2545 744 2603 in
770 2545 870 2604 doctr.
888 2565 976 2606 num.
993 2545 1029 2608 P.
1052 2564 1080 2608 t.
1097 2547 1170 2609 Vol.
1187 2561 1220 2608 Ω.
1238 2559 1364 2629 p.35o.

331 2647 384 2710 alii
406 2643 575 2707 exhibeant
596 2665 653 2728 per
672 2665 720 2707 an.
761 2643 892 2706 Nomen
915 2640 981 2710 α’πὸ
1002 2645 1068 2710 τῶν
1091 2645 1208 2730 φυτῶν
1230 2647 1298 2710 τῶν
1320 2670 1367 2712 aa·

332 2741 437 2838 palona
456 2747 577 2806 derivat
592 2745 732 2808 Eustath.
756 2745 794 2806 ad
811 2745 944 2808 Homer.
967 2749 1005 2810 ll.
1024 2765 1054 2818 a,
1071 2759 1154 2828 853.
1168 2770 1201 2832 p.
1217 2769 1262 2810 m.
1281 2764 1365 2830 275.

331 2849 416 2912 etad
432 2845 563 2926 Dionyl.
579 2869 611 2908 v.
623 2850 708 2930 456.
729 2847 875 2908 fimilium
891 2848 1042 2931 adpositis
1057 2851 1219 2934 exemplis,
1242 2851 1296 2912 etsr
1313 2853 1369 2914 alii

333 2963 442 3012 contra
455 2949 493 3010 alr
514 2947 578 3032 ipla
594 2949 672 3011 urbe
689 2947 786 3011 cerasa
802 2949 883 3010 dicta
900 2950 1033 3021 volunt,
1060 2953 1100 3014 de
1122 2971 1186 3034 quo
1202 2953 1368 3036 deincepe.

331 3044 436 3114 Πόλιν
452 3045 627 3136 Ἑλληνίδα
648 3063 764 3112 vocant
781 3051 890 3130 Scylax
911 3071 943 3134 p.
956 3071 1001 3114 na.
1017 3065 1075 3130 33.
1098 3067 1131 3116 et
1150 3053 1281 3116 Diodor.
1300 3055 1367 3119 Sic,

337 3163 393 3236 14.
413 3166 471 3232 3⁰·
497 3153 550 3234 qui
566 3153 654 3214 addit
669 3148 839 3216 Σινωπέων
864 3143 1018 3224 ἄποικον,
1041 3152 1291 3216 adsentientibus
1307 3156 1372 3219 tte-

332 3253 502 3337 nophonte
525 3255 564 3316 de
584 3275 656 3338 exp.
676 3266 709 3331 5.
734 3267 766 3332 3,
791 3263 826 3336 4.
858 3266 890 3314 et
912 3255 1041 3316 Arriano
1065 3257 1098 3316 in
1121 3257 1244 3340 periplo
1266 3257 1372 3322 Ponti

333 3357 416 3419 Euat.
438 3375 471 3438 p.
491 3371 545 3430 17.
564 3354 664 3418 lludl.
696 3348 857 3442 Ποντικὴν
878 3348 973 3418 πόλιν
994 3369 1088 3418 vocat
1107 3357 1287 3420 Eullethiue
1302 3362 1371 3426 αἱ.

334 3457 499 3522 civitatem
520 3457 621 3528 Ponti
633 3457 762 3519 Servius
782 3457 820 3517 ad
839 3455 947 3540 Virgil.
967 3455 1083 3542 Georg.
1103 3476 1134 3529 a,
1155 3468 1208 3534 ¹8·
1232 3463 1371 3542 propina

334 3560 370 3622 in
385 3557 503 3627 Ponto,
529 3559 583 3638 qni
601 3557 671 3642 poll
685 3557 928 3618 Polemoniacus
947 3558 1049 3621 dictata
1064 3559 1123 3630 ell.
1149 3562 1232 3620 locat
1252 3561 1371 3624 Hiero·

335 3661 398 3725 cler
418 3677 487 3742 pag.
509 3673 592 3734 702.
614 3660 647 3720 in
669 3659 868 3742 Cappadocia
890 3658 1026 3722 Ptolem.
1046 3671 1079 3736 5,
1097 3661 1130 3724 6.
1157 3661 1242 3742 qnod
1260 3683 1300 3724 ex
1323 3664 1370 3725 di-

335 3759 422 3827 verla
444 3757 652 3845 descriptione
675 3757 799 3828 diverso
821 3771 965 3842 tempore
979 3757 1057 3822 lacta
1074 3761 1296 3844 explicandum
1314 3765 1369 3831 eil.

336 3862 500 3932 Colchidis
516 3868 590 3924 utto
608 3879 770 3923 vocatura
789 3859 936 3944 Xenoplt.
954 3880 980 3924 c.
996 3861 1017 3924 l.
1048 3883 1086 3925 ex
1102 3882 1167 3946 quo
1188 3865 1283 3925 etiarn
1304 3887 1370 3930 ma·

335 3969 475 4033 ritirnam
496 3965 609 4028 urbem
632 3963 720 4025 inille
742 3963 867 4045 adparet
884 3975 918 4038 5,
938 3977 971 4038 7.
988 3982 1015 4024 c.
1035 3963 1057 4026 l.
1084 3964 1139 4026 nbi
1161 3963 1248 4045 plura
1269 3966 1310 4029 de
1333 3989 1369 4033 ea

335 4081 511 4138 narrantur.
562 4067 707 4130 lmtotnit
729 4065 881 4135 maxime,
906 4075 938 4124 et
959 4065 1031 4126 ideo
1052 4063 1133 4129 forte
1156 4064 1267 4127 Noller
1287 4071 1369 4132 inln·

334 4177 426 4244 llretn
451 4184 557 4244 vocat.
592 4169 678 4256 quod
701 4163 797 4233 cerasa
815 4165 891 4228 inde
912 4177 984 4229 ante
1006 4166 1167 4252 incognita
1189 4167 1223 4229 in
1246 4169 1368 4235 ltaliam
