2852 4946
380 398 445 472 444
651 395 814 456 NOTAE
855 397 1158 460 uxuouatcur.

381 587 473 633 utve.
518 569 570 633 Dc
584 587 662 633 vero
679 569 819 634 Caucaso
840 572 923 635 male
939 573 1004 636 huc
1023 573 1062 636 ab
1079 573 1244 638 Alexandri
1259 569 1390 646 militibus

379 671 530 734 translato
545 671 723 742 adfirmant,
747 672 859 735 Strabo
879 694 933 737 ιι.
954 695 988 758 p.
998 687 1082 757 548.
1093 674 1115 740 s.
1125 678 1210 754 506.
1225 675 1268 738 sn.
1287 671 1388 754 etpost.

379 774 503 839 Arriau.
520 773 560 834 de
576 792 647 855 exp.
666 773 752 834 Alex.
769 783 802 850 5.
819 787 852 850 5,
869 783 903 852 4.
928 789 961 837 et
983 777 1017 836 in
1041 778 1142 841 lodic.
1164 797 1229 859 cap.
1245 791 1275 839 2.
1295 775 1390 854 allique

377 876 486 960 plures
508 876 644 936 omnino
664 873 717 936 hic
732 873 906 937 Caucasum
925 892 1182 940 commemorant
1199 898 1269 941 curu
1286 875 1389 941 Nouo.

377 989 415 1038 ut
436 975 560 1038 Pliniue
578 985 611 1052 5,
630 989 688 1051 27.
717 977 751 1047 6.
769 989 829 1053 23.
854 974 875 1038 s.
893 989 951 1038 uo.
986 977 1117 1041 Curtlue
1133 991 1167 1058 3.
1189 997 1221 1066 9.
1245 991 1275 1058 5.
1299 989 1328 1040 et
1346 973 1390 1036 ubl

376 1079 461 1141 mele
478 1077 587 1139 miscet
605 1091 638 1152 7,
656 1091 689 1154 5,
706 1094 765 1141 21.
792 1077 952 1141 Plutarch.
967 1077 1002 1139 in
1018 1093 1096 1142 orat.
1118 1097 1152 1144 2.
1175 1083 1214 1143 de
1229 1077 1390 1142 fortitudine

376 1181 468 1243 Alex.
483 1199 515 1261 p.
531 1199 576 1240 m.
593 1191 677 1258 325.
709 1177 843 1258 Dionys.
860 1201 893 1242 v.
915 1189 1021 1260 1134.
1049 1181 1162 1265 ibique
1183 1179 1349 1244 Eullutlriut
1365 1188 1391 1236 et

377 1281 414 1343 ad
433 1281 567 1342 Homer.
586 1280 622 1342 ll.
642 1295 675 1350 2·
694 1292 778 1359 735·
796 1299 828 1362 P·
845 1301 890 1344 m.
906 1292 991 1359 251.
1030 1285 1157 1346 Eodem
1171 1283 1269 1345 modo
1282 1281 1391 1344 Alexan·

376 1383 427 1444 dri
450 1381 569 1443 militee
593 1382 755 1452 laxarten,
780 1383 1013 1466 Sogdianorum
1038 1385 1161 1448 flumen
1185 1385 1300 1446 Tanain
1320 1395 1392 1464 pult·

375 1495 453 1546 runt
465 1495 498 1544 et
514 1482 729 1564 adpellarunt,
755 1485 805 1542 uti
830 1497 942 1546 monet
958 1485 1082 1548 Pliniue
1099 1489 1133 1557 6.
1158 1499 1211 1563 13.
1225 1485 1245 1549 s.
1267 1487 1317 1549 26.
1338 1481 1391 1544 alli·

375 1603 449 1666 que.
470 1584 556 1645 unde
577 1585 609 1643 in
626 1602 746 1646 errores
759 1585 889 1665 quidam
906 1587 1036 1648 deducti
1051 1586 1135 1650 sunt.
1169 1585 1220 1651 Cs.
1237 1585 1310 1647 insra
1324 1585 1390 1650 adr,

381 1705 437 1766 19,
461 1697 511 1764 18.
538 1698 571 1748 et
594 1686 779 1747 Hardulnue
800 1685 837 1746 ad
863 1687 946 1750 Plln.
962 1708 989 1751 c.
1005 1689 1026 1750 l.
1079 1689 1216 1756 Cautius
1235 1685 1286 1750 alii
1301 1695 1390 1768 agunt,

368 1808 393 1850 a
411 1788 545 1870 quibus.
569 1801 641 1848 uter
661 1807 755 1849 mone
775 1787 1018 1872 intelligendus,
1044 1791 1176 1853 adiectis
1191 1789 1294 1851 verbio
1312 1784 1391 1846 decla·

374 1902 471 1952 ratur.
523 1890 572 1951 lta
589 1883 713 1950 Pliniue
734 1890 768 1960 6,
792 1903 851 1968 25.
870 1889 889 1950 s.
909 1907 967 1953 20.
998 1893 1114 1953 Indum
1133 1891 1259 1954 effundi
1276 1892 1308 1951 in
1329 1889 1390 1968 iugo

374 1988 502 2056 Caucasr
517 1992 648 2061 muntia,
673 1991 760 2072 quod
782 2005 913 2053 vocetur
931 1991 1151 2075 Paropamisos
1173 1993 1286 2056 eodem
1300 1987 1388 2054 modo.

373 2111 439 2177 quo
460 2093 580 2154 Arrian.
604 2093 644 2155 de
670 2092 784 2175 exped.
808 2092 897 2156 Alex.
914 2093 961 2155 M.
980 2106 1012 2171 5.
1036 2107 1067 2174 5.
1091 2092 1111 2158 s.
1133 2107 1168 2173 5.
1189 2105 1226 2175 4.
1240 2097 1283 2156 in.
1304 2089 1389 2151 sontet

366 2197 444 2259 ‚eiue
463 2193 599 2255 ostendit
619 2195 653 2256 iu
671 2191 871 2276 Paropamiso
891 2196 943 2256 vel
966 2191 1113 2267 Caucaso,
1141 2216 1240 2280 quern
1263 2189 1389 2278 pollutiu-

374 2317 444 2359 rem
465 2295 519 2356 hic
545 2293 646 2357 solum
670 2309 904 2358 commemorat
926 2295 1058 2358 Curtius
1080 2309 1112 2375 5.
1135 2317 1171 2378 9.
1198 2312 1231 2377 5.
1279 2282 1387 2356 Ἰνδικὸν

372 2386 553 2474 Καύκασον
575 2397 654 2459 dicit
675 2395 855 2458 Eullathiue
869 2398 907 2458 ad
926 2397 1059 2460 Homer.
1078 2418 1104 2460 c.
1130 2399 1153 2462 l.
1205 2399 1290 2460 Bene
1309 2395 1386 2456 etlam

372 2499 499 2561 monito
514 2499 658 2579 providit
672 2499 822 2559 Arrianus
837 2511 870 2576 5.
888 2510 920 2576 5.
943 2518 1008 2580 quo
1025 2497 1110 2562 sensu
1126 2498 1298 2562 Caucasum
1316 2489 1387 2556 intel·

372 2601 491 2661 lectum
515 2598 621 2661 vellet.
673 2601 720 2660 lta
738 2619 814 2660 vero
833 2600 960 2684 proprie
975 2619 1031 2662 eos
1050 2616 1180 2664 montee
1197 2613 1319 2664 vocator
1331 2591 1385 2660 elle·

371 2702 430 2782 qni
445 2697 483 2762 ab
498 2697 579 2760 drile
594 2709 782 2772 excurrunt,
808 2703 903 2762 tradit
922 2699 1035 2763 Strabo
1057 2721 1110 2766 tr.
1132 2723 1167 2786 p.
1187 2716 1270 2781 352.
1286 2699 1304 2762 s.
1319 2711 1385 2773 511·

371 2803 436 2867 Alii
451 2801 541 2862 aliter
561 2801 735 2883 explicant,
761 2815 795 2865 et
811 2801 953 2864 referunt
972 2803 1010 2864 ad
1026 2803 1273 2885 Paropamisum,
1293 2797 1386 2886 (durit-

372 2925 446 2973 nue,
464 2903 597 2972 Plinius,
619 2917 710 2966 antea
726 2906 841 2981 notati)
866 2905 903 2965 ad
920 2905 1056 2974 Imaum,
1073 2904 1219 2982 (Oroliur
1238 2905 1324 2978 1‚2.)
1347 2891 1385 2956 tel

372 3002 623 3087 Paropamttum
647 3007 772 3068 lmaum
785 3019 817 3069 et
835 3005 1033 3068 lsetuodum.
1058 3005 1254 3084 (Euslathiue
1271 3004 1306 3065 ad
1327 2999 1386 3060 utu

372 3106 442 3189 nys.
458 3127 491 3168 v.
513 3109 634 3186 1153.)
686 3107 824 3191 Adparet
840 3107 931 3176 inde.
955 3119 1069 3188 quanta
1087 3105 1122 3166 lrt
1142 3121 1285 3170 vetemm
1301 3113 1386 3164 aucto·

371 3229 444 3273 rum
461 3211 495 3268 in
513 3207 697 3270 deliniendo
716 3209 781 3271 stoc
798 3207 935 3272 Caucaso
959 3207 1182 3280 inconstantia,
1216 3213 1387 3290 quantaequt

370 3314 406 3374 in
422 3309 518 3372 rebue
533 3307 760 3394 Geogruphicie
775 3309 888 3372 lterum
903 3311 1073 3394 regionum
1094 3309 1200 3373 turbae
1215 3308 1331 3370 dederit
1346 3317 1386 3362 er·

370 3411 496 3499 poditio
516 3409 695 3472 Alexandri.
748 3411 843 3474 Plura
864 3413 1072 3494 conlegerunt
1088 3411 1247 3494 Goropiue
1261 3411 1292 3471 in
1309 3403 1386 3468 ludo·

370 3510 528 3594 scythiclo
550 3531 582 3593 p.
596 3521 683 3589 475.
709 3511 850 3576 Raderue
865 3513 902 3574 ad
918 3513 1009 3576 Curt.
1025 3527 1057 3590 7,
1077 3525 1108 3593 5.
1135 3529 1189 3594 ¹9·
1215 3525 1247 3574 et
1266 3511 1385 3588 uayems

371 3617 412 3678 de
439 3629 533 3676 nturo
557 3611 713 3675 Caucaleo
741 3615 776 3674 in
804 3614 964 3698 opusculis
990 3633 1024 3696 p.
1046 3627 1114 3694 ¹¹5
1132 3612 1193 3695 sqq.
1218 3627 1250 3674 et
1271 3633 1301 3696 p.
1317 3611 1384 3678 2⁰8·

370 3718 423 3779 De
438 3713 590 3794 Scythico
606 3711 742 3778 Caucaso
754 3716 821 3779 vicl.
838 3713 919 3778 insta
933 3717 972 3777 ad
994 3735 1023 3787 ι.
1044 3733 1098 3796 ι9.
1121 3729 1175 3796 ι5.
1198 3731 1232 3779 ut
1245 3715 1284 3776 de
1302 3711 1385 3771 Part·

370 3806 495 3908 pumt'so
517 3815 557 3877 ad
579 3827 611 3896 3,
635 3831 667 3890 7,
687 3815 723 3878 6.

451 4007 632 4108 Caspiae
662 4015 809 4100 pylae)
859 4019 951 4104 Quae
983 4017 1126 4082 Mediam
1160 4019 1199 4081 ab
1231 4013 1337 4096 Assyria
1357 4015 1384 4065 et

372 4119 488 4185 vicinio
509 4118 695 4206 regionibus
717 4117 907 4206 separabant.
933 4131 966 4186 et
981 4123 1015 4184 in
1032 4121 1200 4188 Alexandri
1216 4119 1262 4184 Μ.
1277 4105 1382 4200 expedi·
