2764 4954
156 414 371 475 rurorrr.
400 413 509 472 unt.
550 412 633 472 ut
676 413 785 476 ext.
829 413 907 484 ss.
987 409 1053 490 562

44 606 101 648 rem
127 585 295 651 annalibus
320 601 437 650 notam
468 581 567 648 dicat.
616 581 817 670 Intelligitur
845 601 956 650 autem
991 589 1056 652 sure

47 686 130 750 dnbio
143 689 187 750 M.
203 687 362 752 Aemilius
379 690 532 760 Scaurus,
557 683 615 772 qui
636 688 759 754 Consul
780 685 845 750 fuit
865 709 894 751 a.
914 710 947 750 u.
972 691 1056 766 638.

46 805 102 851 eta
121 786 277 854 Cicerone
298 791 392 874 saepe
413 805 702 853 commemoratur.
743 791 845 852 Recte
867 787 969 874 igitur
982 791 1057 853 Vos·

46 893 93 952 Iius
105 908 227 965 mouet,
254 893 379 956 Melam
396 890 545 958 secutum
562 890 623 954 elle
645 906 795 954 auctores
811 893 973 963 Graecos,
1000 888 1059 976 qui

45 989 72 1052 id
88 991 286 1078 scripserant,
321 1008 498 1078 antequam
519 989 575 1054 illa
598 991 660 1054 ossa
676 994 817 1054 Romam
837 993 936 1056 essent
957 1008 1059 1054 trans·

45 1095 111 1170 lata;
144 1110 175 1158 et
197 1098 240 1158 sic
263 1096 352 1157 serva
373 1093 439 1156 side
459 1113 643 1180 parumque
664 1091 891 1184 curioseflegit.
942 1095 1060 1180 Neque

45 1193 119 1258 enim
131 1194 203 1282 quis
225 1191 435 1259 contenderit
448 1193 517 1278 poll
532 1193 646 1258 Scauri
665 1193 868 1257 aedilitatem
884 1197 986 1279 Iopen
1010 1215 1060 1257 re·

45 1312 121 1360 recu
142 1295 254 1380 fuisse,
283 1313 323 1360 ut
345 1311 460 1359 monet
481 1297 652 1358 salmafius
673 1294 709 1358 in
732 1293 835 1360 Solin.
856 1319 890 1382 p.
913 1319 957 1358 m.
973 1307 1059 1377 4⁰5·

42 1395 115 1460 IIinc
126 1396 235 1462 verius
252 1395 309 1460 alii
327 1395 391 1460 alia
403 1394 538 1481 vestigia
554 1413 825 1470 commemorant,
842 1398 1062 1462 Andromedae

44 1501 169 1574 vincula,
202 1516 243 1562 ut
262 1496 392 1562 Plinius
413 1511 447 1577 5,
474 1509 527 1579 ι4.
551 1499 573 1562 Γ.
601 1515 655 1576 13.
690 1499 845 1584 Iosephus
863 1499 904 1562 de
925 1503 963 1562 B.
987 1499 1060 1562 Iud.

46 1613 72 1676 3,
89 1619 119 1680 9,
144 1619 175 1680 5.
210 1599 316 1674 Solio.
335 1621 363 1664 c.
386 1603 408 1662 l.
459 1602 546 1663 Saxa
566 1615 695 1663 tantum
719 1601 775 1664 suo
799 1617 946 1686 tempore
967 1621 1061 1664 mon·

44 1698 117 1764 suari
135 1700 293 1788 potuisse,
326 1698 446 1787 quibus
468 1698 612 1786 adligata
632 1699 734 1765 suerit
749 1705 877 1787 puella,
911 1701 1063 1765 adfirmat

5 1851 6 1860 ,
44 1799 249 1886 Hieronymus
265 1804 307 1866 ad
326 1805 428 1865 Ionae
450 1823 521 1888 cap.
544 1825 573 1866 r.
608 1801 709 1866 Addit
728 1801 817 1866 aliud
833 1801 1008 1866 Pausanias
1024 1813 1061 1882 4,

45 1915 92 1980 35.
110 1905 291 1988 &sontem
313 1901 432 1966 rutilae
454 1923 577 1990 aquae,
608 1902 703 1968 cuius
724 1904 853 1968 causam
874 1907 1005 1968 accolae
1022 1925 1063 1966 ex

5 2069 6 2072 ¹
45 2004 151 2069 deterso
172 2009 305 2070 belluae
322 2001 448 2068 occisae
469 2025 588 2068 cruore
608 2021 770 2090 repetant.
820 2002 997 2068 Penzelius
1021 2005 1064 2066 ad

5 2121 6 2126 ’
44 2106 176 2171 strabon.
191 2109 265 2171 Vol.
280 2117 316 2188 4.
336 2128 369 2191 p.
391 2121 497 2184 2303.
531 2127 571 2170 ex
594 2103 736 2170 Eusebio
759 2107 780 2169 s.
802 2129 833 2169 r.
853 2108 1001 2170 Ilezatba
1022 2105 1065 2167 ad

5 2189 6 2208 ¹
45 2205 133 2290 sagus
164 2211 266 2272 rubra
293 2207 448 2270 transfert
473 2227 576 2294 prope
601 2206 846 2288 Hierosolyma,
880 2203 1063 2292 inquibus

44 2305 175 2374 victimas
194 2329 338 2396 purgare
361 2309 517 2373 solebant.
566 2311 618 2372 De
638 2307 707 2395 ipso
724 2312 799 2372 Ioco
821 2325 916 2372 antea
936 2307 1066 2372 (lictum

45 2407 85 2473 eu
117 2409 249 2476 Plinius
269 2426 379 2474 tamen
396 2421 430 2488 5,
450 2420 508 2492 54.
525 2409 545 2472 Γ.
563 2427 620 2489 5ι.
641 2427 718 2474 aute
738 2414 841 2497 Iopen
864 2411 905 2474 ad
923 2408 1065 2474 insulam

46 2512 161 2576 Parium
191 2509 309 2599 ponit,
343 2532 443 2597 quam
476 2509 613 2599 quidem
645 2513 768 2576 Vosslus
799 2515 926 2576 nullam
957 2529 1063 2598 putat,

46 2611 258 2680 Schwartsius
280 2613 321 2676 ad
339 2610 520 2676 Cellarium
541 2611 578 2677 in
595 2615 714 2700 Geogr.
738 2629 803 2678 unt.
820 2617 860 2677 T.
881 2639 909 2678 1.
930 2637 963 2699 p.
978 2625 1064 2694 445.

22 2779 32 2792 ,,
47 2731 77 2776 ot
89 2717 143 2778 usu
156 2719 305 2780 Graecae
328 2711 421 2778 vocis
441 2717 535 2803 νῆσος
557 2715 598 2778 de
624 2715 698 2778 saxo
721 2713 888 2779 eminente
911 2713 1065 2800 explicat,

48 2829 72 2875 et
90 2833 172 2881 certe
199 2817 358 2901 Iosephus
382 2837 410 2878 c.
434 2819 456 2879 l.
485 2816 616 2879 fabulae
640 2815 775 2901 vestigia
803 2815 839 2879 in
866 2815 1005 2900 rupibus
1032 2831 1067 2879 et

48 2913 111 2979 saxis
131 2915 356 2981 eminentibus
378 2914 524 2980 inveniri
544 2915 666 2981 scribit.
718 2919 843 2981 Frustra
860 2917 962 3002 igitur
985 2921 1066 2981 Har·

49 3015 150 3083 duinus
175 3021 219 3083 ad
246 3015 395 3082 Plinium
413 3039 441 3082 c.
463 3021 485 3082 l.
520 3020 587 3082 buc
621 3019 761 3083 advocat
792 3022 950 3082 Parianus
977 3019 1066 3102 apud

48 3117 153 3204 loseph.
177 3121 215 3184 in
240 3117 365 3205 antiqu.
386 3119 459 3182 Iud.
481 3129 535 3200 ι4,
559 3141 614 3192 ιο,
633 3130 666 3197 8.
698 3118 822 3206 quippe
839 3117 898 3206 qui
916 3141 956 3182 ex
976 3140 1067 3182 nexu

49 3219 80 3279 ad
93 3219 214 3286 incolas
230 3218 309 3287 Pari
333 3219 457 3284 insulae
472 3219 588 3284 referri
611 3222 751 3302 debent,
783 3224 838 3284 etsr
852 3218 1068 3304 Apollonium

49 3336 123 3385 notat
142 3325 330 3410 Stephanus
348 3323 369 3385 s.
385 3345 416 3385 v.
439 3316 565 3412 Πάρος,
592 3322 683 3408 quod
698 3323 857 3385 Parianus
873 3341 933 3405 pro
950 3323 1068 3385 Parios

48 3418 157 3530 dixerit.
209 3421 407 3489 Praeiacens
430 3423 542 3488 saxum
568 3420 668 3486 etiam
692 3421 773 3487 alibi
798 3427 853 3504 (5,
874 3421 968 3506 ι4.Γ.
991 3427 1067 3506 15.)

48 3538 75 3584 ur
89 3525 146 3591 bac
165 3526 279 3591 sabula
300 3541 539 3591 commemorat
553 3522 695 3590 Plinius.

108 3727 291 3814 belluae)
341 3725 397 3794 Sic
420 3744 453 3792 et
473 3726 530 3792 alii
553 3726 690 3814 quidam
712 3725 849 3794 omniuo
865 3745 1005 3804 vocant,
1030 3743 1070 3793 ut

51 3823 171 3895 Ovidius
192 3833 329 3895 Metam.
349 3842 386 3912 4,
409 3832 492 3908 688.
525 3829 611 3894 Pliu.
630 3845 664 3910 5,
688 3841 745 3912 54.
762 3831 783 3894 Γ.
801 3847 858 3909 5ι.
892 3849 927 3912 9,
946 3843 979 3908 5.
996 3830 1067 3908 Γ.4.

53 3925 138 3995 Solio.
155 3955 227 4022 cap.
244 3949 302 4011 37.
319 3932 340 3995 s.
358 3943 416 4013 54.
452 3929 643 3995 Lactantius
663 3931 818 3996 Placidus
835 3952 864 3994 c.
881 3935 902 3994 l.
932 3934 987 3994 vel
1007 3950 1067 4014 pro

52 4045 83 4087 ⁸⁰
94 4024 200 4121 feram
224 4031 385 4113 (Ovidius
407 4035 542 4097 Metam.
565 4044 601 4112 4,
626 4038 731 4114 707.)
759 4031 929 4124 monstrum
950 4033 1067 4114 pelugi.

51 4119 262 4203 (Germanicus
284 4133 322 4200 in
335 4129 463 4204 Arateis
483 4157 516 4200 r.
536 4140 633 4217 545.)
679 4130 746 4200 Alli
769 4147 871 4199 cotum
891 4130 985 4198 Iullse
1006 4149 1069 4198 tra·
