2764 4954
160 329 209 389 ret
235 329 370 386 rona.
401 327 509 384 ner.
552 325 633 384 ιι.
675 325 782 388 orac
823 325 902 402 tq.
997 335 1059 402 27³

46 502 121 566 huiue
133 501 251 586 rapitie.
283 501 390 584 Quam
405 499 660 564 adfirmationem
676 501 773 564 etiam
788 498 928 586 agnoscit
944 501 1055 568 lollio.

47 618 71 672 tt.
89 624 112 666 t.
130 602 178 666 tet
194 625 233 666 er
248 605 307 665 alia
322 599 418 672 caula,
435 621 554 686 nempe
567 619 606 662 ex
623 615 767 686 tempore
786 601 856 664 lolia
871 615 903 664 et
918 601 1057 686 frigorie.

46 723 63 768 1.
82 723 264 768 eaorovtre
283 705 360 767 MS.
425 699 574 788 haltingit
599 703 653 764 hic
679 705 870 786 opinionem
897 717 1058 776 veterum.

45 793 106 885 quae
125 821 156 868 et
175 807 269 890 ipliua
291 819 392 868 aetate
415 806 595 866 multorum
616 805 732 867 animie
756 805 925 874 insidebat,
958 805 1057 870 hodie

46 909 131 968 acriter
144 906 316 992 explolarn,
341 927 379 970 er
396 906 566 990 putredine
584 905 637 968 uel
652 907 731 968 limo
748 907 893 968 animalia
910 908 998 970 oriri.

179 1113 211 1190 ς.
239 1119 276 1188 4.
320 1098 484 1199 Crescit
509 1107 651 1188 porro)
686 1107 833 1172 Breviter
848 1121 881 1172 et
896 1109 1058 1194 eleganter

46 1208 88 1272 lac
108 1210 287 1275 recenlione
309 1209 378 1270 Nili
401 1207 566 1272 crescentie
592 1211 694 1272 variae
723 1209 825 1274 caulae
851 1209 1058 1293 persequitur,

46 1311 73 1370 de
91 1313 201 1393 quihue
230 1313 366 1374 omnino
393 1311 488 1372 multi
513 1323 660 1372 veterum
688 1311 916 1392 exposuerunt,
958 1315 992 1374 in
1019 1315 1059 1376 iia

47 1412 177 1477 herodot.
202 1429 236 1485 a,
264 1411 366 1494 eosq.
399 1413 536 1476 Diodor.
564 1433 592 1481 t.
617 1424 676 1490 58.
711 1413 836 1475 Lucret.
854 1415 888 1483 6.
906 1427 977 1490 715
995 1412 1058 1497 qu.

47 1513 139 1576 Seneca
159 1529 264 1576 natur.
288 1515 353 1596 Qu.
378 1526 411 1598 4.
439 1532 469 1576 e.
510 1513 628 1576 Lucan.
655 1532 710 1584 to,
735 1529 805 1592 219
825 1511 887 1596 sqq.
921 1515 1006 1578 Plin.
1026 1529 1059 1592 5,

50 1633 89 1676 to.
102 1614 120 1678 l.
137 1635 169 1696 9.
197 1616 302 1678 Solin.
317 1633 343 1677 c.
361 1629 418 1694 32.
436 1613 456 1676 l.
470 1627 528 1695 35.
556 1615 718 1676 illumian.
737 1629 794 1684 22.
818 1629 871 1694 15.
899 1615 1058 1681 Plutarch.

48 1714 75 1775 de
91 1718 206 1797 planitie
226 1713 409 1798 philosoph.
425 1727 459 1796 q,
480 1735 510 1778 t.
542 1715 703 1778 Scholiall.
726 1716 877 1798 Apollon.
894 1717 1000 1778 lihorl.
1019 1719 1060 1780 ad

49 1825 70 1890 l.
85 1819 155 1904 269.
179 1819 237 1901 qui
253 1820 349 1880 etiarn
370 1819 448 1878 alioe
469 1829 666 1888 memorant;
692 1814 820 1897 poliunt
836 1819 881 1878 illi
902 1819 940 1879 ad
958 1816 1062 1882 obier-
1153 1873 1155 1878 ,

48 1921 156 1982 tandem
176 1919 370 1983 elocutionis
388 1919 573 1980 varietatem
595 1918 716 1978 utiliter
731 1919 814 1978 inter
830 1917 860 1980 le
874 1921 1060 2001 comparari.

49 2015 130 2082 Plures
158 2025 259 2084 etiam
293 2021 485 2081 recentioree
514 2020 547 2078 in
575 2017 639 2100 ipsa
671 2017 831 2080 caularum
863 2021 1063 2084 enarratione

51 2120 237 2204 interponam.
274 2121 371 2184 'Snnt
394 2140 432 2181 ex
452 2119 594 2181 instituto
620 2120 731 2182 ordine
754 2119 831 2182 hae:
874 2117 907 2202 r)
932 2121 1063 2184 Solntao

51 2218 268 2306 inlethiopiae
289 2221 455 2284 montibue
475 2221 577 2283 nivea.
629 2221 686 2290 lta.
712 2221 829 2284 Seneca
852 2219 936 2292 telle,
963 2223 1066 2286 exilii·

52 2325 124 2386 navit
142 2345 219 2386 curn
236 2328 422 2407 Anaxagora
442 2323 548 2384 ornnie
568 2321 721 2392 vetullae.
753 2325 943 2384 nominatim
966 2326 1064 2386 etiam

31 2423 212 2507 *Aeschylum
241 2425 434 2508 Sophoclea.
460 2423 644 2505 Euripides.
674 2424 763 2486 cuiue
786 2423 891 2487 versuo
909 2425 1065 2488 exhibent

32 2535 33 2573 l
56 2520 186 2590 iliodorue
208 2541 244 2590 et
265 2525 449 2590 Scholiallee
472 2525 645 2606 Apollonii.
698 2523 852 2586 llelutant
876 2527 1064 2590 Herurlotue

33 2603 34 2639 ¹
56 2637 76 2680 tt
90 2629 215 2702 Seneca,
253 2628 306 2688 etii
329 2641 458 2710 propter
485 2628 577 2688 nivee
598 2622 791 2688 refutatione
815 2647 881 2688 non
903 2647 985 2711 opue
1003 2627 1064 2692 elle

58 2723 142 2792 indicat
158 2729 335 2794 Diorlorna.
389 2729 432 2789 Et
447 2726 485 2788 stc
507 2727 643 2788 omnino
664 2729 767 2789 reiicit
784 2729 983 2794 Ammianus.
1021 2731 1066 2792 tlt

59 2833 195 2895 tecnivee
217 2829 253 2892 in
278 2829 460 2898 montibus.
487 2847 547 2888 nec
566 2829 754 2910 grandinem
776 2829 872 2898 arleo.
898 2831 953 2892 etli
973 2833 1067 2894 rario-

60 2940 102 2988 trn
120 2931 218 2994 deeffe
243 2931 410 2992 adfirmant
430 2925 586 2990 Ludoliua
609 2930 644 2988 in
663 2928 731 2992 hill.
750 2928 899 3012 Aethiop.
920 2950 949 3001 r.
972 2945 1005 3008 5.
1032 2943 1067 2993 et

61 3022 123 3093 labo
140 3035 171 3094 in
194 3032 268 3096 hill.
289 3027 419 3093 hhiffin.
436 3051 469 3112 p.
491 3039 572 3108 141.
627 3029 740 3112 Neque
757 3043 864 3094 tamen
887 3033 962 3094 inde
981 3045 1067 3095 tanta

62 3141 146 3196 litam
164 3135 316 3196 diuturna
337 3132 511 3194 exundatio
528 3130 664 3214 intelligi
684 3131 802 3213 potest,
833 3134 920 3214 quod
945 3147 1068 3214 praeter

63 3227 228 3297 tliantonuit
245 3233 374 3295 Seneca.
431 3231 466 3316 e)
491 3232 575 3296 Solie
590 3251 606 3293 a
621 3231 711 3294 fonte
726 3253 782 3313 per
796 3235 940 3296 aellatenr
957 3233 1069 3296 distan-

44 3325 203 3408 'horton
229 3336 317 3398 unde
333 3331 530 3416 pleniil‘tmue
551 3333 605 3394 ille
630 3332 752 3418 [urgere
775 3347 851 3396 tunc
870 3329 977 3417 poffit.
1015 3337 1070 3399 Sie

66 3435 134 3497 etalii
151 3439 237 3501 varie
261 3434 383 3497 caulam
402 3437 436 3496 in
453 3435 561 3497 Solem
578 3436 744 3506 reiicinnt,
776 3449 811 3494 ut
831 3436 1014 3498 Herodotue
1037 3453 1069 3508 e,

69 3541 168 3615 2425.
203 3539 370 3621 Diogenes
391 3537 624 3618 Apolloniates,
650 3535 790 3614 (Seneca
806 3557 832 3599 e.
851 3537 872 3599 l.
906 3537 1069 3604 Scholiast.
1112 3545 1116 3551 ’

68 3629 180 3710 lpotton.
196 3659 225 3703 c.
241 3640 284 3716 l.)
310 3639 472 3709 Timaeus,
497 3638 602 3715 (Plio.
620 3656 646 3700 c.
665 3637 709 3714 l.)
735 3637 867 3708 Ariston,
894 3637 1071 3720 (Scholiast.
1125 3651 1134 3664 '

69 3731 139 3810 lpott.
153 3761 180 3804 c.
195 3738 233 3823 l.)
260 3741 395 3802 Ennine.
418 3737 616 3821 (Scholiastee
634 3738 755 3798 Lucani
776 3757 829 3808 ro,
847 3735 945 3821 252.)
982 3742 1071 3801 Turn

72 3845 118 3896 tero
138 3842 222 3904 idem
244 3843 279 3902 in
301 3841 369 3902 aliie
393 3840 511 3920 Libyae
537 3839 645 3902 liuviie
669 3840 811 3908 eveniat.
849 3842 934 3920 quud
959 3854 1073 3904 monet

73 3925 211 4012 liodorus.
238 3954 275 4002 ut
291 3954 482 4024 praeteream
497 3941 571 4014 alia,
598 3961 680 4022 quae
693 3953 727 4004 et
742 3954 852 4002 contra
868 3940 1073 4004 tteroeotum
1162 3997 1174 4010 ,

73 4033 150 4102 titulit
170 4043 321 4108 Aristidee
343 4045 383 4106 T.
403 4061 435 4108 e.
460 4063 492 4126 p.
510 4063 555 4106 m.
575 4053 661 4124 341.
715 4037 752 4127 5)
781 4042 902 4106 Eteliae
928 4057 1075 4127 actaeque

101 4151 177 4236 Pomp·
195 4161 289 4221 Mete.
309 4159 425 4235 Exegit.
442 4160 478 4216 L.
498 4160 521 4217 l·
782 4144 803 4207 S
