2764 4958
156 377 521 437 retroierunt.
561 375 641 434 ιι.
683 373 818 436 cvm.
859 370 937 444 or.
1008 383 1071 451 ωδ

35 555 157 616 Lucano
175 569 213 632 9,
234 547 344 632 513.)
369 547 532 612 Hammon
557 547 823 620 Garamanticus:
848 547 994 612 Lucanae
1015 567 1070 618 to.

38 669 89 735 33.
106 655 278 737 Syrticus,-
306 651 500 715 Claudianue
512 651 627 712 rectiue
642 651 675 710 in
689 651 824 732 Eutrop.
836 669 868 720 t,
882 661 962 728 tsso.
978 651 1072 712 Mar·

37 761 177 816 ataricus.
222 753 311 814 Situs
326 771 426 833 prope
441 753 621 836 Aegyptum
644 750 793 832 probatur
812 753 907 812 etiam
925 771 962 816 ex
979 769 1072 832 expe·

34 859 152 918 ditione
177 852 366 932 cambyur,
396 853 431 914 iu
454 872 515 932 qua
542 853 697 914 exercitus
717 851 841 914 Thebis
862 851 969 914 missua
989 855 1073 914 inter

34 959 101 1018 illud
119 973 154 1020 et
173 955 274 1018 Oasin
292 973 454 1014 arenarum
471 953 605 1014 cuntulit
621 951 753 1016 obrutus
770 955 878 1034 periit;
894 953 1073 1030 (Herodot.

35 1074 61 1136 5,
81 1060 165 1134 26.)
204 1057 241 1114 in
267 1056 432 1135 primicer
453 1055 566 1115 itinere
582 1053 670 1114 Alex.
691 1053 738 1114 lis.
765 1055 852 1134 quod
869 1055 907 1115 ad
929 1053 1007 1115 illud
1027 1056 1074 1114 vi·

32 1161 160 1222 lendum
190 1175 211 1218 a
240 1154 419 1217 Mareotide
445 1155 558 1238 palude
589 1152 741 1238 ingressus
767 1155 846 1216 ultra
868 1157 1073 1236 quatriduum

32 1261 170 1342 perfecit.
220 1257 296 1317 vid.
311 1255 432 1317 Arriart.
448 1257 488 1316 de
503 1275 573 1336 exp.
592 1255 682 1316 etex.
701 1268 734 1330 3.
752 1257 796 1317 in.
814 1269 846 1316 et
864 1255 905 1338 sq.
942 1257 1073 1320 Curtius

27 1383 60 1438 a,
75 1381 110 1446 7.
150 1357 298 1420 Diodor.
319 1357 381 1418 Sic.
404 1371 455 1430 17.
472 1367 520 1435 49
539 1354 560 1416 s.
585 1376 624 1418 ex
647 1356 737 1418 cuiue
754 1355 963 1438 descriptione
982 1360 1073 1438 adpa-

31 1479 86 1532 ret.
122 1463 160 1522 in
188 1458 424 1520 mediterranea
445 1476 520 1519 eum
543 1454 740 1540 prosatum,
772 1455 879 1520 versuo
902 1455 1073 1520 meridiem

30 1563 112 1626 fuisse
149 1559 396 1643 Troglodytae,
433 1555 540 1620 versut
574 1555 832 1639 septemtrionem
868 1558 1070 1630 Nasamones,

32 1683 156 1749 gentem
179 1663 363 1740 Syrticam,
387 1658 430 1720 ab
444 1657 576 1721 Oriente
593 1659 776 1741 Aethiopar.
816 1661 949 1722 illucet
970 1663 1073 1742 proxi·
1110 1737 1113 1744 Ι

30 1789 73 1829 ue
97 1783 185 1828 vero
215 1761 304 1844 apud
326 1759 526 1822 Garamantas
552 1779 568 1820 a
592 1761 722 1822 Lucano
745 1779 780 1842 9,
803 1775 887 1840 513.
911 1764 1009 1844 poni.
1038 1764 1073 1824 in

30 1869 89 1930 eiua
103 1864 270 1950 apologia
289 1881 321 1944 p.
337 1872 397 1940 45.
422 1860 526 1923 censet
541 1861 729 1932 Palmeriut‚
757 1861 813 1925 eru
834 1883 947 1924 vetum
966 1863 1073 1925 locum

29 1973 160 2030 omnino
197 1964 343 2048 ignorari
369 1961 527 2024 concedit.
579 1965 617 2024 ln
645 1963 885 2026 mediterraneis
917 1961 1074 2038 consentit

28 2075 116 2132 etiam
133 2063 371 2154 Eratosthenes
385 2065 469 2146 apud
486 2063 634 2126 strabon.
657 2085 686 2128 t.
707 2085 738 2147 p.
759 2075 818 2147 34.
835 2063 856 2126 s.
870 2077 929 2142 5⁰·
955 2067 1010 2146 qui
1032 2077 1075 2124 ta·

28 2193 95 2232 nen
116 2166 325 2233 celebritatis
341 2163 427 2226 causa
445 2165 523 2225 olim
546 2165 584 2226 ad
608 2185 693 2228 mare
715 2166 807 2228 situm
830 2164 917 2227 suisse
939 2178 1074 2248 putarat.

30 2271 72 2334 Cf.
89 2275 197 2334 etiarn
220 2267 262 2328 de
288 2265 345 2326 situ
366 2263 576 2350 Oudendorp.
592 2267 630 2328 ad
652 2267 767 2330 Lucan.
786 2286 819 2348 9.
839 2281 922 2344 512.
940 2279 972 2328 et
988 2279 1074 2344 518.

30 2374 150 2435 Omnes
173 2381 291 2432 autern
313 2369 346 2426 iu
368 2369 435 2428 eiua
456 2368 542 2427 aditu
565 2383 818 2430 commemorant
839 2368 1023 2430 solitudines
1040 2381 1074 2428 et

28 2495 152 2542 nenas,
183 2469 283 2553 trid.
304 2483 394 2528 antea
417 2469 456 2528 de
478 2467 638 2546 Cambysu
656 2467 817 2552 exercitu)
850 2468 945 2552 ipsam
967 2485 1074 2531 tamen

30 2576 133 2638 sedern
167 2571 329 2634 arborum
357 2567 523 2631 densarum
549 2570 671 2632 umbrie
700 2584 732 2632 et
757 2589 906 2652 aquarum
932 2571 1073 2632 dulcium

27 2675 176 2738 lontibus
193 2688 369 2734 amoenam
391 2670 580 2752 praedicant.
632 2671 753 2732 Locum
771 2685 804 2732 et
824 2672 921 2732 hodie
940 2670 1074 2751 quaeste-

26 2793 118 2851 runt;
148 2773 325 2840 Olivariua
338 2769 375 2831 etl
397 2771 467 2860 h.‘l.
488 2771 550 2830 dici
568 2784 656 2852 putat
675 2771 718 2833 El
741 2771 924 2834 Concorron
940 2771 978 2830 de
998 2771 1073 2832 Ma·

25 2882 137 2940 lenta.
188 2873 321 2936 utaitter
339 2893 371 2954 p.
391 2873 460 2949 296
478 2871 518 2952 sq.
542 2872 673 2933 Arabice
691 2871 957 2941 Gonia-Ammon.
984 2873 1074 2936 cuiue

27 2985 138 3042 minae
171 2974 342 3060 pristinam
374 2973 586 3034 celebritatem
622 2975 779 3045 iudicent,
813 2974 866 3036 etsr
894 2974 1005 3056 templi
1030 2993 1072 3036 ne

26 3084 207 3166 uestigium
225 3075 357 3157 quidem
370 3074 559 3156 reperiatur;
584 3075 691 3134 Poitet
706 3075 739 3136 in
753 3076 871 3136 introd.
888 3077 926 3136 ad
944 3077 979 3136 it.
993 3094 1025 3156 p.
1036 3083 1073 3152 4.

27 3183 172 3267 ignorari
189 3175 316 3246 censet,
343 3195 418 3236 curn
437 3189 567 3256 propter
587 3194 693 3240 arenae
713 3176 856 3239 ardenter
874 3175 948 3236 inde
965 3174 1003 3236 ab
1021 3174 1074 3234 ali·

26 3299 108 3366 quot
138 3279 274 3344 [aecum
305 3294 402 3338 nemo
426 3277 512 3337 adire
543 3275 737 3350 sustinuerim
780 3275 830 3340 sed
857 3277 935 3337 dum
973 3293 1073 3358 prope

27 3405 128 3471 tegna
145 3379 391 3462 Tripolitanum
406 3391 439 3438 et
456 3377 631 3438 Barcanum
655 3377 808 3461 templum
829 3379 931 3460 ponit.
958 3397 973 3437 a
995 3395 1073 3438 vero
1192 3417 1196 3424 .

30 3489 87 3547 situ
114 3479 274 3546 aberrasse
298 3479 435 3540 videtur.
487 3477 598 3560 Nuper
616 3492 722 3541 tamen
742 3481 793 3542 illa
813 3481 880 3541 loca
904 3479 1073 3561 diligenter

29 3583 240 3669 perlustravit
256 3580 515 3648 Homemaunua,
542 3593 574 3642 et
597 3579 805 3664 descriptione
827 3579 912 3642 edita
933 3577 1072 3640 testatam

31 3687 106 3750 iecit
125 3689 230 3750 fidem
252 3682 440 3744 narrationis
461 3679 618 3742 Herodoti
635 3695 668 3760 4,
693 3693 754 3760 tgr
777 3679 818 3763 sq.
871 3680 1003 3764 Quaerit
1021 3699 1075 3738 au·

35 3805 100 3852 tem
125 3791 207 3856 ille,
238 3783 295 3844 ubi
319 3783 353 3846 h.
377 3781 493 3844 Sironir.
546 3783 617 3842 Vid.
645 3783 686 3845 ei.
709 3781 799 3844 Reise
822 3783 903 3842 nach
931 3779 1069 3841 Murzuk

33 3911 63 3971 p.
82 3905 127 3968 25
139 3889 209 3971 sqq.
229 3901 264 3946 et
280 3905 360 3966 quae
374 3883 495 3943 addidit
510 3885 625 3966 Young
639 3884 678 3944 de
693 3881 758 3965 ipso
774 3883 895 3965 templo
911 3902 950 3944 ox
967 3895 1071 3943 aucto·

31 3993 121 4053 ribus
138 4015 174 4074 p.
200 3985 269 4051 206
283 3986 345 4068 sqq.
381 3985 500 4046 Contra
516 3997 610 4068 negat
626 3983 763 4046 Browue
779 3981 906 4069 (Roisen
921 3979 972 4046 ed.
990 3978 1072 4065 Lips.

30 4115 62 4178 p.
79 4093 159 4176 59.)
186 4105 223 4153 et
247 4087 354 4152 Siwolr
374 4083 551 4148 Ptolemaei
573 4081 629 4173 (4,
648 4083 702 4176 5.)
723 4087 876 4172 Siropum
897 4096 1005 4169 putat,
1036 4093 1074 4145 ut
