2892 4950
182 405 539 467 insonuerat.
580 407 660 464 1.t.
703 405 851 467 cxvn.
892 405 972 476 §.n
1035 413 1096 485 49¹

56 578 138 646 belli
155 596 305 665 tempore
321 573 459 650 deterit,
487 573 628 640 dubium
649 575 729 641 sacit
749 579 866 684 Stralro
887 593 940 656 13.
964 601 997 663 p.
1011 590 1097 662 427.

55 685 77 748 s.
95 687 183 750 620.
234 684 273 744 ln
296 677 400 758 Lydia
421 676 518 764 ponit
539 679 729 742 Herodotus
753 703 783 753 r,
810 691 889 762 142.
912 680 996 742 forte
1020 680 1098 767 quia

56 787 228 865 Lydorum
246 779 326 844 olim
344 778 425 860 suit,
452 780 552 867 atque'
567 777 602 843 hi
621 781 743 844 Carum
759 779 1012 866 consanguinei,
1040 781 1098 869 qui
1138 861 1140 866 s
1239 773 1247 784 ’

57 903 154 950 antea
171 887 264 948 srmul
280 883 446 968 Ephesum
462 897 647 946 tenuerant.
686 880 758 946 Vid.
779 883 887 966 supra,
916 881 974 946 ubi
997 885 1098 950 etiam

58 990 98 1050 de
116 984 212 1050 urbis
227 981 471 1048 mutationibus
487 981 596 1068 aliqua
612 981 736 1048 notavi.
776 985 841 1046 Sed
860 1005 976 1068 agrum
992 989 1098 1071 Ephe·

58 1093 150 1160 fium,
176 1085 350 1169 Ἐφεσίαν,
374 1087 438 1147 late
455 1081 535 1148 olim
552 1084 592 1146 ad
610 1087 768 1148 Tmolum
786 1106 891 1171 usque
909 1104 1099 1170 porrectum

55 1187 213 1276 patuisse,
241 1187 324 1250 adeo
340 1202 378 1248 ut
393 1202 519 1274 partem
535 1183 710 1248 Maeoniae
726 1187 745 1249 s.
762 1183 886 1266 Lydiae
901 1193 1099 1272 complecte-

54 1309 160 1363 retur.
185 1287 361 1352 consumat
378 1289 494 1350 Strabo
515 1303 568 1364 13.
586 1299 713 1372 μων.
726 1287 746 1351 s.
758 1291 841 1352 620.
875 1291 984 1353 Docet
998 1289 1100 1358 otiam

54 1391 166 1458 πεδίον
186 1381 382 1477 Καΰστριον.
402 1389 522 1474 dequo
538 1391 649 1473 paullo
665 1385 804 1452 inferius
817 1388 955 1454 dicetur.
982 1392 1100 1478 Qualis

54 1495 112 1558 sub
139 1489 300 1555 Romanis
324 1505 408 1564 erat,
442 1493 542 1552 talem
561 1487 729 1574 inprimis
751 1489 945 1554 instruxerat
960 1496 1100 1574 Lysima-

54 1600 160 1670 chus;
196 1609 230 1655 et
252 1613 375 1654 nomen
397 1588 542 1684 Arstnoe,
576 1591 665 1676 quod
695 1593 735 1654 ab
758 1614 862 1655 uxore
887 1592 1099 1678 imposuerat,

54 1695 112 1759 illo
136 1711 274 1757 mortuo
295 1691 367 1787 post
389 1690 550 1781 abolitum
573 1692 625 1754 est.
661 1691 732 1755 Vid.
749 1695 865 1756 Strabo
889 1705 941 1773 14.
964 1718 996 1780 p.
1013 1708 1098 1778 440.

56 1798 76 1861 s.
94 1801 184 1878 640.
218 1795 355 1858 Pausau.
377 1817 406 1866 1,
422 1812 456 1875 9,
473 1805 506 1870 8.
534 1795 720 1877 Stephanus
735 1795 767 1857 h.
782 1819 814 1858 v.
866 1798 990 1860 Terrae
1005 1815 1099 1864 motu

56 1897 248 1962 concussam
272 1893 401 1958 adiuvit
423 1897 541 1980 lmper.
565 1893 735 1959 Claudius.
767 1899 921 1975 (Malalas
938 1895 973 1960 in
997 1899 1100 1964 Chro-

55 2021 151 2084 nogr.
168 1997 229 2062 lib.
249 2020 301 2061 ιο.
320 2019 353 2080 p.
375 2007 454 2076 ¹⁰4·
475 1999 574 2078 Ven.)
626 1994 716 2060 Situs
734 1998 775 2060 ad
792 2019 883 2060 mare
904 1997 1040 2062 discitur
1059 2023 1100 2066 ex

55 2119 177 2186 portu,
206 2120 306 2184 quem
322 2101 433 2183 plures
449 2113 720 2160 commemorant.
756 2093 929 2188 Ἐμπὸριον
945 2098 1101 2188 μέγιστον

56 2205 148 2266 auae
162 2199 252 2263 intra
264 2202 414 2261 Taurum
426 2199 481 2260 sua
498 2214 602 2262 aetate
617 2197 720 2270 fuisse,
739 2199 890 2263 adfirmat
905 2203 1021 2264 Strabo
1044 2215 1098 2283 14.

55 2326 87 2389 p.
101 2314 194 2384 [μμ.
211 2300 233 2364 s.
251 2303 334 2381 641.
385 2299 544 2363 Inclaruit
563 2317 674 2362 autem
696 2299 833 2364 omnino
855 2301 969 2366 multis
989 2306 1099 2378 rebus,

57 2425 161 2492 quare
183 2403 288 2466 lumen
310 2398 403 2494 Afiae
424 2418 521 2464 vocat
535 2399 663 2464 Plinius
679 2423 706 2464 c.
730 2405 751 2466 l.
794 2405 979 2490 Stephanus
1003 2402 1100 2472 πόλιν

56 2497 345 2590 ἐπιφανεστάτην,
375 2518 408 2564 et
422 2500 522 2566 Duria
538 2501 661 2565 Elaites
679 2499 713 2565 iu
731 2501 833 2588 epigr.
857 2507 945 2590 apud
966 2507 1101 2591 Stepha-

56 2631 142 2672 num
171 2599 284 2669 Ἰάδων
314 2597 442 2669 πολλὸν
470 2597 653 2690 ἂνιοὸἆτην.
706 2607 799 2668 Idem
823 2607 978 2670 testantur
1001 2597 1099 2674 multi

56 2707 155 2772 numi
177 2707 235 2770 sub
260 2703 452 2768 Caesaribus
477 2707 557 2776 culi.
590 2701 626 2767 in
654 2703 775 2790 quibus
805 2706 897 2774 ratio
922 2709 1100 2794 praecipua

58 2809 130 2873 eiua
165 2803 310 2892 dignitas
338 2822 371 2868 et
392 2803 597 2890 principatus
629 2805 862 2879 confirmatur.
904 2833 936 2872 ν.
960 2832 987 2874 c.
1011 2811 1100 2892 Εφε·

58 2931 135 2978 σιων
161 2931 298 2998 πρωτων
328 2909 440 2984 horor,
477 2929 583 2998 μννων
614 2931 750 2996 πρωνων
776 2911 889 2984 donar,
925 2913 962 2974 A.
989 2912 1096 2994 Aurae,

57 3013 152 3099 quod
173 3009 265 3072 idem
288 3011 369 3071 vult.
409 3007 480 3072 Vid.
495 3009 619 3070 Busche
639 3007 674 3070 iu
697 3013 774 3072 Lex.
796 3032 887 3073 num.
905 3013 945 3073 T.
962 3031 992 3074 a.
1009 3013 1045 3076 P.
1069 3038 1097 3078 1.

56 3137 88 3200 p.
106 3115 205 3187 667:
221 3127 255 3172 et
274 3112 400 3172 Echhel
420 3109 455 3172 in
477 3111 581 3172 doctr.
601 3132 692 3173 num.
713 3111 749 3174 P.
771 3134 798 3174 ι.
821 3113 891 3174 Vol.
911 3131 941 3174 a.
964 3135 995 3195 p.
1013 3125 1096 3192 512.

57 3217 99 3279 de
124 3213 199 3299 ipso
221 3209 281 3274 illo
304 3208 413 3294 elogio
433 3213 608 3296 Spanhem.
630 3211 670 3273 de
691 3213 752 3273 usu
771 3245 815 3258 -
835 3233 927 3274 num.
949 3213 1045 3276 Turn.
1069 3239 1097 3278 ι.

56 3342 89 3404 p.
107 3317 186 3394 636
201 3313 245 3399 sq.
291 3311 386 3375 Tulit
407 3333 506 3396 porro
531 3315 636 3376 claros
659 3309 748 3376 cives
772 3309 870 3374 iniis
894 3312 1099 3380 Heraclitum

59 3435 93 3484 et
110 3415 377 3484 Hermodorum.
405 3411 638 3500 philosophos,
665 3411 927 3500 Hipponactem,
954 3431 1100 3500 poetam,

56 3519 269 3588 Parrhasium
292 3531 325 3578 et
343 3517 510 3601 Apellem‚
544 3513 705 3600 pictores,
736 3517 958 3578 Alexandrum
980 3537 1099 3602 cogno.

56 3621 153 3686 mine
171 3617 359 3700 Lychnum,
384 3632 559 3689 oratorem,
585 3611 778 3678 historicum
797 3631 829 3678 et
847 3633 990 3700 poetam,
1018 3641 1100 3705 quos

59 3733 304 3788 commemorat
319 3719 435 3781 Strabo
456 3727 509 3796 ¹4·
524 3729 651 3802 phur.
671 3715 693 3780 s.
711 3719 795 3796 642.
829 3715 975 3780 Maxime
989 3734 1099 3784 tamen

58 3819 222 3888 inclaruit
242 3817 369 3882 Dianae
400 3821 541 3904 templo,
577 3819 706 3904 dequo
734 3816 909 3904 deinceps,
953 3835 985 3882 et
1012 3823 1100 3905 apud

59 3921 267 3991 Christianos
283 3919 414 4007 epistola
429 3917 536 3984 Pauli.
571 3922 669 3983 Nune
684 3941 787 4004 pagus
804 3921 856 3993 est,
880 3941 980 4006 quem
996 3921 1098 3987 Turci

59 4029 233 4111 adpellant
253 4015 440 4116 Ajasoloula,
462 4023 634 4102 (Pococlre
656 4023 697 4084 T.
715 4038 747 4100 3.
770 4043 802 4106 p.
820 4024 879 4098 67.
908 4019 964 4084 ubi
982 4039 1015 4086 et
1032 4023 1098 4112 sqq.

56 4131 167 4192 multa
192 4125 236 4214 de
255 4125 318 4192 hac
336 4125 439 4202 urbe,
472 4122 677 4188 Tomnesort
697 4143 825 4212 voyage
847 4125 888 4187 T.
908 4139 941 4204 3.
963 4145 997 4210 p·
1015 4140 1098 4209 391.
