2892 4950
207 363 427 428 narone.
455 366 565 423 nau
606 364 688 423 ur.
729 363 895 428 cxvm.
936 363 1016 436 te·
1078 371 1143 440 ωε

35 573 37 588 ι
78 533 206 600 -ιὶιιιιᾱὶ
230 536 318 600 uiuo.
362 537 451 600 Male
471 551 582 600 tamen
605 533 719 602 vocari
743 537 853 620 decep
868 535 923 600 des
937 526 1137 628 Ioniffoires,

34 648 36 656 ’
92 659 176 702 eum
198 635 357 722 significet
376 657 553 700 nouveaux
576 639 755 712 chateaux,
780 653 897 702 monet
919 635 1081 702 d'dnvillo
1100 634 1138 698 in

93 740 199 802 deser.
223 740 265 801 de
286 739 507 823 l'llollelpont
525 737 560 802 in
580 737 761 804 Memoireo
781 776 824 790 -
842 739 885 803 de
907 737 999 803 Pario
1017 740 1058 801 T.
1079 747 1136 814 oss.

92 861 172 926 pag.
189 857 273 918 327.
322 838 458 926 Sigeum
479 843 596 904 urbem
625 863 717 904 nunc
740 862 863 927 pagum
886 841 964 914 elle,
999 835 1137 902 nomine

95 943 271 1014 Gtaurltot.
288 943 389 1006 refert
404 942 572 1007 Chandler
586 941 705 1006 Reilen
722 941 758 1006 in
772 941 989 1006 Klein-Alica
1005 963 1039 1028 p.
1049 951 1109 1020 50.

157 1143 324 1240 statio)
374 1141 464 1230 Quia
493 1147 595 1210 clallia
609 1141 886 1230 ¹,Agamemnonio
913 1159 1022 1208 totum
1043 1143 1136 1206 hune

95 1250 202 1309 linum
223 1243 344 1308 insedit
365 1261 398 1308 et
422 1244 590 1332 implevit,
629 1263 667 1310 ut
692 1268 779 1310 unus
801 1247 876 1310 ellet
904 1247 991 1332 quali
1019 1259 1135 1328 portua

93 1345 309 1418 bellantium.
342 1363 442 1431 prout
451 1349 561 1442 statio
588 1347 668 1411 solet
692 1345 761 1412 dici
785 1349 827 1410 de
848 1345 989 1410 navibus
1012 1342 1049 1406 in
1068 1343 1134 1406 lalo

92 1446 206 1533 pofitis
227 1447 270 1510 ad
291 1469 465 1522 ancoram,
498 1465 536 1512 ut
556 1451 644 1534 apud
665 1447 779 1534 Virgil.
799 1451 879 1512 Aen.
901 1467 933 1520 o,
951 1463 1008 1526 23.
1024 1444 1134 1540 statio

93 1549 177 1612 mata
188 1547 265 1642 Jida
287 1553 415 1614 carinis.
447 1552 604 1614 Ceterum
620 1551 659 1614 ab
674 1551 738 1614 hac
753 1547 965 1613 fimilitudine
979 1541 1134 1611 describit

90 1649 223 1712 navalia
239 1649 349 1738 calba,
374 1666 412 1714 ut
427 1649 560 1736 proprie
576 1649 731 1715 dicebant
746 1649 899 1724 Romani,
916 1652 1131 1720 Graecorum,

92 1749 255 1838 quonium
271 1749 413 1814 navibus
429 1751 598 1817 subductis
614 1750 649 1815 in
669 1769 789 1816 terram
804 1753 951 1816 solebant
969 1750 1082 1814 iollam
1098 1763 1133 1811 et

91 1855 219 1916 rollum
235 1849 460 1928 circumdare,
486 1855 527 1916 ad
543 1853 641 1918 instar
657 1855 834 1918 callrornm
850 1851 1009 1922 aliorum.
1034 1847 1131 1915 cuiue

89 1952 305 2018 clarill'rmum
320 1957 509 2040 exemplum
525 1955 568 2018 est
583 1956 671 2041 apud
687 1953 760 2019 Liv.
778 1959 837 2034 36,
854 1965 914 2034 45,
929 1964 962 2032 fl.
995 1953 1039 2016 Et
1051 1947 1133 2014 huic

90 2051 225 2118 stationi
245 2053 355 2139 iungit
374 2054 521 2142 Sigeum,
548 2055 707 2144 quoniam
723 2054 794 2120 illic
812 2051 946 2140 proprie
960 2053 1049 2116 ledea
1066 2047 1133 2114 fuit

88 2155 232 2220 narium
246 2154 402 2228 Achillis,
427 2159 517 2222 unde
531 2157 633 2222 etiam
648 2155 769 2222 deinde
787 2154 859 2220 illic
874 2153 1047 2220 conditum
1064 2149 1131 2216 fuit

90 2255 258 2344 oppidum
283 2255 480 2324 Achilleum.
524 2281 548 2324 1.
575 2279 773 2324 ononovrve
799 2259 875 2322 MS.
928 2257 1044 2320 Strabo
1073 2269 1127 2334 ¹3·

87 2383 123 2445 p.
138 2369 225 2439 410.
242 2359 264 2421 s.
280 2371 364 2439 595.
393 2381 497 2446 prope
520 2359 655 2445 Sigeum
678 2359 817 2424 ostendit
837 2349 1051 2451 ναύσταθμον
1073 2352 1129 2424 nui

86 2459 236 2546 ’Δχαιιῦν
254 2457 367 2549 λιμένα
386 2456 440 2526 noi
462 2457 501 2528 τὸ
520 2457 678 2548 Ἀχαϊκὸν
696 2457 930 2551 στρατόπεδον.
960 2461 1011 2525 ld
1026 2479 1128 2524 naver

87 2560 184 2624 enim
200 2561 375 2624 subductas
392 2565 534 2626 Graecos
552 2565 650 2628 castra
667 2563 812 2626 habuilie
828 2579 945 2626 notum
961 2561 1015 2634 est.
1036 2562 1128 2626 unde

88 2663 133 2726 ad
151 2683 252 2724 nares
275 2663 389 2746 fugere
411 2662 548 2749 perinde
566 2668 664 2734 valet.
696 2681 794 2752 atque
817 2666 858 2727 ad
881 2663 979 2727 costra
1003 2663 1127 2748 fugere.

89 2764 193 2850 Quod
215 2765 422 2826 Achaeorum
440 2763 531 2828 statio
550 2787 567 2828 a
589 2764 699 2828 Plinio
717 2777 752 2846 4,
776 2777 829 2840 18.
852 2766 873 2828 l.
895 2789 947 2829 ιι.
972 2764 1009 2828 in
1025 2765 1126 2828 Cher·

87 2866 192 2928 lonesr
213 2863 347 2952 obliqua
369 2865 478 2929 fronte
498 2865 646 2952 ponitur,
675 2889 712 2929 ea
734 2887 802 2928 non
825 2864 1038 2939 bellantium,
1072 2865 1128 2928 led

86 2963 194 3028 Troia
214 2983 398 3051 expugnato
415 2967 619 3032 abeuntirun.
652 2969 703 3032 Cf.
726 2982 956 3051 argumentum
971 2969 1127 3030 Hecubae

86 3064 262 3152 Euripidis
283 3067 328 3131 in.
355 3085 388 3131 et
404 3091 436 3132 v.
455 3083 512 3149 35.
540 3087 573 3132 et
589 3069 719 3134 Salmas.
737 3067 772 3130 in
789 3063 892 3132 Solin.
912 3089 944 3142 c,
963 3071 1018 3134 16.
1033 3067 1125 3136 sero.

87 3159 287 3256 pan-11³!-
339 3169 486 3232 Omnino
520 3187 632 3234 autem
669 3171 768 3234 castra
803 3171 1005 3233 Graecorum
1038 3167 1126 3232 inter

87 3273 277 3334 llboeteum
301 3268 412 3348 (iuxta
435 3273 691 3352 Scamandrum)
714 3288 746 3336 et
765 3269 901 3356 Sigeum
920 3269 1056 3356 patuilie
1076 3266 1126 3332 vi·

87 3373 226 3443 dentur,
261 3371 302 3433 de
327 3393 392 3458 quo
415 3370 608 3457 diligentius
627 3371 730 3436 hodie
747 3371 783 3435 in
803 3371 896 3436 libris
920 3373 1014 3460 supra
1036 3391 1125 3438 com·

86 3470 282 3538 memoratio
303 3476 483 3558 quaesitum
506 3475 558 3537 elt
597 3473 822 3547 Lechevalier,
849 3475 938 3560 quod
960 3473 1045 3540 tellit
1070 3466 1127 3540 air·

85 3571 214 3662 ro‘rrrnr
233 3571 386 3637 adfirmat
404 3573 440 3636 in
457 3577 575 3660 Geogr.
597 3575 810 3662 Ephemerid.
825 3579 926 3642 Tom.
942 3602 971 3642 ι.
992 3600 1028 3664 p.
1045 3579 1125 3642 126.

85 3697 157 3740 uon
180 3671 256 3738 satir
277 3691 429 3740 accurate
449 3672 486 3738 in
506 3679 616 3741 tabula
634 3679 717 3740 haec
737 3677 911 3764 descripsit:

162 3879 291 3941 Idaeo
317 3878 477 3962 m'onte)
510 3881 576 3943 Pro
596 3879 669 3962 Ida,
694 3897 732 3945 ut
749 3881 885 3946 Oetaeus
900 3903 991 3946 mons
1003 3883 1123 3954 decius

86 3979 178 4066 apud
201 3977 309 4044 Cicer.
332 3981 373 4044 de
394 3997 461 4080 nat.
485 3984 585 4045 Deor.
604 3997 637 4058 3,
666 3985 720 4048 16:
753 3979 872 4068 Hygin.
896 3983 960 4050 fab.
980 3991 1042 4070 3⁶·
1063 4007 1123 4074 pro

85 4102 156 4170 quo
179 4079 367 4168 promiscue
388 4079 465 4148 libri
483 4084 572 4174 apud
592 4085 742 4151 Lacum.
762 4107 792 4160 r,
808 4105 845 4168 9.
860 4087 896 4204 ΕΙ
910 4088 1003 4167 Oeta,
1028 4109 1067 4158 ut
1086 4089 1123 4156 in
