2852 4946
186 405 401 468 auocata.
429 407 536 466 arat.
575 407 657 466 La
699 405 833 465 extu·
874 405 953 480 tc·
1025 415 1090 488 4⁸5

71 582 189 645 lechnt
208 581 336 646 Solinue
360 601 429 665 cap.
448 592 509 662 41.
532 579 554 646 s.
571 593 630 660 53.
656 601 775 666 nempe
796 595 893 666 prout
913 601 1090 668 regucmrn

71 684 276 747 moversronea
300 681 417 748 serrant.
469 683 555 753 Com
581 683 668 748 Mela
691 683 755 748 iere
777 683 931 748 consensit
954 684 1092 750 Artemi·

70 785 171 856 dome,
190 787 244 868 qni
259 785 416 848 Strabone
431 785 506 848 telle
527 793 581 864 ¹4·
599 805 632 870 p.
649 785 735 866 460.
753 783 774 849 s.
790 783 873 858 670.
896 787 1091 852 Celenderin

69 886 167 949 itidem
189 887 363 950 terminum
384 885 500 950 slatnit.
551 887 615 948 Sed
635 885 675 950 cl.
698 907 778 970 quae
801 889 842 951 de
864 889 923 951 hac
938 889 1091 954 varietate

70 987 203 1050 dilleruut
224 989 391 1052 Salmasrua
414 989 452 1050 ed
474 988 579 1052 Solio.
600 1008 631 1071 p.
652 1009 697 1052 m.
712 999 939 1072 54a.·praeter
952 989 1091 1075 Geogra·

69 1089 146 1170 phut.
174 1093 314 1154 lncertue
325 1091 493 1152 llttctuetur
506 1087 570 1172 ipse
579 1089 793 1161 Ptolemaeue,
808 1093 925 1176 quippe
939 1093 993 1175 qui
1011 1105 1043 1170 5,
1055 1102 1091 1171 5.

68 1189 96 1250 in
115 1187 316 1274 descriptione
341 1191 545 1274 Pamphyliae
567 1192 764 1276 interpositae
787 1194 936 1275 producit
959 1192 1090 1258 Ciliciae

68 1287 173 1372 asperae
204 1291 299 1356 urbee
333 1293 490 1365 litoralea,
526 1283 678 1372 Syedram
704 1305 738 1356 et
763 1293 980 1367 Coracesium,
1022 1293 1091 1378 poll

68 1409 122 1472 cap.
140 1405 172 1471 8.
195 1395 241 1457 in.
286 1395 494 1478 Pamphyliae
518 1394 632 1460 orbem
658 1395 755 1474 dicit,
787 1393 928 1470 secutae,
961 1398 1089 1482 opinor,

68 1493 180 1558 civilem
203 1495 373 1560 rationem.

130 1695 395 1780 Celenderis)
452 1697 509 1764 Gr.
534 1694 728 1789 Κελένδερις.
778 1698 829 1764 hu
854 1713 888 1764 et
921 1699 1089 1776 Celendris,

69 1793 101 1858 de
116 1817 150 1862 eo
164 1799 227 1861 dixi
248 1803 284 1862 in
301 1801 389 1864 notia
403 1801 519 1863 criticie
532 1801 572 1864 ed
592 1803 624 1866 h.
641 1803 663 1864 l.
687 1823 720 1886 p.
734 1801 821 1882 456.
874 1803 972 1888 Quod
993 1801 1090 1867 refert

67 1895 263 1978 Apollodorue
279 1915 312 1982 3,
333 1913 387 1984 14,
407 1921 440 1988 3.
466 1901 580 1966 urbem
595 1903 675 1965 hanc
688 1904 834 1966 condidit
846 1903 1015 1974 Sandacue,
1039 1901 1090 1968 uti

68 2015 102 2058 er
119 2001 238 2066 Msstie
260 2001 399 2086 reposuit
424 2003 540 2084 lleyue
563 2023 622 2086 pro
644 2006 824 2074 Sandocue,
858 2005 912 2086 qui
933 2025 973 2067 ea
996 2007 1088 2086 Syria

68 2099 235 2166 advenerare
279 2103 391 2187 Neque
415 2117 521 2166 tamen
544 2123 619 2168 cum
639 2127 678 2168 eo
701 2117 823 2191 pugnet
846 2105 977 2176 Nosler,
1008 2107 1089 2170 dum

68 2198 231 2267 Samiorum
266 2207 425 2268 coloniam
455 2205 553 2278 dicit,
589 2207 611 2266 li
644 2221 828 2291 tempomrn
861 2207 1025 2269 intervalla
1054 2220 1090 2270 et

69 2301 175 2367 orbium
198 2307 291 2370 vices
317 2305 506 2390 spectentur.
557 2309 693 2372 Portum
720 2321 952 2371 commemorat
975 2308 1089 2372 Strabo

72 2411 115 2482 ¹4·
134 2425 164 2489 p.
182 2409 272 2488 464.
291 2407 313 2472 s.
333 2409 418 2482 670.
442 2421 475 2470 et
493 2409 651 2472 literalem
671 2411 784 2472 urbem
801 2407 874 2472 lecit
888 2409 1090 2474 Ptolemaeue

69 2513 96 2578 6.
112 2519 140 2584 3.
164 2511 253 2591 quod
277 2507 459 2592 limpliciter
474 2524 570 2596 neget
583 2511 749 2574 Salmatiue
765 2513 803 2573 ad
827 2512 910 2576 Flor.
926 2521 961 2591 4,
978 2527 1011 2583 a,
1027 2525 1088 2590 51.

68 2601 153 2691 hegio
177 2609 382 2673 Celenderitis
402 2629 477 2672 cum
499 2611 621 2695 oppido
643 2611 845 2698 cognoscitur
865 2631 905 2674 ex
926 2610 1035 2676 Plinio
1054 2625 1089 2692 5,

69 2708 151 2774 aas.
173 2726 233 2787 27.
265 2713 354 2794 quod
380 2711 568 2796 dignitatem
599 2713 646 2774 illi
671 2713 820 2784 adstruit,
857 2716 965 2777 rmrnie
991 2715 1090 2777 etiam

69 2807 130 2872 tulie
146 2813 383 2884 confirmatam,
416 2815 449 2874 in
471 2813 589 2895 quibua
611 2809 845 2902 Κελενδεριτων
864 2829 899 2877 et
918 2809 1090 2901 Keieuipe·

68 2907 123 2972 vus
136 2915 288 2987 occurrit,
313 2914 369 2977 etsi
391 2912 594 2996 posteriorem
609 2911 747 2978 sormam
767 2917 935 3001 impugnat
949 2915 1087 2979 Eckhel.

67 3006 248 3078 indoctrina
271 3035 363 3078 num.
385 3015 423 3080 P.
444 3035 474 3079 r.
497 3015 569 3080 Vol.
587 3030 620 3096 3.
646 3036 718 3102 pag.
733 3031 794 3095 52.
845 3015 1014 3080 Celiellum
1038 3015 1090 3080 sua

67 3125 150 3176 aetate
164 3117 340 3179 admodum
355 3117 519 3179 munitum
534 3117 612 3179 dicit
624 3119 727 3180 Tacit.
746 3117 859 3180 hanel.
877 3135 910 3186 a.
926 3129 986 3195 8⁰·
1021 3117 1089 3180 llo·

68 3209 197 3280 lineum
218 3235 341 3282 nomen
364 3217 452 3281 varie
472 3231 623 3282 notatum
642 3216 775 3294 inveni,
802 3219 973 3302 Pelopoli,
1000 3217 1090 3284 Grio-

66 3327 141 3392 πετο,
167 3318 358 3386 candente.

126 3520 317 3604 Nagidos
325 3519 345 3606 )
394 3516 543 3609 Ναγίδος
562 3521 746 3606 Stephano,
779 3526 835 3609 qui
855 3515 1090 3588 vccat‘hrhem

67 3613 137 3682 inter
159 3623 304 3688 Ciliciam
327 3637 360 3688 et
383 3623 623 3708 Pamphyliam,
656 3645 752 3708 quem
775 3627 936 3692 Hecataeo
960 3639 1090 3689 auctore

67 3717 94 3777 in
113 3723 175 3787 lue
195 3724 317 3811 Naugie
346 3725 539 3810 guhemator
561 3725 752 3791 condiderit.
804 3721 844 3790 in
865 3729 925 3792 litu
945 3727 1090 3792 notando

67 3835 143 3886 unte
157 3827 223 3910 egit
238 3827 428 3910 Stephanae,
453 3829 516 3899 vel,
542 3827 627 3910 qrrod
645 3829 797 3892 Cellariua
812 3841 905 3913 putet
919 3831 953 3892 in
969 3829 1088 3913 Geogr.

67 3935 119 3986 aot
134 3939 164 4005 3,
180 3929 212 3998 6,
232 3926 289 4008 36.
319 3929 438 3991 Melam
455 3926 576 3992 secutue
591 3927 645 4001 eli,
665 3931 687 3992 li
706 3929 820 3993 scilicet
836 3931 942 3996 novit.
981 3930 1089 3993 incola

67 4025 137 4103 apud
150 4029 350 4113 Stephanum
372 4020 553 4114 Ναγιδεὺς.
577 4043 611 4092 et
624 4030 663 4093 lic
678 4033 712 4092 in
727 4049 830 4094 numo
846 4031 884 4095 L.
900 4031 972 4093 Veri
987 4030 1091 4114 Nept-

68 4114 132 4192 iaur
153 4131 326 4217 reperimr3
360 4131 397 4198 in
417 4131 487 4197 aliie
506 4126 705 4222 Ναγιδικον,
737 4131 826 4220 qued
842 4147 935 4200 antea
954 4129 1089 4198 nuthet.
