2764 4954
324 477 388 545 50ss
595 463 758 522 noete
799 467 1101 526 exaeertctn

330 641 425 705 sentit
447 637 579 700 Norden
603 660 636 720 p.
658 639 739 702 116.
759 658 785 701 c.
803 640 824 702 l.
865 640 971 723 Prope
994 641 1162 703 Mocanen
1186 653 1218 703 et
1241 639 1349 702 Metre

331 746 432 824 henny
453 741 664 822 quaerendam
685 739 790 801 censet
810 740 962 803 Pococke
982 743 1023 803 T.
1045 762 1074 805 1.
1089 763 1122 823 p.
1136 743 1250 806 11162.
1274 739 1349 822 quod

329 864 398 908 non
416 841 600 924 improbant
622 841 768 902 Niebuhr
790 839 1002 906 Reiiebelchr.
1024 844 1106 905 nach
1123 843 1257 906 Arahien
1271 844 1308 903 T.
1326 862 1350 904 ι.

278 927 295 948 “
330 969 363 1030 p.
383 954 463 1024 104.
490 955 522 1003 et
538 941 639 1004 Bruce
655 943 767 1006 Vols.
784 963 816 1024 p.
826 963 871 1004 m.
886 959 953 1019 117
967 943 1029 1026 qu.
1054 965 1070 1005 a
1084 964 1147 1026 quo
1161 947 1254 1006 etiarn
1268 943 1350 1006 Shau

329 1045 493 1114 refutatur,
520 1045 608 1106 lioos
623 1042 716 1105 Reile
732 1077 781 1090 -
802 1064 834 1126 p.
852 1060 910 1108 20.
936 1066 1039 1127 nuper
1055 1049 1151 1108 etiam
1172 1045 1300 1129 Langles
1319 1041 1352 1104 ad

331 1147 466 1210 Norden
481 1163 605 1228 voyage
628 1166 660 1228 p.
678 1153 761 1222 241.
786 1145 843 1204 uhi
862 1147 949 1226 plura
966 1147 1056 1208 dedit
1070 1148 1109 1208 de
1124 1147 1279 1228 Memphi.
1318 1145 1354 1204 Et

333 1249 373 1310 lic
393 1248 533 1330 plerique
548 1265 634 1306 nunc
650 1249 733 1307 inter
750 1244 935 1325 Pyramides
951 1261 983 1308 et
1002 1263 1124 1329 cryptas
1140 1246 1161 1310 l.
1177 1246 1354 1309 coemeteria

331 1351 449 1432 (vulgo
472 1346 688 1423 catacomhae)
709 1346 797 1410 urbis
818 1349 934 1409 Tacara
957 1349 1150 1410 constituunt
1170 1351 1205 1410 in
1225 1349 1356 1411 occiden-

331 1449 386 1512 tali
402 1449 469 1512 Nili
488 1449 554 1530 ripe
571 1449 694 1509 circiter
710 1458 735 1527 4
751 1449 926 1512 milioribus
942 1469 958 1512 e
973 1449 1100 1514 Kahire.

411 1645 561 1734 Syene)
597 1650 653 1714 Gr.
669 1646 799 1738 Euripo,
822 1651 910 1713 unde
925 1647 1095 1740 Zupvrjrtyt
1110 1667 1143 1715 et
1158 1644 1359 1741 Συηνητικός.

333 1753 528 1836 (Stephanus
542 1751 573 1818 h.
590 1753 637 1826 v.)
676 1753 844 1832 Ileperitur
859 1755 953 1816 etiarn
973 1751 1132 1840 Συηνῐτης
1151 1770 1184 1814 et
1200 1753 1360 1836 Servate.

334 1857 382 1916 uti
399 1867 511 1916 monet
525 1852 666 1914 Holsten.
687 1856 724 1912 ad
740 1855 889 1935 Stephan.
908 1877 939 1936 p.
952 1857 1034 1933 306.
1055 1857 1235 1936 posterioris
1250 1855 1361 1918 formae

336 1955 479 2037 exempla
497 1955 624 2036 praebet
642 1951 761 2034 pallito,
785 1977 816 2016 v.
832 1975 858 2016 c.
877 1956 959 2016 libro
977 1974 1010 2035 9.
1029 1957 1234 2020 Heliodorus.
1268 1959 1361 2038 Eudo

335 2059 453 2140 legitur
469 2055 551 2136 apud
568 2056 691 2117 Arillirl.
708 2057 747 2116 T.
769 2071 801 2117 2.
819 2077 850 2137 p.
870 2067 951 2135 544.
970 2056 1059 2119 lebb.
1100 2058 1233 2120 Nomen
1255 2057 1363 2138 accepit

336 2161 474 2236 aSyeno
491 2157 642 2237 quodam.
671 2157 862 2237 (Stephanus
879 2159 911 2220 h.
927 2179 959 2220 v.
981 2173 1013 2219 et
1025 2158 1165 2220 Eustath.
1184 2161 1224 2221 ad
1239 2155 1363 2236 Dionys.

337 2281 370 2322 v.
389 2254 487 2338 225.)
530 2257 626 2339 Quod
651 2259 785 2339 Aegypti
805 2273 837 2320 et
859 2259 1046 2342 Aethiopiae
1067 2259 1180 2320 urhern
1207 2261 1284 2322 dicit
1305 2261 1364 2322 Ste-

336 2360 478 2442 phanus,
506 2371 541 2416 ut
559 2377 597 2418 ex
617 2359 684 2418 aliis
707 2360 910 2442 intelligitur,
936 2361 1072 2421 confinia
1088 2363 1257 2443 utriusque
1274 2363 1365 2445 regio·

338 2461 388 2521 nis
405 2457 528 2540 spectat.
564 2459 615 2518 Sic
631 2461 717 2518 euim
730 2461 853 2522 Plinius
871 2473 903 2538 5.
923 2479 977 2524 111.
990 2459 1009 2521 i.
1021 2479 1054 2540 9.
1071 2461 1224 2524 Ditionis
1238 2461 1366 2544 Aegypti

337 2557 473 2644 (Nilus)
495 2550 553 2646 effe
573 2560 684 2639 incipit
706 2581 727 2618 a
741 2558 812 2649 fine
831 2561 1016 2640 Aethiopiae
1031 2562 1138 2644 Syene.
1182 2565 1296 2627 Strabo
1318 2577 1364 2636 ²7·

306 2714 312 2726 .
336 2681 369 2742 p.
389 2662 472 2738 562.
492 2657 512 2721 l.
529 2671 613 2736 817.
638 2662 773 2744 Aegypti
794 2663 906 2724 urbem
928 2656 978 2726 ἐπὶ
999 2661 1065 2728 τῶν
1089 2655 1171 2751 ὅρων
1193 2667 1254 2751 τῆς
1272 2663 1367 2728 Αἰθιο-

338 2757 414 2836 πίας
441 2773 545 2822 vocat.
597 2761 640 2821 Et
667 2763 705 2820 fic
731 2762 895 2826 Pausanias
914 2775 946 2840 8,
971 2775 1028 2844 58,
1049 2777 1082 2841 5.
1108 2765 1238 2846 aliique.
1290 2767 1367 2826 Hinc

337 2879 410 2924 ante
439 2863 612 2922 Traianum
644 2863 749 2940 Syene
776 2877 807 2924 et
835 2866 1049 2946 Elephantine
1076 2865 1217 2926 llomani
1249 2867 1368 2948 imperii

337 2963 462 3024 claustra
478 2961 583 3023 habita
604 2959 684 3026 sunt.
711 2966 859 3042 (Tacitus
875 2967 987 3028 Annal.
1007 2981 1039 3034 Ω.
1055 2967 1135 3040 61.)
1176 2969 1246 3030 Sita
1262 2969 1369 3030 eratin

336 3065 500 3126 Thebaide
519 3063 677 3148 (Ptolem.
691 3075 725 3144 4,
743 3079 777 3142 5.
807 3065 946 3130 Macrob.
965 3069 998 3128 in
1014 3069 1126 3130 Somn.
1141 3083 1173 3137 2.
1190 3083 1224 3145 7.
1245 3067 1314 3152 -)
1334 3069 1368 3128 ad

337 3165 462 3236 Nilum,
480 3167 566 3225 uode
580 3165 711 3225 Niliaca
728 3166 824 3248 Syene
838 3169 1039 3249 adpellatura
1054 3167 1198 3230 Martiale
1216 3183 1249 3248 5,
1271 3185 1324 3250 15,
1339 3183 1368 3244 7,

336 3280 444 3328 contra
466 3266 719 3346 Elephantinen,
747 3287 842 3348 aqua
865 3269 942 3331 Nilo
967 3271 1136 3333 dirimitur.
1165 3271 1368 3346 (Herodotus

336 3383 371 3439 2.
390 3379 448 3446 28.
478 3367 635 3438 Aristides,
659 3369 713 3448 qui
728 3367 773 3428 ibi
788 3365 900 3440 fuerat,
926 3373 958 3431 in
976 3385 1052 3432 orat.
1065 3372 1202 3455 Aegypt.
1221 3375 1320 3434 Tom.
1338 3387 1366 3432 2.

333 3490 365 3551 p.
387 3480 469 3548 544.
489 3467 598 3545 lebb.)
651 3469 747 3551 Quod
775 3471 960 3534 Herodotus
986 3491 1024 3532 ex
1053 3471 1168 3532 scribae
1193 3476 1367 3535 narratione

334 3571 416 3638 duos
438 3583 582 3637 montes.
618 3571 705 3630 unde
735 3569 828 3633 Nilus
859 3574 994 3642 oriatur,
1027 3573 1223 3655 interponit,
1258 3573 1367 3637 refutat

333 3671 482 3734 Aristides
511 3685 543 3731 et
573 3670 611 3730 ad
645 3691 744 3754 nugas
770 3673 888 3756 relegat
917 3673 1028 3735 Strabo
1054 3673 1109 3740 lib.
1136 3691 1191 3748 ¹7·
1226 3698 1260 3758 p.
1286 3677 1365 3753 563.

334 3771 356 3834 s.
376 3785 459 3851 819.
478 3774 523 3832 in.
564 3772 837 3851 Disceptationem
852 3776 956 3836 movit
970 3776 1094 3838 Plinius
1110 3797 1136 3838 c.
1151 3777 1173 3838 l.
1196 3783 1252 3858 qui
1273 3795 1368 3860 paene

333 3871 467 3932 insulam
491 3873 537 3932 Al.
562 3873 598 3934 P.
621 3873 743 3932 anthitu
765 3871 856 3944 facit,
892 3877 1016 3957 dequo
1040 3877 1107 3938 vid.
1129 3879 1319 3958 interpretes
1338 3891 1368 3936 et

332 3973 483 4037 Pococke
500 3975 540 4034 T.
564 3996 591 4034 1.
609 3993 637 4053 p.
653 3995 697 4033 tn.
719 3985 798 4053 174.
826 3977 882 4056 qui
900 3997 938 4037 ex
957 3977 1022 4037 Nili
1038 3975 1110 4037 folla
1127 3979 1264 4062 intelligi
1287 3977 1367 4060 polie

333 4088 434 4160 putat.
487 4073 671 4137 Celebratur
691 4073 735 4134 ibi
756 4076 789 4134 in
814 4078 924 4157 primis
941 4094 1076 4162 puteus,
1103 4080 1177 4160 qui,
1202 4061 1291 4159 qued
1316 4077 1367 4137 suh

332 4175 400 4264 ipio
424 4175 540 4238 aellivo
568 4178 692 4258 tropico
717 4176 906 4240 constitutus
929 4177 971 4243 est
996 4178 1131 4258 (Strabo
1154 4197 1207 4261 ¹7·
1232 4201 1266 4264 p.
1286 4191 1367 4258 541.
