2770 4954
180 393 227 452 ru
249 389 384 452 roure.
412 389 522 448 mat.
561 389 598 448 u.
618 391 641 446 1.
686 390 719 448 c.
740 393 789 454 rr.
831 389 931 467 Μ..
995 405 1057 472 115

66 571 156 656 deneg,
176 583 206 650 3,
228 563 280 658 [v.
296 559 405 652 477.]
432 577 462 627 et
488 563 579 646 longe
600 553 711 656 soleres
742 563 865 650 iateque
886 581 1051 638 vacanter.

66 691 203 736 caorrrr.
256 667 366 731 Versae
392 667 560 732 orientem.
594 683 775 730 urouruve.
834 667 1054 752 Comprobant

65 773 127 836 lanc
149 773 379 856 explicationem
404 768 528 831 Pliniue
546 779 578 845 5.
600 778 634 844 8.
670 780 704 830 et
727 769 902 832 Martiaoue
927 773 1055 854 Capelln

64 875 105 937 lib.
118 875 145 938 0.
162 895 191 956 p.
210 888 289 949 017.
313 872 368 953 qui
382 859 595 960 morfiruosoe
613 869 770 931 novitatis
786 871 847 932 tras
861 863 1054 961 solitudines

63 967 249 1064 afuginrdas
268 974 357 1034 dicit.
407 970 559 1034 Ceterum
583 969 692 1050 Nepos
713 971 830 1033 eodem
845 971 935 1036 seusu
953 979 1055 1062 megia

63 1077 169 1156 expolite
186 1073 218 1136 in
237 1077 382 1135 Eumene
398 1093 425 1135 c.
442 1083 476 1149 8.
494 1083 527 1147 5.
550 1071 622 1132 loca
642 1061 776 1161 deserta,
799 1093 882 1158 quae
900 1097 989 1140 nemo
1006 1080 1054 1142 ire·
1078 1063 1080 1070 ’

61 1174 154 1239 talebot
169 1189 292 1258 propter
308 1195 410 1258 oquae
430 1173 582 1252 inopiam.

118 1327 389 1390 Garamantas
398 1323 417 1405 )
449 1323 518 1385 Hoe
534 1322 657 1386 Pliniue
671 1343 799 1408 quoque
816 1327 866 1408 [5,
884 1330 934 1410 3.]
949 1332 1053 1395 orien-
1122 1327 1128 1349 '

59 1429 116 1490 talet
132 1426 206 1492 trctr.
253 1426 366 1490 Strabo
382 1426 438 1488 lib.
453 1425 570 1486 ultimo
592 1418 666 1510 [lib.
690 1445 743 1506 ¹7·
757 1448 790 1510 p.
803 1439 886 1508 574.
906 1429 928 1494 s,
944 1427 1053 1520 lieu]

58 1531 208 1611 quindecim
238 1529 362 1590 dierum
393 1529 507 1588 itinere
532 1524 571 1586 ab
598 1525 779 1590 Hammone
812 1529 912 1594 abesse
937 1530 1054 1609 scribit,
1181 1539 1183 1545 ’

58 1649 167 1710 quorum
179 1645 290 1692 terram
306 1630 339 1689 in
355 1631 513 1690 orientem
533 1629 622 1688 eunti
638 1627 760 1690 circiter
781 1649 872 1694 1000
890 1633 992 1707 stadia.
1018 1637 1056 1698 in

56 1733 192 1795 meridiem
211 1733 250 1792 ad
277 1747 366 1802 000,
400 1742 553 1811 quatenus
578 1729 705 1812 cognita
729 1729 787 1801 est,
819 1733 973 1813 patescere
998 1737 1055 1800 ait.

57 1851 211 1895 rrnrruva.
249 1833 338 1893 Haec
351 1830 390 1892 ab
405 1831 573 1892 Herodoto
588 1829 645 1892 lib.
658 1847 690 1891 0.
710 1825 831 1916 [immo
851 1833 906 1896 lib.
921 1844 955 1914 4,
974 1847 1055 1916 174.

60 1929 139 2020 184]
168 1932 365 2015 Pomponiuc
391 1932 528 2012 accepit;
567 1950 584 1990 a
610 1929 793 2010 Pomponio
819 1933 943 1997 Plinius
964 1949 997 2012 5,
1019 1949 1053 2015 3.

56 2053 234 2097 urceourve.
287 2035 359 2095 Hos
381 2053 479 2114 quum
503 2029 558 2092 sub
581 2031 724 2114 Augusto
749 2031 909 2096 domuerit
931 2036 1058 2110 Balbur.

56 2149 83 2196 ut
99 2135 181 2200 refert
201 2137 317 2199 Florue
337 2143 372 2214 4,
402 2152 457 2202 10,
477 2143 538 2212 4ι.
570 2145 607 2192 ut
631 2145 709 2194 tunc
739 2133 833 2214 plene
858 2135 1060 2200 innotuerint

55 2235 190 2301 llomanir.
238 2237 329 2298 Tum
351 2235 561 2296 monstrantur
581 2235 616 2294 in
635 2231 810 2296 rebellione
825 2237 1062 2319 Tacpharinatie

54 2338 119 2418 aput
137 2339 231 2402 rear.
253 2337 311 2399 ub.
329 2345 365 2415 4.
385 2335 497 2399 ornat.
520 2355 546 2396 c.
568 2349 624 2413 05.
651 2353 686 2396 ac
707 2335 839 2397 remum
862 2338 920 2399 aua
942 2341 979 2400 aa
1002 2321 1061 2406 eor

55 2439 95 2498 ria
114 2453 224 2522 reperta
250 2437 314 2498 suit
336 2450 480 2518 tempore
502 2433 677 2516 Vespasrani
697 2455 771 2496 cum
791 2440 949 2518 quatridui
972 2461 1060 2506 com·

53 2541 160 2620 pendia.
183 2554 219 2602 ut
233 2541 314 2601 dicit
328 2537 451 2600 Plinius
471 2537 527 2598 lib.
539 2549 571 2614 5.
589 2557 655 2619 cap.
672 2549 705 2614 5.
729 2557 753 2598 1.
771 2557 966 2604 ououovrve
980 2543 1058 2610 MS.

55 2639 213 2704 Herodotus
231 2640 291 2702 lib.
308 2649 342 2718 4,
363 2650 444 2719 174.
466 2640 504 2700 ad
522 2639 678 2700 orientem
694 2636 863 2700 hibernum
877 2643 980 2723 ponit.
1002 2643 1062 2705 ubi

54 2737 211 2805 usercen.
265 2741 363 2811 Nam.
387 2753 424 2800 ut
442 2739 507 2821 ipse
522 2737 628 2810 refert,
654 2737 854 2820 sequentibus
870 2743 949 2813 aliie,
972 2743 1062 2806 hebi·

53 2851 106 2901 tant
121 2843 219 2906 versus
241 2841 380 2903 austrum
398 2839 490 2924 super
511 2838 644 2919 Psyllos,
685 2841 738 2921 qui
760 2855 925 2922 ponuntur
956 2844 990 2904 in
1014 2865 1062 2908 re·

54 2944 130 3024 giuoe
150 2945 269 3024 Syrtica
293 2943 378 3004 inter
400 2939 486 3004 sedeo
510 2941 770 3024 Lotoplragorum
786 2955 819 3003 et
835 2941 1062 3030 Nasamonum,

55 3045 206 3108 dommodo
229 3047 294 3106 iter
314 3043 450 3124 quodvie
473 3043 622 3102 diurnum
642 3043 663 3104 6
685 3042 859 3105 miliaribus
881 3044 992 3110 nostrie
1014 3067 1064 3109 ae·

55 3159 161 3224 quetur,
184 3147 273 3229 quod
293 3143 358 3228 ipse
376 3142 483 3206 suadet
497 3153 533 3222 4,
556 3163 634 3207 ιοι.
664 3144 717 3205 vel
738 3145 961 3220 5miliaribus.
987 3167 1065 3212 cum

55 3245 103 3307 alio
121 3249 234 3326 10005.
255 3260 316 3326 55.
339 3246 455 3306 diurno
476 3245 583 3305 itineri
604 3244 695 3305 lladia
716 3244 834 3305 tribuat
855 3257 938 3323 ¹5⁰·
967 3263 1066 3329 prout

57 3350 157 3410 citatior
171 3350 213 3412 esi
228 3347 350 3433 gressus
365 3347 417 3408 vel
433 3346 588 3406 militarie.
627 3342 678 3408 cf.
697 3347 793 3406 etiam
815 3346 941 3407 Heeren
964 3349 1065 3414 ldeeu

57 3447 119 3508 iiber
129 3451 177 3512 die
191 3447 318 3513 Politik
337 3483 381 3494 -
400 3448 455 3507 der
471 3447 554 3508 alten
569 3447 656 3507 Welt
675 3467 707 3527 p.
728 3448 806 3525 164.
834 3447 948 3508 Edrisri
963 3447 1066 3514 Africa
1194 3515 1197 3524 ,

56 3567 82 3625 p.
97 3563 167 3628 138.
189 3553 241 3614 erl.
267 3549 473 3618 Hartmanni,
507 3562 539 3608 et
562 3546 732 3608 Hennlcke
751 3549 787 3606 in
810 3547 926 3632 Geogr.
944 3547 1067 3615 Africae

57 3647 215 3713 Herodotea
231 3673 265 3734 p.
284 3664 328 3730 30
345 3648 408 3732 sqq.
459 3650 529 3726 Alia
546 3649 585 3710 de
607 3649 646 3710 iis
664 3661 697 3710 et
718 3645 920 3730 sequentibus
940 3655 1069 3737 populis

56 3747 119 3810 inira
139 3754 176 3814 ad
201 3775 232 3824 a.
258 3764 293 3829 8.

113 3902 313 3985 Augilas)
362 3903 429 3988 Qui
451 3921 468 3964 a
491 3899 733 3964 Garamantibur
755 3900 906 3964 distabant
926 3924 980 3967 ro.
1004 3904 1071 3968 die·

56 4017 114 4062 rum
135 4006 249 4066 itinere
275 4004 451 4087 (Herodot.
468 4011 502 4083 4,
524 3999 628 4088 183.)
654 4001 707 4062 vel
730 4017 783 4064 ta.
818 4005 868 4064 uti
888 4002 984 4068 refert
1007 4007 1072 4070 Pit.

56 4102 159 4198 uiur5.
181 4115 218 4189 4.
241 4107 386 4188 quamrie
406 4106 521 4168 maiori
536 4103 720 4167 Herodotus
737 4103 800 4166 fide
816 4105 932 4191 dignae
948 4106 1001 4171 est.

655 4203 690 4267 H
716 4219 739 4268 0
