2756 4964
684 192 820 245 ..q

337 440 397 506 »ω
461 472 464 478 s
604 429 770 490 norae
811 429 1112 516 uxaonrrctn

333 623 367 688 p.
388 615 472 681 571.
488 600 510 666 l.
529 611 614 684 850·
643 601 684 666 de
701 601 825 665 Libano
839 619 955 666 monte
970 605 1138 684 syneettm
1155 603 1254 688 plia.
1267 601 1286 664 l.
1304 611 1351 681 asi

335 719 369 768 et
395 723 477 788 quoe
502 717 662 766 memorat
687 703 849 768 Relandue
881 707 916 768 in
941 706 1112 770 Palaestino
1139 727 1168 780 ι’.
1190 716 1247 785 48.
1268 702 1289 768 f.
1322 705 1351 772 dt

223 859 229 871 .
259 781 264 793 ¹
334 805 491 870 Thellalia
507 805 641 870 Solinus
656 824 722 887 cap.
745 818 799 884 ¹5·
816 804 838 870 l.
855 824 889 886 9.
923 807 963 869 de
979 809 1047 870 aliie
1064 805 1279 872 Eratosthenee
1299 825 1322 866 c.
1337 805 1351 868 l

335 908 437 990 etqui
453 908 491 968 ad
507 908 575 970 eiua
590 903 764 992 fragmenta
780 929 811 992 p.
829 919 876 986 28
891 906 933 992 tq.
955 921 1176 976 memorantur
1189 928 1207 970 a
1221 905 1351 970 Seidelio.

335 1012 387 1074 Ex
411 1007 643 1070 recentioribus
666 1009 707 1070 de
731 1007 955 1094 Nowogrodio
980 1011 1149 1098 Magniclrl
1171 1006 1230 1088 (cl.
1250 1009 1351 1071 Sarum

335 1113 426 1195 lung.
451 1129 509 1170 zur
527 1107 650 1188 Phyll<
674 1143 725 1158 -
749 1111 790 1174 T.
818 1131 847 1174 t.
875 1111 914 1174 Ρ.
941 1131 970 1174 ι.
993 1132 1026 1193 p.
1049 1125 1109 1192 33.
1140 1108 1221 1193 Lipl.
1247 1107 1351 1186 twa]

234 1210 239 1221 “
337 1213 378 1274 de
393 1207 505 1272 Suecia
527 1209 602 1272 lulli
623 1212 657 1269 iu
679 1209 791 1274 Gelch.
809 1213 865 1274 dee
885 1211 1084 1295 Erdkiirpere
1102 1233 1135 1296 p.
1153 1224 1220 1292 298
1236 1207 1294 1294 qu.
1324 1209 1351 1272 dt

271 1349 277 1368 ι
336 1311 476 1376 Ukrauia
503 1311 532 1371 le
557 1309 684 1373 Vaffeur
708 1311 742 1374 in
766 1309 1004 1399 Belchreilrung
1030 1315 1086 1376 der
1107 1315 1232 1375 Krimm
1260 1331 1291 1395 p.
1311 1323 1351 1387 t3t

337 1413 377 1478 de
399 1412 568 1476 Germania
592 1410 770 1474 Preulchon
800 1413 835 1474 in
859 1413 1099 1478 Deultmaelrler
1117 1431 1185 1478 von
1206 1415 1286 1476 alten
1307 1412 1351 1473 lle

335 1514 528 1578 volutionen
545 1513 578 1574 in
594 1513 810 1576 Deutlchland
833 1535 866 1597 p.
883 1527 908 1594 4
925 1513 988 1598 qu.
1014 1530 1047 1578 et
1065 1535 1146 1598 quae
1162 1516 1220 1578 alia
1234 1511 1351 1595 conlegit

336 1616 551 1679 Hollmannue
567 1615 607 1676 de
630 1634 801 1697 corporum
822 1618 1019 1678 marinorum
1039 1617 1073 1678 iu
1091 1631 1172 1679 terra
1188 1617 1351 1679 continent<

337 1719 478 1802 origine,
506 1719 539 1776 in
560 1717 629 1778 eiua
651 1718 961 1779 commentationum
979 1716 1097 1802 sylloge
1115 1719 1221 1782 altera.
1270 1703 1351 1780 lllultl

336 1820 433 1882 etiam
448 1818 600 1896 hodiein
616 1817 698 1878 hanc
719 1837 787 1880 rem
808 1819 992 1880 adtulerunt
1008 1820 1071 1882 riri
1086 1819 1192 1889 docti.
1217 1831 1255 1879 ut
1269 1817 1351 1898 Papo

272 2001 274 2014 .
320 1914 437 1984 ¹wilclt
461 1919 618 1990 domari,
644 1919 858 1991 Woodwurd,
885 1919 1085 2006 Bergmann‚
1111 1919 1153 1983 de
1171 1919 1303 1987 Bulion,
1326 1914 1351 1978 dt

337 2022 415 2092 Luc,
438 2019 674 2084 Sclreuchnerue
690 2021 816 2103 aliique.
839 2021 896 2104 qui
912 2020 950 2082 ed
968 2021 1129 2084 diluvium
1142 2018 1210 2084 iere
1224 2017 1351 2084 releruul

337 2125 427 2187 euius
440 2123 671 2190 documentum
686 2123 844 2206 praedicat
859 2123 957 2186 etiem
973 2121 1104 2186 omum
1124 2143 1156 2196 t,
1176 2133 1212 2204 3.

405 2314 538 2418 saara
561 2321 791 2407 adtrita)
841 2324 927 2387 Sunt
944 2321 1048 2397 exesa,
1075 2337 1225 2390 excavata
1247 2343 1264 2384 e
1285 2311 1351 2392 mni

337 2424 612 2509 quemadmodum
637 2423 767 2507 scopuli.
807 2425 919 2487 Graeci
939 2419 1114 2514 Χηραμοῠς
1137 2439 1173 2489 et
1193 2417 1351 2512 Χηραμίδιιιἰ

337 2540 466 2592 vocant.
493 2544 636 2588 vocure.
685 2522 867 2617 propr'det
881 2529 917 2590 in
936 2541 1071 2610 utroque
1089 2527 1254 2590 Strabouie
1268 2526 1342 2587 loco.

1350 2655 1351 2694 t

413 2729 478 2792 uti
495 2718 665 2822 solent)
714 2729 765 2792 Sc.
787 2727 847 2794 elle
865 2728 887 2794 l.
902 2731 986 2803 fieri.
1013 2749 1092 2814 qnae
1112 2729 1203 2814 iuepe
1224 2728 1351 2798 omittuu

339 2844 495 2894 auctores.
553 2828 711 2893 Polleriue
741 2831 863 2893 addidit
887 2831 1054 2894 Boccatiue
1076 2833 1116 2894 tle
1138 2829 1279 2894 maribus
1299 2825 1351 2890 lt

310 2921 312 2924 ¹
338 2931 563 3002 Numidicum,
595 2929 651 2991 ubl
673 2931 706 2994 h.
726 2932 747 2994 l.
770 2933 909 3016 repetiit.
961 2933 1013 2996 stc
1035 2931 1179 2996 absolute
1203 2939 1351 3015 ponuntut

339 3025 512 3125 cousuevit,
537 3029 650 3124 potest,
677 3032 773 3102 uolui,
797 3033 853 3096 etfi
872 3033 945 3093 libri
961 3034 994 3094 in
1010 3034 1059 3096 hie
1080 3054 1147 3096 non
1167 3025 1285 3115 semper
1303 3045 1351 3088 con

343 3133 497 3203 sentiunt.
529 3147 563 3195 et
589 3134 642 3194 alii
664 3133 804 3204 addunt,
836 3134 889 3196 alli
916 3136 1100 3198 omittunt.'
1146 3137 1202 3199 Sic
1224 3133 1272 3194 uti
1289 3119 1351 3221 Jole

339 3238 468 3319 quidam
492 3233 579 3315 eptd
600 3235 739 3297 Lactant.
765 3255 794 3305 ι.
817 3247 871 3311 ι5.
890 3251 923 3298 2.
951 3236 1006 3298 ubi
1027 3237 1097 3298 rid.
1118 3235 1317 3298 Buuernaun.
1338 3247 1351 3288 e

340 3339 440 3402 Corte
460 3336 499 3396 ad
520 3335 639 3396 Sallust.
661 3339 702 3397 de
724 3335 762 3398 B.
785 3335 879 3398 Catil.
899 3353 955 3416 29,
976 3353 1008 3400 e.
1044 3339 1114 3422 lug.
1138 3357 1166 3401 c.
1186 3349 1244 3414 25.
1262 3347 1292 3412 3·
1316 3329 1351 3389 ult

341 3441 436 3502 multi
457 3437 579 3498 addunt
590 3433 674 3526 fieri.
709 3433 760 3500 Cf.
783 3436 910 3500 Cantor.
927 3440 966 3500 od
982 3439 1084 3502 Cicer.
1102 3440 1141 3500 ad
1157 3434 1271 3501 divers.
1293 3447 1351 3502 Μ

268 3620 273 3626 .
341 3541 473 3602 Modlua
493 3537 532 3598 ad
554 3535 644 3600 Curt.
660 3546 695 3616 4.
712 3549 745 3616 3,
763 3553 797 3613 7.
832 3537 998 3600 Burmann
1019 3539 1058 3600 ad
1081 3539 1213 3603 Petron.
1235 3535 1351 3618 cap-49

342 3641 429 3702 idem
449 3652 482 3701 et
504 3636 625 3700 Ernesti
643 3639 682 3699 ad
705 3639 853 3702 Suetonii
880 3638 1001 3704 Neron.
1024 3659 1052 3702 c.
1079 3648 1137 3723 34.
1172 3632 1351 3708 Scheller.it

343 3739 512 3804 observatt.
528 3759 560 3821 p.
579 3751 660 3824 193.
673 3753 706 3800 et
723 3755 807 3803 noo.
850 3741 902 3803 stc
915 3737 994 3832 fieri
1013 3741 1082 3823 poll
1098 3731 1262 3832 cousuevit
1279 3733 1351 3798 delet

343 3863 382 3904 ex
399 3859 466 3903 uno
483 3840 592 3902 codice
610 3840 701 3900 malit
714 3840 869 3903 Gmterue
883 3860 957 3902 cum
975 3839 1090 3905 Curtio
1104 3842 1188 3924 apud
1204 3835 1318 3904 Salloll.
1331 3835 1351 3891 d

343 3943 383 4006 B.
398 3943 468 4006 Cat.
482 3961 509 4003 o.
529 3955 587 4011 αα,
607 3957 638 4001 e.
667 3955 701 4002 et
719 3934 836 4034 efficere
850 3941 919 4026 poll
932 3941 1020 4004 voltti
1043 3942 1105 4005 fine
1121 3943 1232 4004 codice
1247 3927 1351 4010 Guiliel

343 4047 427 4108 mine
444 4042 527 4124 apud
542 4041 688 4104 Ciceron.
708 4043 743 4102 iu
763 4043 864 4104 Bruto
881 4061 907 4104 c.
926 4055 959 4122 3.
992 4046 1064 4126 quia
1085 4045 1159 4107 aliar
1179 4045 1323 4104 omittere
1339 4035 1351 4098 ll

346 4145 437 4208 limili
463 4161 549 4205 nexu
575 4139 680 4206 soleat.
733 4142 829 4209 Certe
853 4141 1051 4228 frequentior
1068 4143 1145 4238 fieri
1169 4141 1351 4231 praecedenl
