2764 4954
170 431 224 488 IN
249 429 387 488 POMP.
418 429 527 486 lllEL.
569 429 604 484 L.
627 431 649 484 1.
693 429 799 486 C·Xl.
841 427 867 500 ς.
894 449 921 486 ι.
1003 444 1066 506 333

48 605 120 667 callo
138 625 202 688 esp.
222 619 281 684 25.
306 618 340 668 et
362 623 402 666 err
422 605 534 666 cariem
555 601 629 666 litus
650 602 816 664 notatione
838 601 878 664 ad
900 603 1007 682 Halyn
1028 603 1069 664 de

49 707 246 791 Paphlagonia
267 719 300 768 et
321 705 519 787 Cappadocia
539 703 665 786 usurpat
689 703 881 786 Apollonius
904 703 1012 768 libori.
1034 719 1068 776 a,

50 809 119 888 946.
139 823 171 870 et
193 809 280 887 964.
312 807 369 868 ubi
389 805 430 868 cs.
453 806 648 876 Scholiallea.
676 804 855 866 Euslatltiua
876 805 913 866 atl
932 804 1068 884 Dionys.

49 927 74 968 a.
88 923 165 984 772.
190 909 366 970 Burmann.
385 909 423 968 atl
441 909 540 972 Valet.
561 908 657 970 Flacc.
675 919 707 984 5.
729 917 810 982 ¹¹5·
835 919 868 966 et
883 906 1068 991 Wclleling.

50 1011 77 1068 ad
92 1010 241 1073 Herodot.
259 1030 286 1072 c.
308 1010 330 1073 l.
383 1011 508 1088 Syriam
529 1023 638 1070 autem
660 1022 693 1069 et
714 1007 866 1086 Assyriam
889 1007 1068 1088 promiscue

50 1109 107 1178 dici.
123 1113 203 1194 apud
221 1124 330 1194 poetas
343 1113 492 1182 maxime,
512 1110 624 1172 diserte
639 1109 778 1178 tradunt,
795 1109 952 1173 Herodot.
965 1123 997 1182 7.
1008 1109 1068 1188 65.

49 1209 139 1273 lallin.
159 1231 189 1284 a.
212 1228 247 1276 Ω.
267 1210 289 1274 s.
318 1213 498 1296 docentque
523 1213 668 1293 exempla
695 1211 810 1280 multa,
841 1228 920 1291 quae
947 1209 1069 1271 dabunt

50 1309 176 1375 Bachart.
199 1315 234 1375 in
251 1313 372 1397 Phaleg
394 1331 425 1384 2,
447 1327 480 1394 5.
510 1313 666 1376 seldenus
689 1313 722 1372 in
746 1312 923 1396 prolegom.
940 1313 980 1374 de
998 1313 1069 1374 Diis

51 1411 121 1490 Syria
135 1435 199 1498 cap.
223 1436 254 1478 ι.
273 1435 305 1496 p.
320 1435 366 1476 m.
382 1423 417 1498 4.
442 1416 601 1478 Stanleius
621 1415 659 1476 ad
676 1411 820 1492 Aeschyli
838 1411 942 1474 Persas
959 1433 992 1476 v.
1009 1429 1068 1494 79.

51 1513 156 1578 Salmas.
171 1519 208 1576 ad
226 1517 331 1580 Solin.
349 1535 380 1598 p.
397 1537 441 1577 m.
461 1517 546 1594 867.
573 1515 742 1578 l'enzelius
757 1515 794 1574 ad
812 1514 957 1576 strabon.
975 1517 1015 1578 T.
1032 1525 1069 1594 4.

50 1633 75 1693 Ρ.
91 1629 193 1694 2281.
215 1619 344 1698 aliique.
398 1619 477 1679 inde
500 1637 577 1680 vero
602 1631 633 1678 et
656 1615 719 1698 ipsa
746 1617 836 1692 Syria
853 1619 940 1676 varie
962 1633 1070 1678 exten·

53 1715 136 1788 ditur,
167 1731 199 1780 et
222 1719 323 1780 modo
346 1715 493 1780 latissimo
513 1719 635 1780 ambitu
652 1731 756 1799 patet,
782 1718 879 1780 modo
901 1719 1070 1780 artioribus

53 1815 150 1880 finibus
171 1833 353 1890 coercetur,
387 1821 512 1900 dequo
541 1805 724 1904 (lengroplri
744 1831 923 1902 exponunt.
976 1819 1070 1902 Qraos

53 1922 184 1984 terminos
201 1921 288 1982 lllala
303 1921 480 1993 constituat,
507 1939 538 1984 et
554 1941 629 2004 quas
644 1922 714 1982 eins
728 1934 830 2002 partes
850 1917 951 1992 saciat,
976 1923 1071 1982 docet

54 2031 190 2094 etnexus.
213 2037 247 2084 et
266 2021 330 2106 ipse
348 2023 494 2084 declarat.
533 2021 684 2084 Procedit
703 2034 809 2082 tamen
827 2022 943 2090 ita.·'ut
961 2019 1070 2083 cursus

54 2115 87 2178 lui
104 2143 223 2186 memor
247 2143 317 2186 oras
340 2125 435 2186 maris
453 2125 571 2184 interni
593 2121 804 2206 persequatur.
839 2121 957 2182 Melam
974 2119 1071 2183 relect

52 2218 156 2286 l'l'rniua
172 2239 204 2301 5,
225 2239 280 2302 13.
299 2223 319 2286 s.
344 2241 398 2288 ra.
450 2226 535 2288 Hinc
556 2245 631 2288 vero
655 2239 690 2284 ut
705 2224 896 2284 Britnrmine
915 2224 995 2302 apud
1014 2223 1071 2284 Ca·

56 2324 225 2406 tallnmup.
254 2341 314 2388 st.
339 2327 450 2409 Syriae
475 2328 509 2386 in
532 2326 644 2408 plurali
666 2340 852 2394 occurrunt,
883 2327 966 2404 (vicl.
992 2323 1071 2386 insra

57 2437 80 2491 a.
94 2439 122 2500 7.
143 2440 176 2503 5.
211 2425 361 2490 Priscian.
386 2429 419 2488 in
436 2427 586 2511 periegesr
607 2448 639 2490 v.
659 2411 742 2504 ssa'o.
761 2427 830 2502 ·-)
856 2440 888 2487 et
910 2427 1072 2506 Syriarum

56 2543 96 2584 rex
112 2528 285 2592 Antiochus
306 2541 436 2590 vocatur
454 2547 471 2590 a
492 2531 588 2592 Sexto
610 2527 696 2590 liufo
716 2549 743 2588 c.
764 2547 818 2592 to.
856 2525 907 2590 cf.
927 2549 992 2610 cap.
1015 2539 1070 2608 14.

58 2637 80 2682 et
96 2639 144 2710 14.
174 2632 257 2696 lade
271 2629 433 2692 descendit
448 2621 556 2716 Σύρος
571 2643 603 2690 et
616 2625 751 2715 Σύριος,
775 2644 811 2690 ut
828 2631 910 2710 apnrl
929 2631 1070 2700 Latinos.

58 2730 213 2804 promiscuo
230 2730 298 2802 usu.
323 2733 409 2813 quorl
426 2731 567 2792 inlullrat
582 2731 721 2794 Etrstatlr.
737 2731 774 2792 acl
794 2729 926 2812 Dionys.
942 2752 973 2792 v.
986 2745 1005 2808 5
1018 2755 1025 2792 t
1037 2751 1070 2795 ο.

60 2839 82 2886 at
99 2831 127 2891 in
147 2830 335 2895 Schneideri
359 2833 488 2896 analect.
514 2835 583 2895 crit.
606 2831 676 2895 sasc.
705 2852 733 2894 ι.
759 2852 792 2913 p.
818 2847 876 2894 ar.
907 2832 1071 2906 similibus,

59 2945 82 2990 v.
99 2951 121 2994 c.
140 2933 248 3013 Lyrlns
264 2949 296 2996 et
313 2935 452 3013 Lydius,
477 2953 572 3016 quare
587 2936 682 2995 etiarn
697 2935 837 2994 invicem
852 2935 885 2992 in
900 2933 987 2996 libris
1003 2953 1071 2994 rnu-

61 3041 160 3104 untur.
184 3035 273 3118 qnod
295 3049 422 3096 notatur
437 3038 471 3096 in
488 3035 608 3098 lustino
630 3055 657 3104 ι.
678 3053 706 3096 a.
723 3032 744 3094 s.
774 3034 880 3094 Hirtio
896 3035 934 3096 ale
950 3035 987 3096 B.
1006 3032 1070 3098 rlsr.

11 3161 12 3192 ι
62 3147 181 3211 timu.
215 3138 274 3199 ubi
302 3139 368 3200 vicl.
406 3137 664 3218 Oudendorpius.
712 3135 898 3198 Herodotus
935 3133 1071 3216 praefert

12 3221 14 3244 ’
63 3227 167 3320 Σίριος.
207 3236 276 3320 lpsa
297 3241 387 3322 regio
409 3238 579 3322 angustiori
602 3235 689 3298 sensu
709 3237 742 3298 h.
760 3249 892 3298 vocatur
908 3235 1073 3328 Soristnn,·

62 3331 168 3409 strabae,
194 3339 311 3422 quibus
335 3340 443 3419 Syriae
469 3359 590 3402 nomen
616 3341 766 3422 ignotum
789 3335 847 3406 eil.
880 3357 999 3399 nornen
1022 3337 1072 3396 illi

64 3433 121 3496 lant
139 3441 243 3502 Barr·
262 3441 289 3502 el
310 3442 425 3504 Scirum
448 3443 470 3504 i.
494 3461 521 3502 e.
545 3454 626 3502 terra
652 3437 757 3500 versus
787 3437 935 3500 sinistram
958 3437 1073 3499 scilicet

64 3530 190 3614 lleccam,
206 3557 243 3604 ut
258 3543 398 3606 videtur.
427 3542 498 3604 Vid.
517 3542 641 3621 Volney
654 3541 694 3602 T.
713 3561 741 3602 ι.
760 3559 787 3602 c.
806 3555 866 3603 ao.
880 3561 911 3623 p.
928 3561 971 3603 m.
986 3556 1071 3604 aaa.

121 3740 264 3828 litore)
313 3745 412 3808 Maris
432 3745 666 3808 mediterranei.
700 3729 870 3804 onasva'vs
893 3742 969 3804 MS.
1021 3745 1071 3806 Da

66 3851 125 3902 voca
138 3840 284 3940 introrsus
299 3849 423 3910 dictum
440 3847 483 3908 cll
505 3849 537 3908 in
555 3848 641 3910 notis
655 3845 772 3906 criticis
790 3864 821 3926 p.
840 3855 907 3922 58¹
927 3842 970 3926 sq.

125 4045 257 4136 Coele)
307 4051 412 4135 Regio
429 4052 557 4132 proprie
578 4063 644 4112 erat
659 4048 741 4109 inter
756 4045 918 4106 Libanum
936 4059 968 4108 et
984 4045 1072 4106 Anti·

69 4133 179 4210 libanum
212 4153 286 4218 teila
322 4152 429 4216 Plinio
455 4164 574 4230 fisso.
602 4141 753 4241 [s.,17.]
804 4147 913 4210 Poslea
949 4165 1071 4209 nomen
