2796 4956
337 433 398 502 ψ
605 421 766 481 nonan
806 423 1109 480 nxnenurcan

338 597 462 660 Plinius
482 606 515 672 5.
538 615 568 657 ι.
596 592 629 665 6,
654 607 711 672 35.
730 593 749 660 ῐ.
765 609 823 674 30·
846 595 1022 674 Aegipanes
1041 595 1207 658 substituit.
1243 596 1302 660 Alii
1322 613 1357 662 ta-

339 721 414 762 men
442 696 582 757 diversos
609 693 739 758 faciunt.
792 697 833 758 At
856 697 1033 778 discrepant
1057 699 1166 779 utique
1189 719 1206 760 a
1226 698 1356 770 Silvanie.

339 819 474 882 quorum
493 797 589 858 iacies
610 798 767 866 humane,
803 817 877 857 cum
903 799 1099 880 Aegipanum
1121 796 1217 860 fuerit
1238 803 1356 880 caprina.

296 963 299 972 ,
341 901 487 964 Omnino
503 914 610 960 autem
629 897 829 981 fingebantur
849 893 1105 982 αἰγοπρόσωποι,
1131 887 1231 985 οὗρᾰν
1246 893 1358 984 ἰχθύων

340 997 490 1086 ἔχοντες,
518 1014 555 1059 ut
569 999 751 1080 Capricorni
769 996 895 1082 species.
920 996 1039 1080 inepiue
1060 1001 1207 1082 expreffi,
1230 1003 1359 1065 declarat.

339 1104 402 1168 Sed
418 1104 515 1162 mitto
532 1100 586 1160 has
603 1097 777 1160 fabularum
799 1119 908 1183 nugae.
965 1099 1037 1161 Hoc
1053 1119 1153 1160 unum
1169 1104 1262 1170 addo,
1286 1103 1359 1182 qnod

339 1203 528 1268 Plutarchus
545 1201 578 1260 in
596 1200 706 1279 Gryllo
729 1193 813 1282 (Vol.
829 1219 881 1262 ιο.
901 1219 933 1280 p.
949 1217 1028 1278 ¹¹9·
1041 1201 1092 1262 ed.
1110 1201 1207 1283 Lipi.)
1230 1205 1359 1273 credidit.

338 1305 416 1366 haec
440 1317 473 1364 et
500 1301 609 1363 fimiiia
633 1300 770 1362 monstra
797 1321 836 1362 ex
865 1302 953 1362 coitu
978 1300 1149 1362 hominum
1174 1323 1250 1364 cum
1273 1303 1361 1366 bessiie

337 1418 491 1489 prognata
514 1401 584 1465 effe.
649 1403 688 1462 Et
713 1401 752 1462 iic
774 1401 872 1464 hodie
899 1395 1009 1484 paffim
1035 1403 1111 1464 tales
1132 1403 1280 1466 homines
1300 1425 1361 1466 cum

339 1506 446 1568 candia
466 1516 771 1564 commemorantur.
823 1504 869 1562 lta
892 1501 1029 1564 Gemelii
1050 1503 1158 1565 Cereri
1181 1506 1216 1565 in
1237 1524 1361 1584 voyaaea

338 1609 379 1670 T.
396 1621 428 1684 5.
447 1625 479 1687 p.
491 1605 536 1681 (58
553 1601 593 1685 sq.
619 1603 727 1672 tradit,
753 1604 788 1662 in
807 1601 905 1664 insula
928 1603 1079 1664 Mindoro
1102 1625 1206 1688 prope
1225 1606 1361 1666 Maniiam

337 1707 396 1770 effe
412 1706 561 1768 homines
581 1706 650 1766 eiua
674 1701 804 1766 formae.
855 1703 949 1764 Plura
965 1703 1083 1766 Buffon
1105 1708 1140 1768 in
1156 1707 1242 1792 Allg.
1263 1706 1363 1768 Natur-

338 1806 527 1872 Geichichte
542 1807 582 1868 T.
599 1806 632 1869 6.
651 1825 684 1890 p.
697 1815 748 1885 44
762 1803 805 1886 iq.
829 1803 901 1890 (ed.
917 1801 1044 1888 Berol.)

410 2029 512 2092 quae
537 2003 791 2087 celebretur)
829 2006 913 2071 Plin.
930 2017 964 2084 5,
983 2019 1015 2084 8.
1039 2010 1251 2089 Aegipanum,
1273 2009 1362 2094 quaiis

335 2110 431 2191 vulgo
451 2111 603 2188 pingitur.
622 2099 759 2197 formu
790 2105 847 2167 ubi
863 2105 902 2169 ci.
920 2108 1103 2171 Harduinue
1120 2125 1152 2172 et
1168 2111 1283 2172 Banier
1298 2112 1362 2171 Get·

336 2211 472 2274 terlehre
496 2210 567 2270 Vol.
594 2223 627 2284 3.
647 2227 717 2289 pag.
741 2207 826 2270 666.
873 2209 1014 2272 Li'nneue
1043 2212 1247 2290 lilangianos
1271 2213 1361 2294 io'ngie

335 2313 437 2374 comis
470 2311 639 2389 caudisque
665 2293 832 2369 instructoe
857 2309 916 2370 hac
941 2308 1043 2372 forma
1069 2315 1207 2393 excepit.
1260 2313 1362 2373 Simiae

334 2415 444 2496 potine
459 2411 621 2470 habendae
638 2407 718 2478 funt,
739 2428 871 2489 quarum
885 2411 1006 2491 aliquae
1022 2411 1199 2472 hominum
1214 2427 1361 2474 externam

335 2512 469 2595 speciem
483 2508 635 2577 referunt.
662 2509 764 2569 veluti
782 2507 1016 2590 Orangoutang
1031 2511 1052 2574 i.
1070 2513 1187 2592 Pougo
1201 2513 1307 2582 socio,
1329 2513 1361 2571 de

335 2613 450 2697 quibua
473 2609 566 2672 fufius
589 2611 709 2690 quaerit
731 2609 850 2673 Buffon
865 2613 899 2672 in
915 2610 1029 2676 Geich.
1042 2615 1098 2676 der
1115 2614 1239 2680 Thiere
1259 2617 1298 2678 T.
1315 2627 1360 2689 17.

332 2737 366 2798 p.
390 2727 457 2792 170
474 2711 538 2794 iqq.
561 2711 634 2797 (ed.
649 2708 776 2794 Berol.)

715 3045 861 3112 CAP.
923 3049 983 3113 IX.

381 3237 670 3290 nnmcvnams
698 3239 814 3288 ASIAE
841 3241 1081 3291 nuscanum
1107 3238 1319 3290 Asscruuvs.

482 3428 511 3502 §.
546 3443 574 3488 ι.
624 3427 755 3504 prima
778 3425 904 3508 pars)
955 3425 1357 3500 Nonicilicettota3mm

331 3522 417 3586 Mela
430 3525 516 3586 iliam
531 3544 590 3586 nec
608 3526 703 3594 Asiae.
727 3546 787 3588 nec
805 3523 927 3588 Africae
948 3530 1144 3596 adnumerat,
1169 3549 1271 3608 quum
1287 3546 1311 3588 c.
1327 3533 1356 3605 4.

331 3625 463 3697 dixerit,
498 3617 634 3688 Africam
655 3627 732 3688 Nilo
755 3629 927 3691 terminari.
968 3649 991 3691 ι.
1018 3647 1216 3691 cannovave
1237 3627 1309 3689 MS.
1329 3644 1354 3687 ι.

330 3725 409 3790 Nilo
424 3741 455 3788 et
477 3727 553 3789 alios
569 3741 733 3808 auramque
750 3742 848 3790 terrae
869 3742 990 3809 partem
1013 3731 1182 3792 terminare
1198 3727 1287 3812 supra
1308 3743 1356 3787 no·

329 3839 430 3888 tatum
451 3827 510 3898 est,
545 3831 634 3889 euius
655 3826 741 3888 causa
763 3849 836 3889 cum
854 3829 1008 3892 Strabone
1027 3851 1056 3896 1.
1080 3850 1112 3912 p.
1131 3849 1188 3892 aa.
1205 3828 1227 3892 i.
1246 3845 1299 3912 52.
1326 3827 1355 3884 in

328 3947 368 3990 eo
388 3929 563 4009 quaerenda
581 3931 723 4000 videtur,
755 3929 841 4010 quod
863 3929 970 3993 versus
992 3931 1161 3994 meridiem
1184 3923 1354 4012 iongiffnue

326 4027 500 4111 porrigitur
515 4049 690 4112 magnaque
711 4028 754 4090 est
772 4029 955 4102 latitudine,
985 4047 1022 4094 ut
1040 4031 1205 4114 praetendi
1228 4029 1353 4094 Africae.

329 4127 350 4188 fi
370 4130 441 4213 quie
461 4129 634 4194 amnibus
650 4131 703 4195 vel
724 4131 834 4197 fluviis
855 4143 1009 4200 tanarum
1030 4133 1263 4222 regionumque
1282 4131 1354 4192 finee
