2790 4956
337 440 401 508 524
608 428 770 486 uorru
811 432 1111 490 uxuourrctu

341 611 376 670 in
391 606 470 668 bibl.
491 603 598 667 hislor.
615 604 684 668 Vol.
703 621 736 666 tt.
752 603 789 667 Ρ.
811 623 841 668 ι.
862 625 894 686 p.
916 621 982 678 207
1001 605 1064 688 sqq.
1105 603 1158 668 Cf.
1181 607 1275 670 etiam
1289 607 1369 669 Eich-

342 709 449 772 hornii
465 720 678 768 monumenta
692 701 904 788 antiquissima
920 707 990 770 hisi.
1007 707 1158 771 Arabum.

419 905 564 989 ltine)
616 909 644 972 1.
670 927 699 971 e.
728 907 767 970 ab
792 907 870 972 ollio
897 907 966 970 Nili
989 910 1167 982 Pelusiaco,
1200 913 1250 970 nti
1274 908 1369 974 diserte

344 1012 452 1075 scribit
474 1010 599 1072 Plinius
615 1021 649 1088 5.
675 1008 774 1074 12.s.
796 1027 852 1076 tt.
889 1012 1033 1074 Pertinet
1056 1011 1099 1074 eil
1117 1013 1316 1084 extenditur,
1339 1014 1371 1074 de

344 1133 409 1198 quo
426 1110 465 1176 cs.
482 1112 521 1174 ad
544 1132 572 1184 ι,
592 1125 624 1188 7.
642 1121 676 1189 5.

420 1313 474 1376 od
500 1313 677 1376 Rubrum
704 1311 836 1396 maro)
885 1314 962 1378 Non
995 1316 1035 1378 ad
1070 1314 1171 1378 smum
1205 1314 1373 1386 Arabicum,

346 1437 442 1502 quem
468 1417 589 1478 indocti
615 1415 744 1498 quidam
775 1435 862 1479 mare
887 1415 1034 1479 Rubrum
1060 1419 1237 1499 appellant.
1272 1415 1320 1478 sed
1342 1417 1373 1476 arl

347 1539 433 1581 mare
448 1516 612 1588 Rubrum,
639 1518 679 1578 de
694 1536 757 1598 quo
771 1517 828 1580 lib.
846 1531 877 1598 5.
904 1513 989 1604 [cop.
1008 1513 1062 1605 ss.]
1090 1519 1187 1590 Mela,
1215 1519 1304 1580 cuius
1319 1537 1373 1598 par·

349 1635 396 1684 teo
412 1618 481 1680 sunt
496 1619 634 1680 Perficue
650 1631 683 1679 et
697 1618 847 1682 Arabicus
864 1618 957 1682 finus.
984 1639 1201 1681 ereccourve.
1247 1619 1295 1680 Re
1311 1637 1374 1678 vera

348 1721 458 1784 Arabia
474 1718 536 1803 ipsa
551 1721 646 1804 longe
662 1721 833 1780 maximam
853 1734 974 1802 partem
990 1719 1079 1804 snpra
1095 1721 1267 1782 Arabicum
1283 1719 1374 1780 sinum

349 1823 391 1884 eil
413 1822 482 1893 sna,
512 1834 544 1882 et
564 1835 672 1882 auctor
690 1821 778 1882 hnnc
793 1821 923 1882 videtur
939 1821 1128 1906 distinguere
1144 1843 1161 1882 a
1176 1820 1289 1882 Rubro
1306 1822 1375 1878 mari

348 1921 428 1984 infra
444 1937 477 2002 3.
496 1937 528 1998 7.
548 1937 627 1984 extr.
650 1935 682 1982 et
702 1935 735 1999 8.
754 1925 800 1986 in.
853 1921 1049 2005 Neutiquam
1073 1938 1181 1985 romeu
1203 1941 1278 1984 cum
1299 1920 1374 1984 Circ-

349 2025 443 2086 conio
469 2023 615 2086 indoctos
638 2024 788 2093 dixerim.
814 2027 872 2105 qui
894 2026 991 2086 etiam
1016 2024 1184 2086 Arabicum
1212 2023 1311 2084 sinum
1332 2041 1374 2102 op·

348 2127 468 2208 pellant
488 2122 629 2184 Rubrum
652 2145 754 2198 rnore,·
788 2124 840 2186 sed
860 2144 915 2188 eoo
938 2139 1078 2196 tantum,
1104 2127 1159 2206 qui
1175 2124 1280 2188 solum
1301 2123 1374 2182 hunc

350 2228 453 2286 linum
480 2226 523 2284 ila
546 2225 737 2307 appellatum
764 2227 842 2286 olim
868 2240 993 2308 putant.
1027 2223 1162 2315 [llsultis
1189 2227 1251 2288 hoo
1273 2223 1374 2286 refellit

348 2327 510 2388 llelanrlue
525 2327 564 2387 cle
581 2325 690 2387 Rubro
707 2328 785 2388 mari
802 2329 835 2388 in
850 2326 965 2389 dissert.
982 2325 1150 2390 miscellan.
1168 2329 1206 2390 P.
1230 2349 1258 2388 t.
1280 2349 1312 2388 u.
1327 2315 1372 2406 u]

349 2428 439 2510 Quin
455 2429 513 2488 hoc
536 2425 601 2507 ipso
623 2428 655 2486 in
677 2427 746 2488 loco
764 2448 819 2510 per
835 2426 977 2490 Rubrum
996 2449 1082 2489 more
1098 2429 1254 2512 designari
1274 2439 1372 2508 putent

348 2529 470 2590 elllela
493 2528 660 2588 Arabicum
682 2528 802 2590 linum:
837 2529 991 2610 unidem
1010 2529 1063 2591 hic
1088 2528 1237 2592 describit
1258 2541 1371 2590 tontum

347 2629 491 2692 Arabiam
512 2629 693 2700 Petraeam,
725 2651 804 2710 quae
826 2631 865 2690 ad
888 2629 1052 2694 Oceanum
1074 2650 1139 2692 non
1163 2632 1320 2714 pertinet;
1348 2639 1373 2686 at

347 2730 492 2792 Arabiam
518 2730 653 2792 Felicem
679 2733 783 2792 reiicit
806 2731 840 2792 in
866 2731 983 2794 librum
1007 2733 1149 2796 tertium.
1201 2731 1256 2794 Est
1276 2743 1371 2792 autern

346 2833 398 2892 ille
414 2833 451 2892 ad
472 2832 571 2892 smum
588 2829 755 2892 Arabicum
777 2831 911 2894 fertilior
925 2849 958 2896 et
977 2835 1090 2902 ditior.
1116 2853 1214 2914 quam
1231 2835 1265 2893 in
1280 2831 1372 2893 slerili·

346 2933 406 2994 bne
424 2933 534 2994 arenis.
587 2932 717 2993 Accedit
739 2935 879 3004 Plinius,
906 2936 961 3016 qui
980 2935 1099 2996 Melam
1116 2936 1148 2994 in
1166 2935 1217 2996 hie
1236 2932 1370 3014 sequitur.

227 3071 231 3081 ν
348 3035 405 3096 llle
421 3053 496 3116 ergo
521 3033 574 3094 lib.
591 3045 623 3110 5.
649 3053 675 3095 c.
697 3053 749 3096 tt.
772 3029 817 3120 [s.
835 3027 910 3119 tm]
941 3035 1036 3097 Ultra
1052 3036 1124 3096 Pelu
1142 3056 1248 3096 cocum
1264 3030 1371 3094 Arabio

347 3135 408 3228 est,
443 3134 487 3194 od
508 3131 648 3194 Rubrum
670 3156 756 3196 nune
777 3137 938 3214 pertinens
959 3149 991 3198 at
1012 3128 1210 3224 odoriferam
1238 3135 1371 3196 illumne

347 3237 479 3296 diuitem
503 3248 533 3294 et
556 3232 664 3296 beatae
687 3239 868 3316 cognomine
888 3237 1042 3300 inclitam.
1094 3239 1190 3299 Vides
1208 3237 1263 3298 hic
1284 3233 1370 3296 mani·

344 3336 420 3399 selle
437 3335 582 3396 Arabiam
606 3337 687 3397 banc
705 3335 896 3420 superiorem
912 3338 956 3398 ad
970 3337 1113 3400 Rubrum
1128 3361 1216 3400 mare
1236 3333 1370 3417 distingui

346 3439 385 3498 ab
408 3439 459 3498 illa
479 3439 589 3506 Beata,
616 3439 729 3517 dequo
751 3441 816 3522 agit
833 3442 981 3510 demum.
1007 3460 1105 3521 aeque
1123 3459 1157 3500 ac
1177 3439 1281 3509 Mela,
1306 3435 1368 3496 alibi

349 3541 382 3610 6.
404 3551 461 3616 28.
484 3535 526 3624 [s.
544 3532 621 3621 52]
650 3539 826 3620 Utrobique
841 3554 946 3602 antem
962 3539 1075 3604 diserte
1091 3541 1261 3603 Arabicum
1280 3538 1367 3598 smum

346 3654 442 3702 vocat
463 3661 547 3700 mure
566 3637 720 3702 Rubrum.
773 3641 842 3702 lslic
862 3645 949 3702 enirn
974 3643 1059 3704 smne
1080 3656 1241 3704 extremos
1258 3636 1365 3702 Arabici

345 3742 429 3802 sinuo
463 3739 567 3802 versun
598 3741 720 3820 Syriam
751 3755 784 3802 et
810 3744 966 3824 oppidum
994 3743 1146 3806 trfinoen
1172 3745 1252 3804 dicit
1279 3736 1366 3802 Rubri

346 3843 462 3914 moris,·
495 3841 547 3901 hic
566 3843 708 3904 Arabiam
726 3843 863 3904 Felicem
886 3844 963 3906 dicit
984 3843 1146 3906 interduo
1168 3846 1286 3912 naaria,
1309 3841 1364 3902 Ru·

344 3939 431 4002 brum
458 3953 491 4002 et
516 3941 693 4030 Persicum,
727 3965 916 4021 procurrere.
977 3947 1020 4006 Et
1047 3965 1112 4026 cop.
1142 3961 1199 4042 99.
1235 3941 1276 4032 [s.
1295 3932 1363 4024 35.]

343 4045 469 4105 alveum
493 4043 532 4104 ab
556 4045 666 4106 Rubro
687 4046 764 4104 mori
785 4046 901 4106 intimo
923 4047 960 4107 tul
982 4047 1119 4106 fluvium
1145 4046 1258 4106 Nilum
1282 4042 1363 4103 tradit

344 4145 460 4208 deduci
483 4159 645 4228 coeptum.
683 4165 900 4209 runtzonrve.
952 4147 1041 4210 Bene
1059 4161 1089 4210 et
1113 4146 1312 4230 probabiliter
1331 4143 1363 4202 de
