2764 4958
341 405 403 470 216
608 411 769 471 Noton
810 407 1111 470 uxnouutcln

342 585 417 649 Liv.
434 599 493 657 oe,
514 601 571 656 no,
589 595 623 663 5.
658 584 813 649 Garatou.
836 585 876 647 ad
894 583 963 650 Cic.
979 586 1104 650 Verrio.
1125 603 1155 656 t,
1172 597 1206 668 3.
1229 580 1284 646 nbi
1303 579 1364 646 tue

345 707 431 756 nam,
457 688 543 768 qnod
563 687 596 747 in
612 685 706 748 Livio
727 684 816 770 saepe
834 689 981 754 occurrit.
1031 683 1166 752 Disserit
1184 687 1223 750 de
1238 687 1298 750 hoc
1312 681 1365 747 usu

343 787 459 852 Cicero
482 789 518 849 in
539 786 675 852 Oratore
695 807 765 870 cap.
787 790 848 868 46.

421 989 610 1073 patrios)
658 992 760 1054 Prout
776 991 888 1055 Graeci
904 1005 936 1055 et
950 987 1060 1054 Latini
1074 991 1198 1062 dicunt,
1224 989 1367 1052 vetustate

346 1092 526 1176 religionis¹
545 1091 835 1166 commendabilea,
876 1113 1014 1175 quorum
1046 1095 1150 1175 prima
1185 1089 1365 1154 consecratio

347 1196 522 1277 ignoratur,
548 1207 585 1254 ut
600 1193 805 1276 obponuntur
821 1197 915 1256 novie
929 1215 966 1256 ac
980 1214 1082 1276 nuper
1099 1192 1232 1263 adstitit,
1257 1193 1296 1254 de
1309 1191 1367 1272 qui·

347 1292 409 1355 bue
424 1307 517 1355 notat
532 1295 651 1375 aliquid
667 1295 805 1357 Valestue
823 1297 856 1355 in
872 1296 959 1358 notie
976 1296 1016 1356 erl
1030 1293 1159 1356 Eusebii
1174 1293 1279 1358 histor.
1297 1293 1366 1354 ecci.

346 1415 380 1476 p.
397 1409 482 1474 209.
532 1396 621 1459 'salis
642 1395 728 1478 apud
746 1396 1032 1478 Harpocrationem
1056 1390 1110 1484 [p.
1127 1415 1173 1458 m.
1190 1387 1268 1479 54]
1292 1393 1366 1454 dice·

347 1495 441 1556 batur
462 1495 596 1558 Athenis
624 1490 794 1560 Ἀπόλλων
828 1497 988 1584 πατρῷος.
1030 1517 1055 1560 r.
1084 1515 1278 1558 cnouortve
1299 1492 1366 1556 MS.

349 1597 399 1658 lta
429 1593 544 1680 paffim
562 1598 712 1660 dicuntur
732 1597 795 1660 Dii
820 1599 923 1678 patris
949 1595 990 1661 cs.
1013 1599 1127 1661 Horat.
1156 1613 1190 1661 2.
1214 1597 1266 1660 od.
1286 1602 1365 1672 7,4·

348 1696 461 1760 Cicero
479 1699 514 1758 in
533 1699 656 1762 Verrin.
683 1717 712 1770 t,
736 1713 769 1780 3.
803 1699 913 1784 Virgis.
937 1699 1053 1784 Georg.
1081 1718 1111 1770 t,
1133 1707 1221 1778 498.
1251 1697 1367 1769 Aen.7,

351 1815 435 1878 229.
455 1833 507 1846 —
527 1801 628 1878 patrii
640 1799 728 1863 Divi
747 1802 780 1861 in
797 1801 898 1862 Gratis
913 1799 1177 1885 Cyneg.v.455.
1215 1799 1264 1860 An
1279 1797 1367 1857 iidem

345 1899 407 1961 sint
425 1911 571 1980 penales,
599 1903 788 1984 disputatur.
839 1903 1073 1964 Adfirntaverat
1088 1901 1169 1962 olim
1185 1899 1325 1984 Hyginus
1339 1897 1367 1955 in

348 1999 431 2062 libro
447 2001 486 2060 de
502 2001 563 2064 <tite
584 2003 765 2085 penatibus,
791 2023 886 2085 quern
902 2001 1011 2064 tellam
1028 2003 1106 2064 citat
1127 1993 1308 2062 Macrobioe
1322 1998 1368 2060 Sa·

349 2114 434 2163 turn.
452 2115 484 2180 3,
507 2112 542 2182 4.
569 2105 625 2164 ubi
640 2105 730 2185 plura
744 2103 943 2167 adseruntur.
978 2104 1022 2164 Et
1036 2102 1076 2164 stc
1091 2103 1242 2188 Virgilius
1257 2093 1367 2184 passam·

349 2221 429 2286 quoe
450 2215 583 2285 penates
602 2201 703 2266 Troia
727 2217 876 2267 avexerat
903 2205 1039 2275 Aeneae,
1072 2205 1162 2266 Deoc
1187 2204 1303 2286 patrioe
1323 2195 1368 2258 ad·

348 2305 462 2384 pellat,
488 2317 525 2364 ut
541 2305 618 2365 Aen.
638 2320 671 2380 7,
690 2323 772 2384 229.
806 2303 858 2368 Cs.
872 2305 987 2384 Heyne
1001 2305 1035 2366 in
1048 2303 1180 2366 excursu
1196 2321 1231 2384 9.
1245 2303 1284 2364 ad
1298 2299 1367 2363 seu.

346 2401 404 2465 ub.
423 2419 457 2466 α.
495 2405 558 2464 utu
579 2417 689 2466 contra
712 2390 924 2491 aautn'guunt,
950 2419 986 2466 ut
1008 2404 1119 2487 Nepos
1134 2421 1168 2475 2,
1185 2421 1219 2478 7.
1233 2413 1268 2484 4.
1289 2400 1369 2462 Deos

349 2500 509 2585 publicos,
528 2495 668 2594 suosque
685 2507 808 2584 patrios
821 2525 861 2566 ac
879 2520 1021 2588 penates.
1061 2505 1171 2590 Negat
1190 2506 1269 2567 adeo
1285 2503 1369 2563 Grae·

344 2605 422 2666 ciue
444 2605 485 2664 ad
502 2603 605 2667 Cicer.
627 2607 662 2666 in
678 2605 816 2689 Philipp.
835 2622 868 2678 u,
893 2620 951 2686 50.
975 2625 1048 2668 cum
1069 2605 1244 2687 penatibua
1262 2603 1370 2686 patrios

348 2705 458 2788 iungi,
492 2702 687 2768 adsentiente
710 2707 853 2769 Erneslio
873 2709 912 2768 ad
935 2707 1038 2770 Cicer.
1055 2707 1182 2770 Verrin.
1200 2715 1235 2786 4,
1259 2717 1291 2782 g.
1334 2703 1370 2762 lt

346 2825 414 2867 non
446 2803 659 2878 succurrebat,
695 2807 741 2868 ita
768 2821 801 2869 et
826 2809 960 2892 iungere
989 2807 1101 2892 Virgil.
1134 2807 1218 2869 Aen.
1241 2821 1272 2876 2,
1296 2815 1369 2878 7ι7.

347 2905 516 2990 ipsumque
531 2906 720 2970 Ciceronem
743 2927 802 2992 pro
825 2909 921 2970 domo
943 2928 969 2970 c.
986 2919 1044 2984 57.
1072 2905 1129 2967 ubi
1148 2907 1233 2968 nihil
1253 2907 1296 2966 illi
1311 2919 1370 2962 ruo·

349 3021 501 3079 nuerunt,
532 3021 566 3069 et
588 3009 622 3069 in
638 3009 707 3070 aliia
722 3009 810 3079 locie,
836 3027 919 3090 quae
939 3010 974 3070 in
992 3007 1174 3070 Ernestium
1197 3007 1286 3070 suum
1306 3022 1369 3065 con·

349 3105 440 3192 gessit
459 3109 609 3172 Scheller.
632 3110 666 3170 in
689 3108 812 3172 observ.
833 3129 866 3191 p.
885 3111 945 3174 66.
997 3109 1067 3172 Nec
1089 3107 1154 3192 ipsa
1178 3129 1228 3172 ree
1248 3113 1369 3191 pugnat·

350 3207 435 3272 Corn
454 3213 544 3272 enim
562 3211 658 3290 patrii
684 3209 744 3271 srnt
764 3209 971 3272 emaioribue
992 3209 1100 3271 tradit-i
1117 3211 1315 3291 acceptique,
1343 3213 1370 3263 et

347 3311 446 3373 iidem
466 3310 526 3372 esse
548 3309 674 3391 possunt
691 3311 860 3395 iungique,
891 3324 1001 3374 contra
1022 3309 1157 3392 separari
1174 3324 1207 3372 et
1224 3303 1369 3389 distingui.

347 3424 444 3494 prout
458 3431 506 3473 rea
520 3425 554 3472 et
568 3429 670 3474 nextre
686 3431 795 3473 rerum
816 3413 996 3495 patiuntur.
1041 3408 1093 3475 Cs.
1114 3429 1197 3492 quae
1213 3411 1253 3473 do
1268 3410 1304 3470 iie
1317 3407 1370 3466 dit·

347 3514 477 3594 putavit
490 3512 635 3574 Gronov.
652 3513 686 3574 in
703 3512 840 3575 diatribe
855 3513 889 3574 in
903 3514 1043 3578 Statium
1064 3531 1134 3594 cap.
1148 3521 1211 3590 44.
1254 3503 1369 3571 Graecia

347 3612 496 3700 πατρῷοι
530 3609 615 3695 quast
654 3613 834 3684 domestici,
876 3627 916 3674 ut
950 3613 1126 3696 Sophoclea
1160 3613 1196 3673 in
1228 3608 1367 3673 Trachin.

347 3733 380 3775 v.
399 3727 482 3795 753.
507 3714 546 3776 do
561 3714 657 3785 lore,
684 3713 848 3777 Demoilh.
864 3731 924 3794 pro
942 3733 1059 3777 corona
1081 3733 1113 3794 p.
1134 3722 1217 3791 274.
1240 3697 1369 3796 (lieielc)

348 3814 442 3876 Plato
464 3817 497 3876 in
518 3814 663 3894 Euthyri.
686 3835 718 3896 p.
737 3815 795 3894 63.
817 3813 930 3897 (Bip.)
962 3815 1001 3876 de
1024 3813 1175 3896 Apolline
1194 3825 1228 3874 et
1249 3811 1285 3871 sic
1304 3807 1368 3868 asia.

348 3917 387 3974 ln
414 3934 477 3996 quo
504 3934 583 3977 vero
609 3929 728 3994 quauta
756 3913 851 3976 suerit
881 3929 1030 3977 veterum
1062 3909 1252 3996 superstitio,
1286 3913 1371 3971 docet

292 4068 293 4072 ,
347 4015 531 4097 exemplum
555 4016 694 4078 Didonis
712 4015 747 4076 in
769 4015 887 4078 luslino
909 4027 963 4093 ιθ.
979 4026 1014 4096 4.
1029 4013 1052 4079 s.
1086 4033 1167 4096 quae
1188 4011 1278 4094 Tyrii
1300 4007 1371 4071 lier-

345 4115 424 4180 culie
441 4115 525 4178 sacra
541 4113 649 4181 secum
665 4117 765 4183 vexit.
799 4135 1005 4182 uzecnvctrc.
1054 4116 1100 4182 Ut
1117 4115 1215 4202 ionga
1231 4131 1285 4178 eoo
1298 4126 1372 4172 con·
