2764 4958
172 373 233 433 ru
259 372 395 432 roua.
421 369 531 428 unt.
573 363 660 428 ιι.
702 371 836 436 nun.
878 373 957 444 μ.
1026 389 1089 460 ¹⁰9

44 547 236 632 Partepolis
260 547 296 608 io
324 545 527 608 Sobonbovii
551 541 660 606 libello
685 541 837 608 Proviuc.
861 545 960 612 liom.
981 569 1015 632 p.
1037 572 1085 616 m.

45 651 122 728 767.
147 650 192 713 ad
217 649 337 712 calcem
357 647 508 730 Eutropii
530 642 692 723 verheyk.

109 791 332 893 Hesperio
340 797 359 880 )
398 797 529 860 Nomen
546 797 723 878 antiquina.
746 796 801 859 etii
816 796 855 860 ab
871 799 939 863 aliie
954 815 1088 866 vocator

40 895 215 994 Hesperis.
238 914 278 960 ut
296 921 312 960 a
327 898 490 982 Stephano
506 897 539 960 b.
556 918 590 962 v.
616 897 669 959 vel
685 899 873 980 plerumque
890 893 1086 992 Hesperides.

39 1007 85 1067 Sic
98 1005 194 1066 idern
213 1001 399 1084 Stephanus
418 997 438 1063 l.
452 1019 485 1062 v.
506 991 707 1073 Μάσκωτος,
734 999 844 1077 Scylax
860 1021 891 1084 p.
906 1003 965 1080 46.
985 1004 1085 1070 Hudl'.

38 1105 146 1168 Strabo
165 1119 207 1168 Ω.
232 1123 269 1184 p.
286 1113 345 1183 84.
365 1100 385 1166 l.
406 1113 485 1179 123.
518 1097 862 1182 ro.p.315.l.458.
894 1101 1083 1190 Ptolem.4‚

39 1217 142 1287 4.-
176 1204 316 1267 Plinius
333 1214 365 1278 5,
388 1213 422 1278 5.
445 1197 518 1262 urbs
538 1191 766 1292 Hesperidum.
799 1215 835 1262 ut
856 1200 930 1264 urbs
950 1205 1083 1281 Bootae,

36 1308 211 1390 quomodo
239 1305 338 1364 etiam
363 1302 513 1386 intelligit
533 1299 661 1364 Salmas.
687 1302 726 1361 ad
753 1303 852 1365 Solio.
877 1323 910 1384 p.
933 1325 978 1368 m.
1000 1309 1083 1392 264.

37 1413 135 1490 quiet
151 1410 193 1470 iu
215 1405 331 1487 plurali
346 1404 517 1486 Enallagen
531 1401 681 1485 agnoscit.
698 1417 735 1462 ut
754 1401 872 1485 Cyrene
884 1419 917 1466 et
935 1405 1084 1488 Cyreuoe.

36 1511 184 1571 landem
203 1505 308 1568 etiarn
329 1505 444 1565 dictam
466 1501 525 1565 elie
540 1495 752 1592 Euesperides
768 1501 879 1566 diserte
901 1507 994 1568 tradit
1016 1509 1085 1572 Ste-

37 1611 157 1692 pbenue
175 1609 215 1669 h.
233 1627 271 1670 v.
299 1619 331 1668 et
347 1605 388 1666 iic
403 1605 536 1670 occurrit
550 1605 631 1685 apud
649 1604 805 1668 Herodot.
816 1615 850 1687 4,
872 1623 950 1680 ι7ι.
975 1609 1083 1673 Theo·

36 1707 256 1794 punitum.
278 1707 409 1789 plantor.
426 1705 458 1775 6.
484 1717 516 1784 5.
543 1719 576 1766 et
595 1691 809 1795 Εὐεσπερῖται
829 1707 863 1768 in
883 1707 1031 1772 Pausania
1048 1719 1082 1794 4,

39 1815 90 1876 26.
116 1809 321 1892 aliquoties,
350 1805 494 1868 Diodoro
518 1805 582 1867 Sic.
598 1813 633 1887 4,
657 1808 717 1881 56.
744 1825 826 1888 quoe
847 1809 880 1869 iu
896 1809 1083 1873 Callimachi

35 1917 131 2000 epigr.
152 1927 225 1992 39.
250 1907 282 1969 le
303 1909 446 1992 ignorare
467 1904 623 1968 fatebatur
637 1907 727 1968 Anna
749 1907 839 1968 Fabri
859 1911 940 1970 etin
959 1911 1084 1975 Strabo·

36 2035 72 2078 oe
93 2025 154 2094 ¹4·
191 2032 229 2094 p.
255 2017 342 2091 445.
362 2007 487 2087 6647.
509 2005 670 2070 lacellebat
693 2007 914 2080 casaubonus.
948 2009 999 2072 led
1021 2013 1084 2076 buo

35 2131 137 2198 aperte
154 2109 266 2176 refert
279 2109 457 2190 Stephanue
477 2105 499 2172 i
516 2127 547 2170 r.
568 2103 714 2195 'Eorrpir
732 2123 764 2172 et
787 2104 858 2197 περὶ
881 2105 940 2196 τὴν
958 2106 1082 2198 Σύρτιν

36 2219 126 2300 ponit
143 2209 396 2293 Theophrastus
414 2229 440 2272 c.
457 2210 479 2274 l.
516 2209 566 2270 An
588 2207 635 2269 ibi
655 2207 775 2272 fuerint
790 2211 945 2273 decantati
967 2212 1082 2296 Hespe-

37 2319 140 2378 ridum
159 2314 277 2391 horti,
303 2311 494 2392 disquiratur
515 2310 553 2370 ad
571 2323 603 2390 5,
627 2329 680 2381 ιο,
703 2331 734 2376 ι.
768 2313 890 2374 Eadem
913 2333 989 2378 vero
1012 2315 1083 2400 post

40 2420 196 2502 adpellata
213 2413 260 2476 eli
274 2411 428 2482 Berenice.
454 2431 471 2472 a
487 2410 638 2472 Berenice
653 2411 829 2476 Ptolemaei
848 2434 957 2487 uxore.
983 2437 999 2478 a
1021 2437 1083 2499 qua

41 2522 207 2582 monitam
235 2511 326 2574 fuitle
356 2511 462 2574 scribit
489 2511 590 2575 sottn.
615 2531 642 2576 c.
660 2527 718 2592 5ο.
741 2511 762 2577 l.
787 2529 843 2588 27.
896 2517 1083 2594 Librariiet

38 2618 228 2703 posterioria
249 2615 321 2676 aeri
338 2626 481 2676 auctoree
500 2609 588 2696 saepe
610 2613 686 2674 dant
699 2615 868 2686 Beronice.
895 2633 931 2678 ut
951 2620 1082 2702 Stepha-

38 2743 99 2783 noa
123 2719 146 2783 l'.
165 2739 204 2781 v.
226 2707 393 2802 ‘Eonepi5‚
427 2714 583 2778 Antonin.
605 2715 640 2774 in
662 2715 767 2779 itiner.
789 2737 821 2799 p.
848 2719 906 2792 67.
930 2717 1083 2807 Βερνίκην

38 2835 134 2885 rooat
151 2821 297 2898 Procop.
315 2816 354 2876 de
374 2811 466 2878 aedil.
482 2817 517 2885 6.
537 2830 568 2878 a.
618 2815 656 2876 ln
671 2816 774 2878 rabula
790 2817 973 2903 Peutinger.
993 2823 1081 2886 Vlll.

39 2925 161 3008 legitur
175 2915 346 2981 Berntctate
359 2933 417 2996 pro
430 2915 624 2986 Berenicide.
646 2917 734 2998 quod
751 2917 870 2980 habent
884 2922 978 2981 etiam
995 2937 1083 2984 vete·

38 3045 86 3087 ree
103 3035 266 3088 auctores.
289 3017 700 3098 velutiSil.1tal.3.o49.
727 3019 846 3084 Lucan.
865 3040 898 3100 9.
919 3032 1003 3102 524.
1031 3019 1083 3085 ted

40 3146 108 3186 non
122 3137 196 3186 tam
209 3121 252 3181 tle
268 3117 330 3200 ipsa
344 3117 438 3188 orbe.
461 3137 556 3200 quem
572 3119 612 3181 de
628 3131 698 3180 toto
713 3118 801 3182 urbia
818 3133 927 3183 tractu.
970 3125 1082 3186 Strabo

45 3242 101 3300 17.
120 3246 155 3308 p.
177 3233 266 3299 575.
282 3218 303 3282 i.
319 3219 403 3298 856.
425 3220 458 3279 in
477 3221 708 3300 promontorio.
734 3223 819 3304 quod
837 3222 874 3284 ab
891 3243 929 3285 eo
951 3215 1085 3314 l’fiudo·

42 3327 156 3408 parias
190 3333 339 3390 vocatur.
371 3321 533 3393 conlocat.
567 3318 655 3382 iu'xta
688 3321 793 3383 lacum
819 3323 1023 3386 Tritonidem
1051 3337 1086 3387 et

42 3427 192 3490 Boreum
212 3423 253 3484 ari
273 3422 373 3500 Syrtie
394 3419 512 3491 faucee.
547 3421 661 3502 quibua
685 3425 782 3486 etiam
806 3425 958 3486 admovet
981 3425 1086 3488 Ptole·

44 3537 184 3598 maeno:
200 3522 259 3587 etii
273 3543 290 3583 a
305 3522 410 3584 Boreo
426 3519 560 3608 seiungit
579 3523 660 3586 126.
677 3523 724 3586 M.
742 3524 779 3588 P.
800 3527 958 3588 Antonini
976 3527 1083 3592 itiner.

44 3650 76 3712 p.
92 3627 154 3694 66.
186 3627 224 3688 ln
235 3624 336 3702 Syrtin
352 3623 481 3685 maiorie
496 3625 617 3686 extimo
632 3621 793 3708 (Martian.
808 3623 886 3708 Cap.
904 3627 937 3690 6.
955 3647 986 3709 p.
1001 3641 1085 3703 217.

47 3723 203 3810 ertrmo)
227 3743 330 3786 cornu
349 3723 434 3786 Plio.
453 3733 485 3800 5.
502 3735 534 3801 5.
555 3738 687 3806 uterque
708 3724 747 3786 ab
763 3725 892 3789 Arsinoe
907 3737 967 3806 45.
983 3727 1031 3790 Ni.
1045 3729 1084 3793 P.

49 3829 208 3895 Antonini
233 3827 305 3886 itin.
322 3826 383 3904 46.
406 3837 438 3887 et
451 3824 554 3888 tabula
570 3825 752 3912 Peutinger.
768 3837 826 3907 53.
844 3827 891 3890 M.
906 3827 943 3890 P.
977 3826 1028 3892 cf.
1045 3829 1086 3892 ele

48 3929 101 3995 bae
123 3930 212 3994 urbe
226 3925 410 4012 Weffeling.
427 3927 462 3988 in
483 3925 617 3992 diatribe
638 3928 679 3992 tle
703 3927 775 3992 lud.
796 3927 951 3994 Archont.
968 3948 1035 4014 cap.
1051 3938 1085 4014 5.

48 4031 87 4098 Η.
108 4045 252 4118 putatur
272 4027 333 4090 effe
355 4028 479 4094 Bemic.

90 4181 194 4256 Poup·
211 4177 308 4236 Meta.
332 4177 448 4252 Exeger-
465 4175 543 4236 LI.
801 4181 832 4248 0
