2922 4958
283 339 345 417 624
552 341 711 402 noran
749 344 1054 404 cancarrcaa

285 517 403 603 Geogr.
419 516 609 590 Ravenna.
630 536 685 584 aa.
721 521 760 583 ln
786 537 838 582 ora
864 534 972 585 tamen
995 521 1160 588 Colchidis
1181 521 1329 586 maxime

284 618 441 690 habitalle.
466 621 609 683 adfirmat
622 623 759 686 Ptolem.
777 635 810 700 5,
834 641 886 687 ιο.
910 620 967 684 ubi
985 641 1090 688 tamen
1105 645 1202 709 prave
1216 620 1334 710 Aai(oa
1443 649 1444 704 3

284 736 454 791 vocantur.
480 737 517 782 ut
537 742 577 784 ex
599 725 705 786 Plinio
723 725 755 795 6,
771 733 806 804 4.
826 725 969 807 adparet.
994 729 1050 808 qui
1069 729 1104 790 in
1121 725 1331 790 Colchorum
1443 711 1444 714 ¹

284 825 414 906 populis
446 822 596 887 recenset.
646 826 740 888 Plura
773 827 914 911 conlegit
947 827 1101 892 Stuckiuc
1133 832 1174 890 ad
1199 829 1329 893 Anien.

284 944 357 1009 pag.
379 939 456 1004 ¹⁰3·
492 927 543 988 Da
557 926 751 990 Colchorum
767 931 902 991 nomine
919 926 959 992 cf.
976 930 1116 992 Eullath.
1131 931 1171 992 acl
1190 927 1331 1009 Dionys.

286 1046 321 1090 v.
340 1025 423 1105 689.
465 1027 568 1112 Regio
590 1029 669 1091 olim
693 1031 754 1091 lata
778 1032 897 1112 patuit.
928 1033 1047 1114 quippe
1070 1031 1122 1093 cui
1140 1031 1331 1114 Xenophon

287 1127 328 1190 de
346 1127 458 1211 exped.
477 1117 510 1206 5.
527 1143 559 1208 3.
576 1141 610 1209 4.
633 1115 785 1192 adtribuit
802 1120 981 1201 Ceralu'nta.
1008 1146 1040 1195 et
1061 1142 1095 1212 4.
1113 1143 1146 1209 8,
1170 1148 1223 1208 ι7.
1247 1133 1333 1194 Tra-

287 1242 440 1312 pezunta.
483 1232 566 1312 quod
593 1233 722 1311 quidem
743 1232 813 1294 eina
837 1233 994 1294 ditionem
1025 1232 1160 1315 spectare
1182 1234 1329 1297 videtur.

287 1331 437 1393 Arrianae
452 1332 486 1391 in
504 1333 626 1414 periplo
639 1353 670 1415 p.
692 1353 746 1396 ιι.
762 1331 862 1396 Hudl.
888 1337 1104 1396 conterminos
1121 1333 1193 1396 facit
1206 1336 1330 1417 Trape-

288 1434 426 1495 zuntioa.
479 1432 605 1515 Nempe
626 1433 694 1516 poll
711 1435 807 1496 arcina
831 1438 983 1496 contracti
1007 1435 1079 1497 lunt
1100 1435 1230 1498 limitet.
1277 1439 1330 1498 lta

290 1532 402 1595 Strabo
424 1553 477 1595 ιι.
495 1553 527 1614 p.
545 1547 626 1618 342.
645 1533 666 1596 l.
682 1547 768 1615 497.
800 1551 855 1599 ra.
871 1557 904 1620 p.
919 1549 1002 1616 378.
1023 1534 1042 1598 l.
1061 1547 1145 1616 548.
1168 1557 1185 1597 ι
1207 1537 1328 1620 Trape·
1443 1573 1444 1580 ι

289 1647 388 1696 znnte
417 1634 541 1716 incipit.
598 1637 799 1699 Ptolemaeus
822 1648 856 1714 5.
888 1657 942 1700 ιο.
977 1639 1057 1700 intra
1091 1637 1259 1700 Phafidem
1290 1650 1329 1700 et

173 1721 181 1738 ⁸
291 1736 443 1798 Coracem
461 1733 494 1796 ll.
516 1755 617 1820 propa
636 1736 872 1800 Dioscoriadem
892 1739 1045 1810 includit.
1071 1752 1103 1800 et
1121 1739 1260 1823 Procop.
1282 1739 1327 1801 de

289 1837 328 1899 Β.
348 1836 446 1901 Goth.
461 1849 495 1916 4,
515 1854 546 1902 a.
570 1841 739 1922 impugnat
758 1857 828 1909 eoa,
860 1840 914 1920 qni
933 1839 971 1899 ad
994 1841 1194 1922 Trapezunta
1215 1855 1327 1902 exten·

291 1940 384 2009 dant.
416 1940 889 2002 veterumlininrnimmemor.
941 1943 991 2001 De
1009 1942 1207 2004 Colchorum
1228 1941 1328 2002 mori·

290 2039 397 2103 buret
413 2041 554 2102 doctrina
569 2036 690 2102 consuli
706 2039 808 2124 potest
823 2039 997 2103 Bochartne
1012 2062 1039 2104 c.
1056 2043 1077 2104 1.
1100 2042 1141 2104 de
1156 2042 1328 2105 recentiori

287 2139 367 2207 llatu
386 2139 582 2205 Tournalort
597 2162 630 2228 p.
646 2161 690 2206 m.
709 2157 789 2206 roa.
805 2161 832 2204 c.
849 2143 872 2206 l.
907 2143 949 2205 H.
966 2156 1098 2206 vocatur
1112 2143 1300 2226 Mingrelia.

364 2336 579 2436 Phasis)
631 2346 686 2408 Gr.
712 2343 814 2420 Φᾶσις
840 2342 861 2406 l.
887 2341 997 2428 passim
1024 2338 1142 2425 Φιῖσις,
1175 2335 1325 2426 Φάσιδος,

290 2447 468 2530 penultima
491 2448 586 2530 longa
607 2459 640 2510 et
660 2465 775 2531 genere
798 2445 987 2516 masculino.
1019 2460 1056 2506 ut
1073 2459 1240 2530 poetarum
1256 2447 1326 2508 loca

291 2547 416 2608 docent.
452 2545 500 2607 Cf.
519 2535 614 2606 etim'
630 2547 803 2607 Burmann.
818 2548 854 2606 ad
872 2547 991 2610 Lucan.
1010 2561 1042 2626 3.
1060 2563 1144 2621 271.
1184 2548 1233 2608 Ex
1248 2561 1323 2610 nota

290 2647 462 2731 periphrali
482 2647 598 2708 dicitur
618 2643 785 2737 Phasidos.
812 2645 990 2738 Plrastocae
1007 2648 1119 2709 aradae.
1154 2648 1248 2710 Prius
1268 2667 1327 2711 no·

291 2769 367 2810 men
395 2747 456 2810 fnit
481 2752 649 2818 Arcturus,
679 2746 1013 2825 (Pseudo-Plutarch.
1044 2753 1084 2810 de
1112 2749 1220 2810 flurin
1247 2747 1267 2811 l.
1291 2769 1324 2813 v·

290 2849 417 2928 Phaia)
444 2852 494 2911 cni
521 2847 656 2911 lucceffit
677 2845 809 2940 Pdofis.
841 2849 1027 2920 aPhalide.
1054 2851 1087 2911 in
1112 2868 1176 2931 quo
1192 2850 1326 2932 quidem

291 2951 543 3015 consentientem
580 2951 675 3012 habet
712 2951 910 3012 Eul‘tathium
947 2951 985 3011 ad
1016 2949 1147 3030 Dionys.
1177 2971 1211 3014 v.
1240 2957 1325 3030 ⁴¹89·

290 3055 317 3117 l
340 3057 426 3134 Syria
449 3069 555 3114 tamen
577 3053 692 3136 repetit
709 3053 884 3114 Bochartua
906 3054 938 3111 in
960 3052 1079 3135 Phaleg
1094 3063 1129 3130 4,
1146 3067 1204 3127 31.
1231 3065 1270 3113 ut
1287 3053 1326 3113 fir

290 3158 396 3224 rivua.
430 3153 564 3218 flumen.
617 3157 667 3215 Da
693 3154 761 3215 eiua
787 3167 859 3213 ortu
885 3151 1063 3235 discrepant
1088 3168 1248 3220 auctores.
1283 3171 1325 3214 ex

290 3255 405 3340 quibua
432 3267 537 3315 tamen
560 3258 708 3316 omnium
739 3255 873 3315 minime
903 3253 1080 3314 audiendae
1102 3253 1146 3316 est
1175 3253 1325 3336 Orpheua
1443 3305 1444 3308 ,

289 3361 411 3442 Argon.
439 3377 471 3419 v.
497 3367 579 3435 748.
617 3357 670 3436 qui
700 3375 738 3417 ex
769 3357 868 3418 llraxe
895 3355 1034 3419 deducit.
1092 3355 1215 3416 Plinius
1234 3358 1268 3425 6.
1288 3365 1326 3434 4.

288 3459 393 3521 fontes
413 3455 548 3520 ostendit
570 3459 602 3518 in
622 3454 775 3526 Molchia.
807 3456 934 3518 Solinua
956 3475 983 3517 c.
1003 3471 1059 3519 ao.
1078 3453 1099 3518 l.
1118 3469 1176 3533 75.
1200 3457 1234 3518 in
1255 3455 1327 3518 Mo·

289 3560 434 3622 lchorum
452 3559 627 3620 montibus.
659 3559 842 3620 Secundum
860 3556 1048 3618 Strabonem
1071 3575 1125 3618 aa.
1148 3577 1218 3642 pag.
1238 3566 1326 3636 345.

290 3661 312 3726 l.
325 3673 411 3742 498.
437 3679 530 3742 quem
549 3660 653 3721 reddit
667 3660 761 3721 etiam
778 3661 979 3739 epitomator.
1003 3659 1103 3720 oritur
1115 3659 1149 3719 in
1157 3658 1326 3720 Armeniae

288 3765 456 3826 montibus
481 3759 565 3842 snpra
587 3761 720 3822 iberiam
742 3771 774 3821 et
796 3779 834 3820 ex
851 3760 959 3820 multia
982 3757 1124 3820 lontibua
1141 3759 1325 3844 conligitur.

289 3863 396 3948 (idem
423 3879 475 3927 aa.
503 3884 534 3945 p.
555 3873 638 3940 845.
664 3859 684 3924 l.
709 3857 814 3943 8ου.)
863 3861 915 3922 Sic
940 3858 1070 3940 Dionyl.
1094 3881 1126 3920 v.
1149 3858 1233 3938 694.
1265 3856 1325 3924 rie-⁸

290 3958 400 4054 οὔρεος
432 3962 605 4050 Ἀ’(ιμενίοιό
639 3949 834 4050 ἀρξάμενος,
872 3963 921 4022 uti
957 3977 990 4021 et
1022 3963 1141 4042 repetit
1175 3958 1325 4024 Priscian.

288 4089 321 4131 v.
342 4069 425 4142 6⁷5·
453 4080 485 4126 et
502 4065 669 4128 tradiderat
686 4065 920 4133 Eratosthenes.
943 4061 1018 4125 telle
1035 4061 1142 4124 Schol.
1159 4061 1327 4146 apollonii

286 4169 350 4235 ilh.
367 4169 406 4233 ad
424 4184 457 4241 a.
476 4177 562 4251 4οι.
600 4167 855 4240 Amarantoruur.
882 4163 1025 4230 Colchici
1047 4161 1169 4252 populi.
1194 4177 1326 4230 montet
