2892 4950
185 409 238 468 ιιι
265 408 401 468 nour.
429 411 537 467 nnn.
578 411 661 468 cr.
702 409 850 472 cxvtr.
892 411 972 482 ee.
1034 421 1096 488 σοι

54 583 214 667 Vinding.
232 583 266 644 in
280 583 415 646 Hellene
436 603 468 665 p.
487 591 573 663 447.
593 583 646 663 (in
663 583 808 645 Gronov.
826 582 905 648 thel.
924 581 995 648 Vol.
1014 587 1093 662 11.)

54 699 90 748 et
104 683 209 746 Walle
225 685 265 746 ad
281 685 429 764 Thucyd.
442 697 474 763 3.
492 695 550 766 54.
574 713 624 728 ··-
658 686 697 746 ln
711 685 879 747 maritimis
895 687 994 770 igitur
1010 686 1095 747 urbi·

55 786 122 848 hue
143 786 271 848 alteram
296 783 458 846 recensent
478 786 616 848 Ptolem.
640 797 674 862 5.
701 799 734 848 a.
752 785 886 868 aliique,
919 787 974 870 qui
994 787 1094 850 etiam

55 887 136 948 hnic
154 887 229 948 litui
249 901 321 966 apta
341 887 479 956 addunt.
511 887 614 949 veluti
636 887 791 968 adpellere
812 886 1005 971 Colophona
1023 889 1095 952 alie·

56 1008 124 1070 que
141 1007 158 1048 a
177 987 379 1070 navigatione
395 989 503 1068 petita.
542 985 692 1049 Nauticae
705 987 803 1050 etiam
817 987 1095 1072 Colophoniorum

56 1095 169 1171 copiae
193 1107 321 1171 magnae
347 1089 427 1150 olim
451 1085 558 1158 inille,
589 1086 686 1152 refert
709 1087 820 1152 Strabo
840 1099 896 1170 14.
917 1110 990 1176 pag.
1006 1099 1093 1176 4411.

57 1189 79 1252 l.
99 1191 186 1268 645.
215 1190 281 1272 Qui
298 1189 395 1271 igitur
410 1187 635 1270 Colophonem
654 1191 687 1250 in
701 1191 938 1254 mediterraneis
953 1205 1094 1274 ponunt,

56 1304 93 1351 ut
110 1289 224 1370 Scylax
246 1309 278 1371 p.
296 1303 353 1368 57.
369 1289 469 1352 Hudl.
496 1291 621 1352 meliori
637 1292 762 1352 adiutus
783 1291 1001 1364 distinctione.
1029 1293 1094 1356 Pli-

56 1394 134 1452 uiue
151 1401 185 1467 5,
203 1403 262 1469 31.
280 1389 300 1451 l.
318 1407 376 1469 29.
398 1389 599 1472 (promiscue
620 1411 658 1453 ex
680 1393 748 1454 aliie
764 1391 815 1454 lua
831 1388 1021 1476 excerpent)
1042 1425 1094 1444 -

56 1506 206 1554 veterem
220 1490 333 1552 urbem
350 1493 545 1576 intelligunt,
568 1511 647 1574 quae
664 1493 767 1554 diruta
781 1495 956 1556 incolarum
970 1507 1094 1578 partem

56 1593 199 1654 Notium
225 1591 337 1656 emilit.
362 1591 528 1677 (Thucyd.
548 1609 580 1668 7,
602 1603 655 1673 14.
673 1589 742 1675 in.)
793 1597 843 1657 De
864 1610 1001 1678 utroque
1020 1614 1094 1680 pro·

56 1695 156 1755 lixam
179 1693 430 1774 disputationem
454 1693 588 1756 instituit
609 1693 782 1757 Schneider
802 1697 838 1756 ad
856 1697 1003 1780 Xenoph.
1021 1696 1093 1761 hill.

58 1796 117 1858 Gr.
138 1815 168 1864 ι,
187 1810 220 1862 c,
243 1805 278 1868 4.
331 1794 408 1858 Sive
428 1797 526 1880 igitur
546 1793 648 1878 iplum
676 1797 813 1859 Notium
838 1793 975 1860 lucceffit
996 1796 1094 1860 Colo·

57 1897 163 1979 phuni
182 1895 292 1966 reteri,
320 1894 382 1958 five
403 1915 503 1980 prope
518 1911 603 1960 nova
616 1897 788 1979 Colophon
805 1897 955 1959 exstructa
971 1897 1023 1969 eil,
1049 1899 1095 1960 ite

58 2011 168 2058 tamen
190 1995 260 2077 post
283 1995 397 2078 opibua
415 1998 566 2068 invaluit,
591 2011 628 2058 ιιι
645 1997 804 2060 Antiocho
825 1997 926 2080 pollet
944 1997 1091 2061 relillere.

57 2100 147 2176 (Lir.
164 2111 224 2176 37,
243 2097 301 2160 26.
316 2102 375 2176 m.)
413 2098 497 2162 Cum
514 2099 598 2161 Mela
613 2111 734 2182 aperte.
761 2099 902 2162 indicato
918 2099 1095 2172 conditore,

59 2215 206 2262 veterem
233 2195 406 2268 recenseat,
440 2219 514 2260 cum
542 2181 627 2263 nova
651 2201 690 2262 ad
720 2219 804 2262 mare
827 2199 880 2260 lita
901 2199 1095 2272 commiscet,

59 2315 131 2362 tum
160 2317 239 2360 vero
270 2300 366 2362 etiam
396 2299 464 2382 post
490 2301 642 2364 Lebedon
667 2303 779 2384 ponit,
813 2299 900 2362 iecur
925 2313 1019 2382 atque
1040 2301 1097 2364 alii

59 2399 192 2462 iaciunt.
224 2401 315 2478 (Vid.
336 2401 482 2463 Strabon.
505 2413 560 2484 14.
582 2423 613 2484 p.
632 2412 717 2484 442.
741 2401 763 2465 l.
784 2403 869 2482 643.
899 2401 1012 2482 Scylax
1027 2401 1095 2466 c.l.

59 2499 187 2564 inversa
209 2500 263 2562 hic
283 2498 514 2586 progressione,
548 2516 585 2564 ut
612 2503 750 2564 Ptolem.
768 2513 800 2579 5,
824 2519 858 2565 2.
890 2503 995 2565 tabula
1014 2503 1095 2566 Pen·

59 2605 178 2687 ringer.
194 2618 229 2680 9.
245 2601 304 2678 E.)
357 2603 446 2664 Varie
468 2616 575 2664 eutem
600 2602 674 2665 urhe
700 2603 854 2668 inclaruit.
904 2603 982 2666 Nati
1007 2605 1097 2669 enim

59 2707 93 2766 in
113 2723 151 2764 ea
168 2699 241 2763 lunt
262 2701 491 2775 Mimnermue‚
514 2703 684 2788 elegiarum
701 2701 848 2788 scriptor,
872 2705 1096 2788 Xenophanen.

59 2803 223 2889 physicus,
245 2801 383 2864 stilorum
399 2817 519 2876 auctor,
542 2805 771 2884 Polymnum,
794 2805 938 2868 musicae.
963 2805 1096 2888 (Strabo

61 2902 150 2986 cl.)
199 2905 340 2988 Quidam
374 2907 472 2967 etiam
506 2905 684 2967 Homerum
715 2907 784 2968 eius
809 2907 912 2966 civem
939 2903 1095 2969 feceruut.

61 3007 178 3085 (ldem
195 3018 228 3066 et
242 3004 355 3068 Cicero
373 3007 412 3068 de
430 3005 541 3068 Archia
561 3025 627 3089 cap.
645 3019 678 3084 8.
712 3004 919 3068 Antimachus
932 3018 965 3067 et
980 3005 1096 3066 Nican-

61 3110 120 3172 der
134 3107 223 3189 apud
239 3119 403 3168 auctorem
420 3107 554 3170 Homeri
573 3108 656 3168 vitae
673 3109 717 3170 in.
744 3107 779 3168 in
796 3107 885 3168 Celei
906 3103 1012 3187 opusc.
1027 3124 1097 3186 my·

61 3209 146 3272 thol.
164 3227 236 3291 pag.
254 3210 359 3285 283.)
403 3207 466 3270 Sed
492 3207 676 3290 polleriorea
700 3208 735 3268 hi
760 3208 825 3270 duo
850 3207 966 3289 patriae
988 3223 1099 3269 amore

61 3311 170 3380 ducti,
198 3309 316 3391 quippe
333 3307 388 3390 ipsi
407 3307 624 3390 Colophonii.
655 3322 692 3370 ut
712 3307 857 3390 pluribus
878 3309 972 3370 docet
992 3305 1098 3371 Schel-

60 3411 206 3494 leuberg.
226 3411 260 3470 in
283 3407 410 3492 praelat.
425 3409 465 3471 ad
482 3409 662 3471 Antimachi
682 3409 829 3491 reliquiae
845 3428 877 3490 p.
895 3419 916 3486 5
931 3406 994 3489 sqq.
1035 3409 1100 3470 Ex·

61 3513 175 3576 celluit
196 3527 293 3594 porro
312 3510 387 3572 urbe
406 3510 568 3592 equitatu,
608 3512 652 3572 ita
671 3515 709 3572 ut
730 3512 797 3574 eine
817 3527 878 3591 ope
899 3509 981 3570 bella
998 3510 1099 3591 impe·

62 3615 134 3676 dita
153 3626 187 3674 et
202 3608 343 3674 difficilia
359 3611 599 3681 dirimerentur,
632 3612 717 3673 unde
738 3609 944 3694 proverbium
965 3623 1097 3671 enatum

62 3715 119 3786 eil,
142 3704 203 3776 τὸν
221 3708 413 3794 Κολοφῶνα
431 3708 598 3798 ἐπέθηκεν.
624 3712 750 3796 (Strabo
767 3732 794 3774 c.
815 3711 837 3773 l.
863 3711 977 3792 aliique
993 3727 1099 3794 paroe-

63 3814 259 3901 miographi
285 3826 370 3876 etex
384 3813 615 3876 recentioribus
627 3795 771 3875 Erasmus
786 3813 925 3896 adagior.
939 3827 971 3882 a,
982 3807 1101 3894 3‚45.)

62 3919 102 3980 ld
126 3934 206 3979 vero
226 3915 352 3976 Pliniue
375 3927 408 3991 8,
432 3911 491 3978 61.
509 3913 531 3977 s.
547 3923 608 3994 4ο.
634 3913 820 3977 cohortibus
842 3931 958 3973 canum
979 3911 1100 3982 tribuit,

62 4037 145 4102 quae
158 4017 279 4100 primae
295 4017 330 4078 in
345 4015 411 4078 acie
426 4015 668 4089 dimicaverinta
691 4033 786 4097 quare
799 4014 896 4076 etiam
911 4012 975 4074 huc
990 4031 1102 4074 canem

62 4117 221 4222 referem,
245 4117 282 4184 in
297 4117 406 4184 111111ιί1
421 4115 608 4206 adpetitum.
644 4115 718 4184 Vid.
735 4113 854 4182 llalohe
869 4115 903 4178 in
919 4113 996 4180 Lex.
1010 4133 1101 4178 num.
