2852 4946
278 441 329 499 ttt
356 439 495 499 tontt’.
525 441 633 498 MEL.
676 439 712 498 1.
733 441 757 497 t.
800 440 834 500 0.
856 439 935 502 ΧΠ·
1073 449 1138 521 455

88 615 215 682 Isidoro
240 615 321 700 orig.
348 613 403 676 lib.
433 627 488 688 17.
522 633 661 696 eumque
686 614 719 675 in
753 613 803 678 hit
830 613 955 679 secutur
981 615 1137 682 Mannert

87 741 123 806 p.
148 727 275 796 132.c.
293 717 316 780 l.
368 715 431 778 Sed
455 733 552 798 quem
576 735 658 800 vage
682 728 798 776 notant
827 715 935 778 lsidori
966 716 1072 780 locum
1093 740 1134 782 ex

89 821 183 904 Orig.
199 817 255 880 lib.
277 829 330 892 17.
349 834 377 878 c.
397 835 451 880 to.
476 816 573 901 longe
589 817 615 879 ie
631 813 752 879 diversa
769 817 810 880 do
823 817 972 888 oleribus,
994 838 1134 900 quorum

88 935 161 984 erat
185 917 335 1002 phaseiua
359 915 379 979 s.
406 915 538 988 saseltto.
569 915 778 1002 persequitur.
822 915 874 982 Cs.
897 917 1071 982 Schneider
1096 921 1133 984 in

12 1097 16 1108 .
88 1023 197 1084 indice
217 1021 257 1082 ad
283 1017 445 1101 scriptores
464 1020 510 1080 rei
530 1017 661 1081 rusticae
676 1019 708 1082 h.
725 1039 759 1080 r.
809 1019 871 1082 Sed
895 1021 949 1101 qui
971 1021 1133 1102 prolixam

90 1124 346 1205 disputationem
370 1121 409 1182 tle
428 1119 486 1182 hac
502 1139 584 1181 voce
604 1121 735 1202 eiuaque
754 1120 950 1203 etymologia
968 1121 1131 1193 desiderat,

89 1226 180 1286 adire
196 1221 297 1306 potest
313 1215 456 1286 Voffium
473 1223 514 1284 ad
528 1221 647 1286 Catuli.
663 1232 698 1302 4.
714 1222 760 1286 in.
786 1221 991 1285 Hodiernum
1006 1204 1142 1286 nomen.

88 1326 155 1416 legi
177 1321 314 1390 fanda.

166 1549 191 1589 a
216 1515 396 1616 Mopso)
445 1525 525 1590 Eine
546 1526 745 1590 mentionem
759 1528 854 1590 iterat
869 1547 938 1612 cap.
958 1541 1013 1602 17.
1040 1527 1131 1590 etde

82 1648 130 1694 *eo
148 1631 217 1714 agit
231 1629 351 1690 Seneca
367 1627 401 1686 in
418 1625 533 1690 Medea
551 1649 583 1694 v.
595 1630 679 1708 556.
705 1623 833 1718 [655.]
857 1631 912 1692 etlt
929 1625 1141 1692 contundens.

89 1731 157 1792 duo
183 1726 332 1809 Mopsoa.
357 1744 493 1808 quorum
516 1729 594 1790 alter
612 1729 702 1792 venit
723 1731 755 1791 in
773 1728 929 1799 Africam.
956 1729 1009 1790 hic
1028 1729 1138 1790 nollec

88 1843 220 1916 praeter
243 1827 442 1890 Phaselidem
465 1829 496 1888 in
512 1829 703 1912 Pamphylia
727 1831 890 1892 conditam
914 1828 1011 1891 habet
1033 1830 1138 1892 aliam

88 1931 304 2002 memoriam,
341 1929 373 1988 in
398 1929 512 1992 Cilicia
535 1951 651 2012 nempe
676 1930 923 2014 Mopsuestiam..
953 1950 977 1991 t.
1000 1949 1132 1992 anono-

88 2052 170 2094 νινε
193 2031 271 2094 Μ8.
333 2027 420 2090 lnfra
456 2029 589 2094 Mantua
622 2033 722 2094 fitium
758 2029 851 2102 facit,
889 2027 988 2113 ipsam
1016 2029 1136 2096 Manto

90 2131 234 2195 Tiresiae
249 2132 370 2201 liliam,¹
385 2131 471 2212 quod
489 2133 657 2194 confirmat
672 2132 786 2196 Strabo
805 2137 858 2212 1‘3.
874 2153 906 2214 p.
915 2142 1000 2211 442.
1012 2127 1032 2191 s.
1046 2128 1136 2211 642.

90 2237 222 2316 aliiqne.
270 2223 307 2294 ln
330 2245 419 2314 patre
440 2246 548 2294 tamen
571 2231 771 2296 dissentiunt.
825 2234 888 2294 atii
911 2233 997 2294 enim
1022 2229 1131 2293 serant

88 2335 294 2420 Apollinem,
335 2347 374 2392 ut
405 2331 522 2394 Conon
554 2347 672 2397 narrat.
697 2331 730 2398 6.
766 2333 881 2397 Strabo
907 2345 961 2414 alp.
988 2354 1019 2415 p.
1043 2333 1132 2411 4⁶4·

89 2437 113 2501 s.
129 2437 217 2520 675.
245 2435 298 2495 alii
319 2433 490 2504 Rhacium,
519 2449 554 2495 ut
574 2433 746 2518 Pausaniae
762 2451 794 2506 7,
815 2449 847 2516 3,
869 2455 896 2496 t.
919 2447 952 2494 at
975 2435 1008 2494 in
1027 2449 1131 2497 aet-ato

89 2539 174 2601 circa
189 2538 333 2598 Troiana
350 2547 494 2617 tempora
512 2531 724 2598 conveniunt.
775 2539 876 2618 Saepe
895 2533 1041 2597 miscetur
1057 2555 1133 2596 cum

90 2641 154 2702 alio
171 2634 298 2718 Mopso,
316 2636 451 2716 Ampyci
468 2637 543 2706 atto,
566 2653 605 2697 etr
623 2639 826 2722 Argonautis,
850 2638 898 2696 uti
913 2638 1039 2706 monuit
1056 2637 1133 2697 Bor·

89 2759 233 2802 mannua
259 2739 394 2817 aliique,
425 2755 504 2816 qttna
527 2738 636 2798 laudat
657 2739 690 2800 in
707 2739 854 2822 catalogo
878 2738 1135 2820 Argonautarum

90 2841 148 2903 sub
165 2841 199 2902 h.
216 2861 248 2900 v.
274 2850 307 2898 et
322 2855 436 2920 augere
453 2837 553 2918 potell
564 2839 712 2900 Barthiua
729 2839 768 2899 ad
784 2837 991 2903 StatiiTheb.
1003 2851 1033 2916 5,
1048 2851 1091 2913 52
1102 2859 1131 2900 r.

90 2941 272 3026 Distingttit
286 2952 456 3020 utrumqne
471 2936 584 3000 diserte
605 2953 715 3001 notata
733 2941 882 3001 cantione
895 2939 1007 2999 Strabo
1023 2935 1068 2997 lib
1098 2957 1133 3016 9.

90 3059 175 3105 extr.
219 3037 269 3104 Cs.
290 3037 380 3122 snpra
405 3039 518 3121 capitis
542 3041 636 3102 initio
662 3043 701 3102 de
723 3041 912 3120 Pamphylia
935 3053 966 3101 et
989 3037 1070 3099 infra
1091 3037 1136 3100 ad

90 3165 161 3228 cap.
189 3157 244 3217 17.
266 3155 298 3203 Ω.
348 3141 388 3201 At
409 3141 537 3224 gravina
555 3141 642 3202 valet
662 3141 700 3201 acl
727 3139 958 3223 Geographica.
985 3140 1072 3222 qnod
1093 3141 1135 3201 do
1166 3207 1174 3222 ‚

89 3251 164 3310 eine
178 3243 371 3326 migratione
388 3237 531 3302 reserant
550 3255 694 3304 auctorat
707 3243 747 3302 tle
763 3241 894 3304 trrbibua
909 3242 948 3300 ab
965 3260 1003 3302 eo
1021 3243 1054 3300 in
1071 3239 1135 3301 hoc

89 3347 183 3413 Aliae
210 3357 311 3406 tractu
333 3342 487 3409 conditio.
520 3344 552 3404 in
576 3343 690 3405 Cilicia
712 3343 868 3410 maxime.
897 3341 951 3401 ubi
975 3343 1043 3403 eins
1067 3360 1136 3402 rne-

89 3449 233 3513 moriam
260 3441 388 3504 servant.
409 3441 536 3512 Malltte.
566 3443 761 3525 Mopsuestia
787 3479 833 3492 -
872 3443 1043 3506 Certamen
1066 3443 1137 3505 eine

91 3551 136 3612 tle
172 3546 309 3629 imperlo
349 3563 421 3604 cum
458 3543 636 3608 Calchante
671 3559 904 3606 commemorat
936 3545 1050 3606 Strabo
1077 3553 1135 3621 14.

90 3673 127 3736 p.
146 3650 235 3730 464.
259 3643 279 3707 s.
300 3645 384 3722 675.
416 3661 448 3705 et
468 3665 548 3727 quoe
578 3647 723 3728 producit
746 3647 860 3724 Heyne
885 3645 922 3705 ad
949 3645 1135 3726 Apollodor.

90 3773 125 3836 p.
143 3770 190 3813 m.
209 3749 293 3825 655.
312 3759 345 3806 et
366 3759 471 3822 ¹037.
523 3747 619 3815 inde,
651 3747 736 3828 qnod
757 3747 830 3806 addi
853 3744 962 3827 potest.
989 3745 1138 3830 intelligi·

91 3868 164 3922 tm,
191 3869 247 3912 cttr
262 3851 296 3908 in
310 3847 422 3911 Cilicia
439 3849 544 3908 cultus
560 3845 673 3916 suerit,
701 3847 883 3926 clartnrtqne
902 3845 1048 3906 habuerit
1069 3865 1138 3906 ora·

92 3953 224 4020 culum.
261 3949 301 4009 tle
328 3951 416 4008 cuiue
439 3949 500 4008 fide
521 3961 553 4009 et
575 3945 765 4010 anctoritate
791 3947 952 4006 stilloriam
981 3947 1078 4008 habes
1101 3949 1137 4006 in
1258 3997 1261 4009 .

90 4049 270 4120 Plutarcho
295 4049 336 4112 de
361 4049 518 4126 oraculor.
539 4048 665 4113 deiectu
685 4071 717 4133 p.
740 4063 824 4125 7⁰9·
851 4047 922 4110 Vol.
940 4063 973 4133 7.
993 4045 1076 4132 Lips.
1102 4061 1138 4110 et

720 4150 779 4212 Ee
806 4163 828 4212 α
