2922 4958
185 429 238 490 ru
264 421 402 487 roua.
430 423 536 484 nar..
577 423 612 482 r.
633 423 656 480 r.
697 422 730 482 c.
750 421 830 482 mx.
871 421 970 494 tra.
994 437 1044 498 ις.
1085 417 1150 498 643

113 615 214 666 vocat
230 599 428 685 Stephanus,
447 591 582 682 alimus,
604 591 722 660 Graeci
738 592 848 670 etiam,
869 589 1055 680 promiscue
1069 593 1149 659 Sau-

113 717 262 766 romatae
283 698 400 763 dicunt
421 711 454 760 et
476 698 652 760 Sarmatae.
691 698 899 760 Ptolemaeus
913 711 947 778 3,
963 707 995 776 5.
1013 711 1047 759 et
1064 705 1099 774 5,
1113 712 1147 778 9.

113 799 312 868 Sarmatiam
327 798 363 887 in
374 801 507 884 Europa
523 799 622 861 habet
637 812 670 860 et
682 795 718 860 in
731 799 812 863 Asia.
847 795 904 861 Sic
918 797 1034 862 Strabo
1053 795 1149 880 supra

113 901 265 969 Maeotin
287 899 366 964 insle
389 921 406 962 a
427 901 521 984 plaga
543 895 672 986 glaciali
694 897 804 961 versus
829 897 969 962 austrum
990 921 1018 962 r.
1037 919 1070 983 p.
1087 907 1147 976 78.

114 1005 138 1069 s.
160 1015 239 1086 ιι4.
262 999 359 1088 ponit
373 1003 581 1064 Sauromatas
603 1014 636 1061 et
655 1000 808 1080 Scythas,
833 995 922 1062 idem
944 1023 998 1064 rr.
1013 1020 1045 1084 p.
1062 1007 1146 1078 349.

115 1107 139 1172 s.
154 1118 239 1186 607.
264 1107 426 1168 Sarmatas
452 1116 486 1164 et
510 1102 646 1183 Scythas
668 1098 755 1162 inter
780 1099 910 1164 Tanain
936 1117 970 1164 et
992 1095 1148 1184 Caspium

113 1227 217 1272 mare.
250 1203 378 1268 Eodem
392 1216 505 1264 contra
521 1200 622 1264 modo
638 1202 773 1285 Iazygas
784 1203 945 1265 Sarmatae
960 1217 994 1280 7.
1010 1223 1043 1287 p.
1065 1217 1146 1263 aru.

115 1308 139 1374 s.
157 1309 242 1386 306.
262 1302 348 1368 inter
364 1301 477 1366 lllrum
489 1317 524 1365 et
532 1301 776 1382 Borysthenem.
798 1317 831 1366 et
845 1299 901 1366 lib.
917 1305 1051 1368 11.c.l.
1069 1301 1147 1364 San·

115 1423 262 1474 romatas
274 1407 359 1468 ultra
373 1406 518 1468 Pontum
531 1417 564 1466 et
577 1401 703 1466 Istrum.
739 1400 795 1467 Sic
810 1405 972 1467 Sarmatas
987 1414 1149 1466 memorat

116 1508 155 1574 in
176 1510 245 1574 aaa
267 1507 329 1570 hac
352 1505 426 1568 sede
448 1506 609 1584 Scymnua
630 1502 794 1588 stagnum
812 1520 892 1582 137.
916 1520 1001 1568 etex
1016 1523 1056 1567 eo
1071 1521 1148 1565 ano·

117 1629 239 1692 nymus
256 1610 292 1670 in
308 1603 436 1692 periplo
454 1627 487 1692 p.
507 1623 537 1668 a.
552 1603 652 1668 Hutls.
678 1621 792 1669 contra
806 1607 1014 1670 Sauromatas
1028 1615 1150 1668 vocant

117 1711 162 1774 ad
176 1705 306 1772 Tanain
322 1708 440 1788 Scylax
454 1728 486 1792 p.
499 1721 557 1783 31.
573 1705 672 1768 lluds.
699 1703 831 1786 Dionys.
843 1729 874 1768 v.
885 1709 968 1785 653.
992 1702 1148 1768 Priscian.

116 1833 151 1876 v.
166 1814 249 1890 645.
284 1810 446 1871 Sarmatae
462 1803 576 1872 livien.
592 1827 623 1870 v.
639 1817 724 1887 442.
744 1823 777 1869 et
792 1819 876 1888 554.
915 1807 979 1870 Sed
996 1822 1034 1870 ut
1048 1800 1151 1890 pluri·

116 1913 179 1976 bus
212 1907 368 1994 exemplis
393 1927 543 1992 parcam,
579 1905 646 1992 ipse
666 1909 753 1970 Mela
771 1905 827 1970 hic
843 1923 876 1971 et
893 1927 924 1979 a,
947 1931 977 1982 r,
997 1927 1028 1972 a.
1051 1907 1151 1971 habet

118 2014 339 2081 Sauromatae,
354 2029 431 2072 cum
446 2005 503 2069 alii
519 2024 779 2072 commemorent
792 2009 966 2081 Sarmatas,
981 2024 1014 2072 et
1025 2004 1151 2070 mirum

117 2111 263 2185 videtur,
289 2110 379 2195 quod
392 2111 555 2174 Sarmatas
571 2107 666 2193 pouit
676 2107 761 2173 Plin.
772 2111 805 2182 6,
816 2123 849 2186 5.
866 2107 901 2172 iu
916 2109 1049 2172 Caucasi
1061 2103 1150 2192 iugis

119 2229 154 2277 et
174 2235 192 2275 a
211 2208 333 2274 vicinis
349 2207 550 2273 Sauromacis
573 2207 750 2293 distinguit.
802 2213 932 2272 Veteres
953 2225 1063 2274 tamen
1082 2208 1152 2271 sere

121 2317 284 2378 Sarmatas
299 2327 387 2373 trans
403 2313 552 2395 ultraque
567 2311 677 2374 lllrum
697 2331 820 2395 ponere
837 2309 1001 2374 videntur.
1035 2311 1154 2373 Sauro·

118 2430 226 2479 mutas
249 2413 289 2476 ad
311 2410 442 2475 Tanain
467 2409 617 2474 nominat
644 2412 802 2475 llerorlot.
823 2425 859 2493 4,
883 2425 940 2490 57.
973 2427 1012 2474 ut
1035 2411 1153 2493 Scylax

115 2539 154 2602 p.
171 2531 229 2594 31.
246 2513 346 2578 Huds.
378 2533 455 2574 cum
476 2509 532 2574 hic
554 2515 715 2592 Syrmatas
737 2511 773 2575 in
790 2515 889 2577 altera
909 2515 1061 2597 Europae
1081 2508 1154 2596 ripa

121 2637 196 2703 pag.
214 2631 271 2693 5ο.
292 2614 464 2698 producat.
498 2611 549 2674 cf.
576 2611 675 2674 etiam
703 2615 887 2698 Stephanus
914 2615 947 2677 h.
969 2635 1002 2676 v.
1051 2615 1155 2675 Erant

123 2733 235 2781 autem
253 2717 464 2778 Sauromatae
485 2733 564 2797 gens
588 2708 758 2794 Scythica,
791 2715 832 2778 tle
856 2711 951 2778 euius
974 2710 1101 2797 origine
1121 2727 1155 2774 et

97 2821 101 2828 '
122 2813 320 2901 migratione
337 2835 376 2876 ex
391 2809 521 2886 Media,
546 2812 758 2876 incrementis
775 2831 808 2878 et
822 2813 951 2878 sedibus
966 2815 1008 2877 ad
1024 2809 1155 2876 Tanain

122 2915 192 2982 vid.
214 2913 442 2982 Diotlor..Sic.
463 2931 494 2986 a,
511 2923 570 2992 45.
592 2917 677 2979 conl.
697 2912 805 2976 Plinio
824 2917 857 2986 6,
881 2931 913 2986 7.
939 2929 971 2976 et
990 2915 1155 2978 Bocharto

124 3015 161 3083 in
184 3019 307 3099 Phaleg
324 3031 355 3092 3.
379 3013 473 3094 14.st
504 3014 647 3078 undeet
671 3017 890 3078 Sarmatarum
913 3029 946 3076 et
961 3015 1156 3095 Scytharum

126 3120 218 3202 saepe
235 3115 271 3179 stt
288 3113 479 3180 cornmistio.
499 3125 502 3132 '
521 3113 714 3180 Sarmatiam
733 3111 902 3178 Asiaticam
925 3112 1026 3200 igitur
1046 3129 1157 3178 exten·

126 3220 211 3281 dunt
231 3239 248 3278 s
268 3215 415 3279 sontibus
436 3213 594 3278 Tanaidis
619 3215 661 3276 ad
684 3215 760 3280 ostia
778 3214 849 3278 eius
873 3231 906 3280 et
922 3216 1103 3300 Bosporum
1125 3229 1158 3282 et

125 3317 206 3384 hinc
220 3321 259 3379 ad
269 3315 422 3402 Caspium
435 3337 526 3378 mars
541 3332 574 3380 et
586 3314 739 3397 Scythiae
747 3315 841 3383 sines.
867 3315 919 3381 Cf.
932 3317 1070 3382 Ptolem.
1080 3329 1114 3397 5,
1123 3335 1158 3400 9.

125 3421 332 3504 Agathemer.
350 3437 382 3492 a,
402 3419 435 3483 6.

291 3621 321 3700 0.
353 3637 406 3699 ¹9·
458 3619 694 3700 haerentia)
742 3616 907 3685 Proxima.
941 3621 991 3682 Ex
1007 3614 1161 3682 mediter·
1229 3645 1233 3655 ’

128 3717 237 3785 reneis
272 3717 384 3782 innuit
416 3717 546 3782 Tanain
577 3717 643 3782 labi
678 3718 714 3780 in
752 3717 923 3804 regionem
955 3717 1172 3806 Scythicama

131 3821 196 3908 [cs.
216 3825 330 3903 antea]
357 3817 444 3906 ripas
467 3837 575 3884 autem
602 3837 669 3883 tam
688 3819 723 3882 in
741 3823 827 3893 Afra,
860 3817 959 3906 quam
975 3819 1011 3886 in
1027 3821 1160 3906 Europa

130 3920 298 4005 intelligit.
330 3941 353 3986 1.
370 3939 558 3985 oaonovtvs
577 3923 654 3986 MS.
708 3923 760 3983 De
777 3918 922 3984 Asiaticis
940 3937 1068 3984 tantum
1084 3923 1162 3985 Sau-

129 4021 267 4086 romatis
294 4019 451 4105 intelligit
483 4019 659 4087 vadianus.
710 4022 809 4089 Certe
832 4026 1024 4108 Europaeos
1050 4019 1109 4096 lib.
1133 4041 1165 4091 a.

132 4143 204 4212 cap.
227 4147 256 4190 ι.
275 4120 321 4186 in.
344 4123 497 4208 designat.

739 4227 786 4293 Sa
813 4241 838 4294 a
886 4259 889 4268 ·
