2852 4946
338 351 404 430 360
607 349 768 428 NOTAE
807 353 1110 412 oxooerrcin

340 542 426 590 toree
457 525 637 596 literarum,
672 537 705 587 et
736 535 807 586 ium
838 523 962 609 semper
993 528 1179 612 intelligunt
1206 527 1309 589 literas
1332 523 1365 586 ed

340 629 468 714 legendi
487 641 521 689 et
542 624 696 688 scribendi
713 625 805 688 usum
825 629 992 692 adhibitae.
1021 649 1241 692 renizonrvo.
1292 628 1367 688 lleli

340 753 400 814 qna
420 751 489 812 paro
511 729 685 809 eademque
707 729 809 790 maior
836 730 875 790 acl
897 731 1148 813 disputationem
1170 751 1188 792 e
1212 725 1314 792 Voffio
1334 729 1369 787 de

341 832 485 895 cistarum
504 832 627 912 origine
643 828 816 892 institutum
831 833 979 914 pertinet,
1001 833 1079 892 hinc
1095 833 1242 895 alienam.
1293 830 1370 891 Cum

341 935 450 996 literae
466 933 590 1014 proprie
604 931 766 1002 dicontur,
792 931 952 995 literarum
969 955 1092 1015 operae,
1118 954 1156 996 ex
1175 932 1233 994 usu
1254 932 1370 1014 linguae

343 1036 461 1098 debent
485 1033 544 1094 elle
566 1051 619 1102 ea,
652 1030 767 1114 quibus
785 1033 893 1096 literae
915 1033 1109 1106 inserviunt,
1143 1052 1177 1098 et
1199 1035 1276 1094 hinc
1296 1031 1371 1091 idern

342 1138 400 1206 eii,
435 1135 522 1216 qnnil
548 1153 656 1195 earum
677 1131 767 1204 usne,
799 1137 833 1196 in
855 1155 1041 1218 quacunque
1066 1157 1100 1196 rc
1125 1158 1156 1198 v.
1179 1157 1208 1198 c.
1235 1131 1372 1216 epistolis,

342 1239 431 1300 libris
449 1234 618 1296 scribendis
640 1235 691 1294 ille
710 1250 865 1302 cernatur.
914 1235 1095 1300 Declaravit
1111 1238 1194 1298 hanc
1211 1238 1279 1296 vim
1295 1233 1373 1294 vocis

343 1339 483 1422 adposito
500 1338 596 1412 eiiam
610 1336 714 1398 noslro
732 1336 804 1400 loco
817 1337 1002 1402 Gronovius
1018 1340 1057 1402 ad
1068 1341 1203 1401 Livium
1222 1351 1256 1418 5.
1272 1337 1328 1414 63.
1344 1345 1373 1411 3·

419 1539 561 1623 arcer)
597 1537 807 1604 celebrantur
823 1540 1030 1614 arithmetica.
1053 1541 1245 1605 astronomia
1260 1534 1375 1618 (Strabo

343 1642 400 1706 lib.
423 1643 477 1704 16.
497 1660 523 1704 c.
550 1641 570 1704 l.
605 1641 729 1703 Plinius
750 1657 782 1716 7,
803 1655 861 1718 57.
879 1640 900 1704 s.
916 1645 973 1720 56.
990 1642 1012 1706 s.
1049 1645 1195 1726 l’ropert.
1214 1659 1247 1712 Ω,
1272 1653 1327 1712 27,
1345 1650 1373 1714 3.

344 1744 367 1809 s.
387 1761 418 1814 α.
437 1759 494 1813 uo,
511 1743 570 1807 61.
588 1756 622 1806 et
637 1743 690 1822 ol.)
715 1740 851 1836 laissa,
869 1734 996 1831 furrda.
1022 1745 1119 1828 (Plin.
1133 1765 1160 1806 c.
1176 1741 1214 1827 1.)
1257 1742 1325 1804 Alia
1340 1738 1375 1797 dc

345 1847 495 1929 operibns
529 1865 625 1905 manu
648 1842 756 1915 suciis.
788 1845 955 1917 aedificiis,
988 1847 1146 1932 lingendis
1175 1843 1375 1920 texendisque

345 1948 484 2010 vestibus
499 1947 706 2030 conlegerunt
723 1945 872 2008 Bochnrt.
889 1949 921 2018 in
942 1947 1059 2031 Pholeg
1073 1957 1107 2029 4,
1131 1959 1191 2025 55.
1220 1941 1377 2009 Reineiius

346 2050 387 2112 cle
403 2051 438 2111 L.
459 2049 577 2110 Punica
592 2052 653 2126 §.3
671 2046 711 2129 sq.
741 2049 774 2108 in
792 2046 921 2109 Graevii
935 2046 1089 2133 syntagm.
1107 2048 1226 2110 disseri.
1242 2067 1273 2128 p.
1283 2053 1330 2121 44
1339 2039 1374 2119 sq·

346 2151 484 2235 Allgem.
497 2147 797 2211 lVelt·Geschichie
814 2149 883 2214 Vol.
894 2161 926 2213 Ω.
944 2171 975 2232 p.
991 2165 1061 2224 227
1079 2147 1120 2231 sq.
1148 2163 1181 2211 et
1197 2167 1277 2232 quae
1293 2155 1375 2204 antea

348 2253 388 2313 de
410 2251 551 2314 Sidoniis
573 2251 697 2312 notavi.
750 2250 874 2314 Primos
890 2271 945 2314 coe
961 2253 1057 2314 eriam
1079 2269 1257 2312 numorurn
1274 2249 1376 2306 inven-

348 2366 433 2413 rorce
449 2349 537 2411 soille
552 2371 589 2410 ex
608 2351 833 2412 Alcirlamornis
850 2351 1031 2414 testimonio
1047 2357 1097 2428 (ex
1111 2351 1248 2412 rhernrr.
1260 2349 1312 2409 Gr.
1327 2355 1374 2418 15·

348 2454 387 2513 ab
403 2454 481 2512 Aliso
495 2453 586 2511 edilis
603 2471 632 2532 p.
658 2455 752 2528 180.)
773 2452 885 2532 probat
904 2453 1070 2514 Michaelis
1086 2456 1119 2512 in
1134 2452 1321 2515 Comment.
1342 2445 1375 2503 de

349 2553 421 2614 licio
441 2567 513 2612 onie
530 2554 671 2616 exsilium
687 2553 799 2634 Babyl.
814 2573 847 2635 p.
861 2563 922 2638 45.
941 2556 960 2630 ·(
968 2556 1003 2615 in
1017 2553 1203 2618 comment.
1221 2553 1293 2618 Soc.
1304 2549 1375 2628 fleg·

350 2653 515 2738 Goeiting.
537 2653 634 2716 Torn.
658 2655 711 2732 o.)

427 2853 628 2939 novibus)
676 2857 729 2921 Sic
752 2849 881 2922 Curtius
904 2865 938 2941 4,
959 2867 994 2938 4,
1022 2876 1077 2939 19.
1104 2859 1159 2920 clio
1189 2879 1289 2926 mare,
1322 2866 1376 2912 >101¹

349 2961 487 3023 vicinum
509 2957 618 3029 morlo,
636 2949 699 3048 sed
716 2959 922 3042 quodcunque
942 2953 1051 3050 claffer
1072 2961 1138 3021 eius
1158 2961 1281 3038 (Tyri)
1302 2951 1375 3014 odie·

351 3075 435 3132 runi,
460 3060 593 3120 ditionis
605 3052 687 3151 sicae
699 3053 799 3148 fecit.
839 3063 888 3122 De
904 3059 965 3143 ipso
981 3083 1026 3131 re,
1050 3059 1242 3122 sisommnm
1259 3058 1374 3140 species·

340 3165 438 3224 idern
454 3161 535 3222 Plin.
554 3173 585 3238 5,
607 3175 660 3239 ¹5·
677 3157 697 3222 s.
719 3177 772 3223 19..
799 3183 877 3242 gens
898 3163 1088 3224 Phoenicum
1108 3162 1210 3244 gloria
1234 3153 1377 3224 inventio·

352 3267 402 3326 uis
425 3263 586 3324 novalium
605 3283 644 3322 ac
667 3258 843 3322 bellicarum
865 3265 994 3327 ortium.
1043 3259 1112 3350 Τὴν
1134 3259 1293 3326 Φοινίκων
1314 3273 1378 3318 vav·

351 3361 460 3429 rrliov
497 3378 657 3444 tamqnam
684 3382 753 3424 rem
780 3365 813 3424 in
849 3365 964 3448 vulgus
998 3377 1110 3425 notem
1142 3363 1241 3426 resert
1273 3353 1374 3424 strabo

352 3467 408 3528 lib.
431 3487 459 3526 ι.
482 3485 513 3546 p.
532 3479 590 3542 35.
606 3462 626 3526 s.
642 3473 702 3543 48.
735 3465 926 3546 illorumque
951 3460 1114 3551 ἐμπειρίαν
1139 3459 1169 3528 ὲν
1190 3463 1259 3540 τοῖς
1279 3475 1375 3524 ναυτι-

354 3565 419 3642 κοῖς
442 3563 545 3652 ἔργοις
565 3567 739 3646 antiquirus
761 3563 928 3646 spectatam
952 3567 1087 3629 Diodor.
1111 3585 1163 3637 rr.
1187 3580 1242 3644 18.
1292 3560 1374 3623 Ce¹¹⁰

353 3689 409 3730 eos
435 3669 495 3730 iem
521 3667 679 3728 Homerus
702 3664 808 3744 Odyss.
831 3680 883 3743 15,
909 3677 993 3748 4¹4·
1026 3657 1263 3742 ναυσικλύτους
1282 3667 1373 3723 vocul-

356 3771 462 3854 Quore
477 3769 571 3830 eiiam
588 3787 699 3830 eorum
717 3768 750 3826 in
768 3767 827 3828 hoc
839 3787 934 3850 opera
948 3766 1019 3829 usos
1036 3767 1078 3830 est
1091 3771 1218 3832 Salomo
1241 3773 1293 3847 (r.
1304 3764 1372 3838 lieg·

356 3891 389 3952 9,
411 3875 489 3950 27.)
512 3884 545 3930 et
563 3868 670 3930 Neeoe
692 3870 829 3951 Aegypti
846 3888 901 3930 rex
923 3869 961 3930 ad
985 3869 1227 3950 perlustrandum
1241 3865 1371 3932 Africam,

355 3973 531 4051 (Herotlot.
555 3980 590 4048 4,
611 3973 693 4049 49..)
718 3988 813 4049 quarn
839 3983 872 4031 et
897 3970 1017 4030 colonio
1041 3985 1207 4034 unxerunt.
1234 3961 1372 4048 (prodor.

358 4087 390 4153 5,
410 4091 467 4138 uo.
499 4070 611 4136 Strabo
632 4092 661 4136 1.
679 4089 705 4132 c.
723 4069 766 4146 l.)
809 4069 1016 4134 Celebrantur
1040 4091 1135 4154 porro
1161 4062 1372 4155 auoquissiruo
