2852 4946
330 409 393 475 502
602 399 765 458 noran
805 399 1111 459 nxcnnrrcan

332 587 366 648 7,
390 587 444 648 17.
473 583 506 634 et
523 571 645 636 Phocea
671 573 704 632 in
725 573 842 636 Leonis
865 573 971 636 Ailatii
987 574 1175 653 symmictia
1196 593 1233 656 p.
1249 589 1281 638 2.
1297 593 1322 636 c.
1336 572 1356 635 l.

329 675 432 737 Antea
449 693 526 736 vero
544 677 638 736 etiam
655 673 869 736 Constantiam
887 695 904 735 a
924 674 1110 738 Constantio
1131 689 1275 738 vocatam
1295 673 1357 745 elie,

331 779 427 838 tradit
438 774 653 857 Theophanes
669 777 702 836 in
715 774 896 860 Chronngr.
912 797 943 858 p.
957 789 1015 852 25.
1035 779 1114 840 lien.
1139 777 1174 840 in
1189 797 1282 857 quam
1296 795 1357 836 rem

331 875 371 940 ci.
400 879 496 940 etiarn
524 877 704 961 Welleling.
727 881 765 938 ad
788 878 944 938 Antonini
968 880 1074 940 itiner.
1095 899 1127 959 p.
1152 889 1234 956 143.
1281 877 1360 938 Tum

330 998 409 1041 vern
425 981 520 1040 miras
535 991 566 1038 et
582 976 635 1038 fati
651 992 684 1037 et
701 978 842 1040 nominis
860 973 1092 1039 vicissitudines
1110 977 1217 1040 subiit.
1259 977 1285 1040 Δ
1301 977 1361 1038 Ma·

249 1065 253 1080 ⁸
330 1080 438 1141 rathoe
452 1099 527 1140 vero
539 1080 717 1160 Stephanus
735 1072 1113 1164 deducitMcpuSpvitet
1123 1068 1361 1165 Μαραθούσιος.

330 1182 426 1244 Prius
445 1183 478 1242 in
503 1181 638 1241 Diodori
660 1180 737 1242 locia
758 1181 811 1242 cit.
832 1183 986 1251 occurrit,
1017 1194 1049 1241 et
1067 1181 1150 1261 apud
1170 1181 1316 1244 Ciceron.
1331 1179 1362 1238 in

330 1283 431 1346 Bruto
452 1301 479 1344 c.
499 1282 556 1344 26.
582 1282 811 1344 Mmattenus.
857 1280 948 1363 Quae
964 1281 1038 1341 inde
1054 1283 1087 1342 in
1105 1281 1361 1364 disceptationem

332 1385 466 1446 deducta
485 1381 572 1450 lum.
600 1381 735 1462 expolita
750 1395 860 1464 patent
874 1383 913 1442 ad
930 1382 1108 1444 Diodorum
1123 1384 1163 1446 T.
1182 1399 1218 1446 2.
1234 1402 1267 1463 p.
1285 1393 1361 1459 593.

331 1487 367 1548 in
378 1484 527 1545 Valefiiet
538 1483 731 1567 Wcll'elingii
747 1484 841 1554 notia,
859 1484 937 1545 item
946 1485 980 1544 in
990 1483 1156 1546 Holstenio
1170 1485 1209 1545 ad
1220 1483 1362 1564 Stephan.

330 1605 363 1670 p.
386 1596 466 1668 13³).
518 1585 626 1648 Hodie
648 1585 748 1647 ruiuia
772 1583 926 1645 submersa
950 1585 1046 1653 iacet,
1078 1585 1119 1646 de
1142 1605 1279 1668 quarum
1299 1581 1363 1643 [ede

330 1686 400 1771 poll
418 1685 658 1748 ltlaundrelium
671 1699 827 1769 quaeruut
840 1684 937 1748 Shaw
950 1687 991 1748 Τ.
1010 1701 1044 1750 a.
1059 1706 1092 1771 p.
1111 1685 1144 1752 6.
1170 1699 1205 1750 et
1223 1681 1364 1750 Pococlte

330 1789 641 1872 Unpmmffi.

487 2032 517 2108 §.
543 2037 579 2110 4.
631 2050 709 2092 aron
740 2027 934 2114 obliqua)
991 2029 1151 2093 Grandem
1186 2031 1277 2093 enim
1307 2023 1367 2087 illic

333 2128 437 2193 linum
453 2127 535 2202 facit,
554 2145 587 2192 et
601 2150 699 2203 oram,
722 2153 801 2214 «puae
814 2131 945 2195 excursu
959 2131 1012 2194 [uo
1027 2153 1044 2193 a
1060 2131 1228 2193 Palaestina
1245 2127 1366 2192 declivia

333 2231 391 2300 eli,
416 2231 529 2316 pelago
551 2231 703 2294 obvertit.
737 2252 924 2297 ramanae.
977 2233 1050 2296 Hoc
1066 2233 1123 2303 est,
1148 2253 1217 2294 non
1239 2227 1366 2314 porrigit

333 2332 470 2413 ampliat
489 2330 538 2393 lua
559 2333 667 2404 litora,
695 2333 746 2395 led
766 2335 908 2395 venienti
927 2334 1040 2418 pelago
1066 2335 1100 2396 m
1124 2333 1268 2396 obviam.
1301 2347 1367 2391 eoo·

336 2451 412 2494 ave.
464 2433 559 2514 Quali
576 2434 745 2496 itentidem
762 2436 887 2506 cedent,
912 2451 1008 2516 prout
1027 2436 1064 2494 ab
1081 2437 1228 2518 Aegypto
1245 2433 1308 2492 huc
1323 2447 1365 2489 ue·

334 2551 397 2614 que
422 2530 507 2595 iecit.
543 2552 568 2595 1.
590 2551 787 2596 cnonovtve
803 2537 880 2598 MS.
931 2535 1046 2598 Senius
1074 2538 1211 2596 omnino
1235 2534 1366 2612 Pompo·

334 2635 428 2694 niana
446 2631 582 2694 formula
605 2634 851 2717 comprehensus
873 2635 931 2698 ella
965 2638 1045 2698 latua
1069 2637 1102 2696 in
1125 2633 1269 2697 frontem
1292 2632 1366 2700 abiu

335 2735 400 2804 vel,
424 2735 446 2796 fi
468 2735 613 2796 latiorem
631 2737 873 2818 explicationem
897 2738 966 2819 quia
988 2737 1076 2808 velit,
1097 2735 1160 2818 ipse
1175 2757 1205 2806 ι,
1223 2753 1256 2804 2.
1276 2752 1307 2799 a·
1330 2732 1367 2790 ilfi

335 2835 470 2898 eandem
487 2838 699 2898 mutationem
718 2837 757 2900 lic
778 2836 941 2899 describit:
970 2836 1038 2900 Ora
1055 2833 1170 2920 (Aliae)
1195 2859 1267 2897 cum
1287 2831 1367 2895 alveo

336 2937 409 2998 Nili
428 2938 531 2999 orneris
553 2938 629 3016 ripis
646 2928 807 3029 descendit
829 2941 862 3000 in
883 2939 1023 3021 pelagus,
1049 2952 1079 2998 et
1100 2938 1166 3007 din,
1183 2934 1278 3026 ficut
1298 2926 1368 2994 illud

337 3037 473 3110 incedit,
508 3040 554 3099 ita
568 3029 632 3128 sun
656 3039 752 3100 litora
773 3042 911 3120 porrigit
919 3061 931 3113 ,·
965 3039 1075 3100 deinde
1090 3035 1137 3131 fit
1159 3037 1303 3100 venienti
1322 3029 1368 3094 ob·

302 3211 308 3216 Ι
336 3139 425 3200 viam
445 3154 476 3202 et
495 3141 630 3219 prinum
644 3130 684 3229 se
701 3141 824 3220 ingenti
843 3138 966 3201 ambitu
980 3141 1139 3202 incurvat.
1190 3141 1247 3202 Sic
1267 3147 1366 3200 contra

339 3255 373 3311 α.
394 3255 425 3319 3,
445 3255 479 3312 7.
509 3237 591 3300 Inde
612 3239 657 3300 ad
676 3239 832 3301 meridiem
851 3253 937 3302 term
958 3242 1164 3310 convertitur,
1189 3242 1319 3302 Atticae
1336 3243 1368 3294 nt

338 3341 431 3404 inodo
451 3341 562 3412 latere,
590 3341 637 3402 ita
658 3361 742 3402 nune
755 3332 874 3432 fronte
891 3339 1005 3426 pelago
1025 3341 1184 3404 adiacens.

406 3563 573 3666 sinum)
622 3566 769 3647 lssicum.
796 3573 918 3658 dequo
936 3593 1003 3658 cap.
1023 3573 1143 3654 rain.

416 3796 750 3897 circumsident)
799 3809 899 3891 Supra
919 3828 947 3880 ι,
973 3823 1006 3876 a.
1031 3814 1066 3890 4.
1096 3795 1256 3896 Caspiani
1265 3799 1366 3896 smum

344 3899 541 3999 Caspionnm
568 3911 713 3989 cingunt.
760 3907 870 3970 Sedere
894 3923 927 3972 et
944 3899 1038 3999 sedes
1064 3909 1104 3970 de
1130 3901 1367 3968 habitationibus

340 4008 537 4093 populorum
551 4010 614 4071 dici
631 4009 743 4072 [olent.
770 4009 843 4074 Vid.
860 4010 899 4070 ad
917 4023 950 4087 3,
967 4026 1000 4088 9.
1017 4011 1062 4072 in.
1102 4010 1158 4070 Uti
1173 4007 1237 4080 hic,
1258 4009 1296 4068 lic
1309 4001 1366 4065 tn·

348 4131 376 4181 ι,
400 4126 454 4190 ι9,
478 4119 533 4207 alp.
559 4109 697 4172 incultae
716 4121 826 4192 gotter
846 4107 939 4206 aristo
959 4111 1041 4174 mari
1054 4105 1248 4204 adsidentes.
