2756 4964
458 371 462 378 ,
534 343 543 374 .

290 423 383 494 444
580 416 744 476 doute
785 375 1087 478 e'r'raoerrcta

313 610 411 672 quem
432 609 571 654 errorem
596 590 758 656 veteribus
779 611 847 655 non
869 590 1102 674 infrequentem
1123 591 1249 656 notarit
1266 587 1360 652 an'-

312 693 373 754 lms
393 694 431 754 ad
457 694 575 756 Melam
598 715 625 766 ι,
648 711 681 768 7.
703 695 748 757 in.
801 693 959 759 Numitlaa
975 713 1053 758 vero
1074 693 1236 758 Nomades
1253 689 1361 752 futile

313 791 419 854 scribit
442 794 565 856 Plinius
585 808 617 872 5.
642 813 675 859 2.
698 793 720 858 s.
737 809 771 874 3.
805 808 839 856 et
862 794 983 856 causam
997 797 1118 876 repetit
1140 814 1157 855 a
1178 797 1243 854 vita
1260 811 1362 874 vaga

312 907 345 956 et
361 895 551 976 pabulorum
566 900 817 978 permutatione.
842 910 878 957 trt
893 896 1016 960 Sallust.
1033 898 1105 980 lug.
1128 907 1183 973 18,
1201 909 1234 970 7.
1259 894 1364 956 Soli-

312 1015 374 1058 nua
393 1017 421 1061 c.
440 1015 495 1076 29.
511 995 532 1060 s.
552 999 608 1061 26.
637 999 782 1060 lllartian.
800 998 877 1081 Cap.
901 999 956 1059 lib.
974 999 1007 1062 6.
1030 1017 1061 1079 p.
1082 996 1163 1060 216.
1213 997 1259 1056 lta
1275 991 1376 1056 sere,

313 1098 423 1160 Strabo
442 1113 473 1160 Ω.
488 1119 520 1180 p.
537 1116 596 1177 90·
615 1096 636 1161 l.
659 1114 738 1178 157.
761 1101 839 1160 illud
861 1117 1053 1161 numeneus
1075 1097 1212 1179 populna
1232 1108 1376 1157 nactos

312 1197 371 1260 else
385 1211 492 1279 putat,
525 1203 597 1280 quia
610 1201 688 1262 olim
703 1219 769 1262 nott
784 1202 949 1280 potuerint
961 1197 1110 1288 γεωργεῖν
1131 1191 1185 1260 dtas
1200 1189 1239 1260 τὸ
1259 1191 1364 1282 πλῆ·

312 1301 372 1374 tor
386 1299 451 1362 τῶν
467 1299 598 1386 θηρίων.
641 1301 709 1363 alta
725 1299 827 1363 adfert
847 1304 942 1362 etiam
958 1302 1066 1364 Festus
1082 1299 1104 1364 s.
1119 1319 1153 1362 r.
1167 1296 1358 1360 Numidae.

311 1399 399 1482 lploa
423 1397 452 1461 le
475 1400 631 1465 Numidae
654 1401 778 1464 vocasse
799 1400 897 1464 refert
919 1401 1160 1466 &trutinant
1184 1399 1360 1462 Graecum

310 1521 429 1562 nomeu
445 1522 463 1562 a
480 1502 603 1564 barbara
625 1505 755 1588 regione
776 1505 918 1571 alienum
934 1523 974 1566 ex
991 1502 1068 1565 sono
1085 1499 1167 1564 sorte
1181 1514 1214 1562 et
1234 1500 1362 1562 simili-

312 1601 423 1662 tudine
440 1605 505 1664 reri
527 1607 668 1666 nominis
685 1619 813 1668 enatum
828 1605 888 1676 eli.
913 1605 1000 1686 quod
1016 1618 1054 1672 ‚er
1069 1602 1223 1664 existimat
1237 1599 1359 1662 Cella·

310 1705 377 1764 rins
395 1705 427 1764 in
445 1704 560 1790 Geogr.
574 1720 639 1769 ont.
655 1719 689 1786 4.
707 1719 740 1783 5.
759 1721 791 1769 α.
813 1705 985 1767 Numidiae
999 1706 1078 1768 linea
1091 1703 1179 1764 vario
1194 1714 1359 1782 tempore

310 1807 391 1866 rarii
424 1804 564 1869 suerunt.
617 1810 654 1868 ln
686 1809 818 1869 Punicis
848 1807 941 1869 bellio
972 1807 1010 1868 ad
1034 1801 1363 1888 Carthaginiensium

311 1907 468 1970 ditionem
490 1909 746 1990 permittebatur,
773 1905 915 1970 bifariam
935 1907 1050 1977 divisa.
1079 1907 1223 1985 dumque
1245 1903 1376 1972 habe„

310 2007 364 2067 bat
385 2028 492 2092 reget.
527 2011 610 2090 qnod
636 2032 674 2072 ex
696 2012 791 2072 Livio
815 2019 871 2088 24.
894 2020 953 2090 48.
980 2010 1117 2092 adparet.
1169 2005 1361 2086 Utriusque

309 2124 415 2198 autem
439 2112 533 2192 partie
555 2113 676 2174 incolae
697 2111 907 2195 peculiaribus
924 2110 1107 2172 nominibus
1131 2105 1360 2190 instgnieban-

310 2223 373 2273 tur.
419 2212 472 2272 Sic
502 2212 576 2274 Gala
602 2216 636 2274 in
667 2214 760 2275 altera
785 2212 955 2274 Numidiae
977 2224 1064 2294 parte
1088 2209 1249 2292 regnavit,
1284 2207 1376 2268 ubit

310 2325 398 2372 erant
420 2311 561 2392 Massyli,
592 2314 720 2394 Syphax
740 2316 773 2374 in
795 2315 888 2374 altera
910 2333 965 2374 rex
988 2312 1202 2372 Numidarum
1222 2309 1361 2390 produ·

310 2413 407 2482 citur,
434 2414 569 2496 (Liviua
587 2435 613 2476 c.
637 2412 682 2499 l.)
709 2415 856 2495 idemque
875 2425 930 2492 28.
958 2429 1011 2492 17.
1035 2423 1069 2494 4.
1095 2408 1358 2489 Masaesylorum

309 2532 363 2573 retr
387 2527 528 2575 vocatur.
581 2517 677 2599 Quod
698 2515 826 2598 quidem
850 2519 971 2598 optimo
993 2513 1150 2577 consentit
1169 2531 1242 2573 cum
1258 2509 1359 2572 Stra·

310 2611 395 2674 bone
424 2630 477 2690 17.
505 2637 535 2697 p.
557 2631 641 2694 570.
664 2615 685 2680 l.
705 2631 788 2696 329.
823 2616 878 2678 ubi
900 2617 1016 2680 horum
1036 2617 1200 2700 regionem
1222 2611 1304 2672 dicit
1331 2633 1357 2676 a

312 2713 464 2778 Mulucha
487 2719 644 2800 pertinere
673 2720 711 2780 ud
736 2721 869 2780 'l'retum
899 2718 1174 2800 promontorium.
1203 2726 1237 2774 et
1260 2711 1355 2776 inde

311 2815 470 2895 blallylios
487 2820 524 2878 ad
544 2819 767 2903 Carthaginem
787 2839 886 2900 usque
906 2819 1055 2881 habitare.
1106 2815 1229 2878 Plinius
1246 2824 1281 2892 5.
1307 2831 1350 2878 Ω.

183 2906 186 2912 ”
310 2915 330 2976 s.
353 2932 385 2994 5.
411 2917 595 2994 Numidiam
615 2920 697 2982 suam
718 2921 755 2983 ab
772 2919 924 3004 Ampsaga
941 2919 974 2984 sl.
995 2919 1033 2981 ad
1049 2917 1183 2980 Tusram
1199 2913 1232 2978 sl.
1250 2915 1352 2979 unde

310 3015 411 3080 dsrica
428 3024 551 3101 propria
567 3024 693 3084 initium
709 3023 815 3093 habet,
843 3035 1021 3104 promovet.
1049 3018 1201 3081 diversam
1216 3037 1233 3078 a
1250 3017 1350 3080 Mela

311 3123 467 3181 rationem
493 3121 627 3186 secutur.
680 3123 809 3186 Nollrae
834 3125 920 3185 enim
946 3123 1117 3184 Numidiae
1137 3135 1257 3202 partem
1281 3116 1349 3178 sub

312 3223 758 3305 Mauretaniae*Caesariensis
790 3227 922 3286 nomine
949 3223 1107 3292 describit.
1145 3239 1238 3302 quam
1272 3217 1349 3298 ipse

312 3323 499 3386 Nmttidiam
519 3339 621 3394 vocat.
649 3327 700 3385 olii
723 3325 907 3387 Numidiam
929 3345 1059 3394 novam,
1094 3325 1183 3383 cuim
1204 3320 1349 3400 adpella-

188 3475 189 3483 ,
312 3427 408 3490 tibuit
431 3424 550 3486 causam
570 3425 670 3488 adfert
688 3429 750 3487 llio
767 3437 827 3506 43.
845 3443 878 3511 9.
907 3441 940 3488 et
955 3427 1117 3507 Appiauue
1138 3423 1178 3486 de
1199 3421 1238 3482 B.
1258 3420 1346 3484 civ.

311 3538 345 3602 d.
368 3541 426 3604 55.
479 3527 603 3609 Nempe
635 3527 754 3590 Africae
787 3527 914 3588 alteram
946 3527 1144 3608 provinciam
1174 3521 1347 3605 Carthagi-

310 3629 470 3690 niensibus
491 3643 628 3710 ereptam
649 3641 779 3690 veterem
796 3619 941 3716 Africum
961 3627 1172 3708 adpellarunt.
1197 3623 1344 3694 alteram,

312 3728 408 3790 lubae
434 3743 524 3791 antea
551 3751 702 3814 regnum.
738 3749 754 3789 a
781 3728 819 3790 C.
846 3727 973 3792 Caesare
1000 3727 1135 3809 imperio
1162 3727 1259 3788 ltorn.
1286 3724 1346 3784 atl-

311 3832 434 3900 ieetanr‚
461 3851 576 3892 trovam
596 3823 744 3919 Africum
757 3827 777 3891 s.
793 3829 1011 3898 Numidicam.
1037 3847 1099 3910 quo
1119 3841 1223 3887 tamen
1239 3825 1346 3888 etiam

311 3935 449 4015 pertinet
466 3929 716 4012 Masaesyliorttm
734 3933 832 4014 regio.
860 3930 879 3988 st
895 3931 1081 3992 Strabonem
1097 3929 1261 3990 audiamur
1282 3941 1345 3999 17.

311 4055 343 4114 p.
364 4045 447 4109 570.
463 4031 484 4094 l.
498 4044 580 4111 329.
604 4035 694 4096 cuius
715 4033 798 4115 regia
820 4031 934 4092 dicitur
950 4031 1043 4092 Zama
1064 4032 1150 4091 varie
1172 4031 1210 4090 ab
1232 4040 1347 4088 aucto·

310 4135 396 4198 ribus
426 4135 596 4198 conlocata.
645 4137 718 4198 Vid.
749 4133 900 4198 Cellarim
925 4141 959 4212 4,
984 4147 1018 4210 5,
1048 4149 1102 4211 rt).
1136 4143 1272 4211 atquae
1300 4129 1346 4192 de
