2892 4950
365 399 429 474 478
452 347 461 364 4
636 395 797 458 noete
836 395 1138 458 axuoet'tcte

366 565 892 654 Pautan.2.1o.4.5.13.o
932 571 1019 654 quod
1043 583 1135 634 antee
1156 573 1189 634 in
1212 563 1391 692 Botryxiiur¹

366 673 491 736 notavi.
543 671 702 734 Nouatum
726 672 839 742 etiarn.
871 671 933 734 boc
954 693 1075 736 nomen
1098 669 1275 742 lucceffiile,
1298 687 1328 732 ιιι
1345 650 1391 730 114

367 773 483 836 Nollro
507 774 624 855 repetit
644 773 727 836 Plio.
751 785 783 850 5.
808 787 868 853 31.
891 771 912 838 l.
931 791 991 854 29.
1042 775 1222 856 Antiquom
1243 732 1393 854 templun¹

366 894 442 936 cum
464 893 481 936 ιι
503 875 636 936 Xerxe
626 875 694 959 agni
718 875 860 937 deletum
882 873 977 946 ellet.
1008 894 1133 937 norum
1150 876 1243 958 idque
1256 867 1377 955 amplillt·
1393 894 1394 930 1

366 995 458 1038 mum
493 975 606 1038 Milelii
637 974 869 1048 exstruxerunt.
907 977 994 1038 unde
1025 975 1175 1060 Didyma
1203 993 1314 1038 nomen
1342 971 1395 1031 iiiii

367 1077 552 1159 impolitum
571 1073 659 1138 luille
678 1078 824 1148 videtur,
850 1090 883 1140 et
898 1077 973 1138 hine
989 1077 1105 1161 Apollo
1121 1077 1294 1160 Didymeus
1312 1073 1377 1156 quali

366 1177 417 1241 bie
439 1193 540 1239 natur.
594 1179 657 1240 lilii
676 1191 782 1240 tamen
801 1179 890 1240 aliter
905 1175 1061 1248 lentiunt.
1088 1193 1120 1240 et
1135 1180 1176 1241 fic
1191 1179 1334 1239 Lucienus
1348 1174 1398 1240 tle.

367 1279 466 1342 alirol.
484 1297 549 1363 cap.
571 1293 629 1358 23.
653 1299 670 1340 a
690 1281 784 1364 lignie
799 1280 1011 1343 Geminorum
1033 1281 1068 1341 in
1088 1281 1179 1343 coeio
1201 1281 1322 1361 repetit.
1348 1277 1379 1336 de
1398 1302 1399 1308 ι

367 1400 434 1462 quo
456 1382 523 1442 vid.
547 1377 679 1444 illisceil.
702 1380 826 1446 observ.
846 1382 942 1444 Tum.
968 1381 1002 1444 6.
1031 1402 1063 1462 p.
1085 1391 1160 1460 433
1178 1380 1219 1463 lq.
1242 1379 1380 1464 agemiru

369 1481 452 1550 luce,
467 1501 563 1564 quam
574 1493 606 1542 et
616 1477 671 1543 loli
685 1495 718 1544 et
733 1483 825 1544 lunae
842 1483 971 1565 praebet
980 1481 1122 1546 Macrob.
1134 1485 1260 1546 Saturn.
1274 1503 1300 1551 1,
1311 1475 1381 1554 174·

251 1645 255 1654 ,
369 1579 476 1664 lplum
498 1581 657 1664 templum
680 1584 867 1664 Didymeon
891 1596 985 1646 vocat
1006 1583 1139 1646 Curtiua
1156 1603 1190 1664 7,
1208 1595 1240 1662 5.
1258 1592 1311 1660 28.
1339 1579 1382 1640 ubi

369 1683 409 1745 tle
426 1681 574 1765 scriptura
588 1703 644 1766 per
658 1699 742 1747 treet
756 1707 772 1744 e
786 1685 949 1767 dieputant
963 1686 1165 1768 interpretee.
1192 1687 1382 1763 Didymeum
1403 1710 1404 1724 ι

346 1785 457 1847 'enim
480 1785 587 1846 editur
607 1786 703 1847 etiam
725 1787 760 1847 in
784 1786 890 1848 Plinio
912 1794 971 1866 34.
1000 1803 1055 1866 19.
1072 1785 1092 1848 l.
1111 1795 1146 1862 8.
1175 1801 1208 1849 et
1229 1784 1405 1868 stephanus*

368 1905 445 1947 eum
468 1887 664 1972 Etymologo
683 1907 715 1969 p.
738 1901 822 1962 272.
846 1883 1020 1973 Διδυμαῖος
1041 1903 1074 1949 et
1094 1879 1258 1977 Διδυμεῖις
1282 1897 1384 1948 tantum

367 2000 493 2054 notant.
533 1989 616 2050 Sunt
636 2003 744 2052 tamen
765 1985 884 2051 formae
906 1989 1053 2051 locorum
1072 1989 1207 2062 similer.
1238 1992 1271 2050 in
1290 1983 1385 2070 quibui

306 2110 311 2126 ’
367 2091 455 2151 valet
474 2091 570 2150 etiam
589 2111 631 2172 ει,
656 2104 690 2152 et
707 2085 863 2179 Διδύμεια
880 2089 985 2153 Mileti
1004 2089 1038 2150 in
1054 2091 1214 2176 agonibus
1230 2098 1385 2153 memorarit

367 2209 482 2253 marm.
500 2191 606 2254 Oxon.
626 2213 659 2256 ιι.
678 2207 710 2272 3.
731 2213 764 2276 p.
782 2207 842 2269 71.
868 2192 932 2270 (eri.
952 2191 1072 2270 ¹676.)
1117 2193 1156 2254 in
1175 2193 1285 2255 multi·
1299 2181 1386 2252 nu‘mir

368 2291 486 2377 legitur
511 2287 668 2380 Διδυμεια
699 2309 732 2355 et
758 2289 917 2384 Διδυμευς
942 2287 1121 2380 Μιλησιων.
1178 2292 1384 2376 Antiquitatem

369 2393 483 2475 tempii
503 2395 619 2454 lonum
641 2396 867 2479 migrationem
889 2393 1040 2456 excedere
1056 2395 1204 2458 adfirmat
1224 2391 1344 2457 Partim.
1360 2401 1384 2461 7.

371 2507 406 2560 2.
422 2505 457 2572 4.
494 2493 626 2556 Orecuia
642 2509 760 2566 autem.
786 2509 823 2557 ut
840 2494 984 2578 Delphis.
1008 2494 1187 2558 edebantur
1204 2515 1295 2567 voce.
1316 2487 1386 2576 quoi

369 2590 466 2656 refert
480 2593 637 2680 Origenes
651 2610 760 2658 contra
769 2595 898 2660 Celsum
912 2595 968 2658 lib.
986 2591 1046 2659 ιλ.
1061 2616 1093 2678 p.
1105 2607 1192 2676 384.
1206 2599 1272 2678 (ed.
1288 2591 1387 2672 1733.)

369 2707 520 2777 vatesque
536 2697 684 2758 baculum
700 2698 838 2760 tenebat.
860 2702 873 2776 (
879 2697 1069 2759 lamblichus
1083 2697 1124 2759 de
1137 2699 1263 2777 mylier.
1273 2699 1389 2781 Aegypt.

373 2809 407 2878 5.
430 2817 484 2861 ιι.
509 2797 566 2859 ubi
581 2797 669 2881 plura
684 2800 780 2861 etiam
799 2799 839 2862 tie
854 2800 917 2860 ritu
933 2797 1167 2881 proferuntur.)
1214 2791 1389 2863 Corrticuilie

369 2911 478 2961 autem
492 2919 565 2962 cum
578 2901 646 2963 aliie
662 2899 717 2961 sub
733 2903 909 2963 adventum
924 2899 1050 2969 Cbrilli.
1074 2897 1171 2962 refert
1189 2901 1390 2963 Nazianzenus

371 3001 406 3062 iu
422 3003 561 3064 carmine
576 3005 613 3062 ad
627 3001 811 3066 Nemeirum
828 3003 880 3064 fin.
909 3001 1070 3064 Omnium
1082 3019 1190 3064 autem
1206 3002 1391 3064 oraculorum

371 3101 439 3186 poll
463 3103 653 3183 Delphicum
671 3100 732 3164 l'uit
748 3103 1001 3173 celeberrimum.
1032 3103 1179 3178 (Conon.
1198 3115 1311 3166 namot.
1327 3097 1393 3180 33.)

371 3204 480 3284 illique
504 3205 643 3285 Apollini
666 3224 731 3265 erae
755 3205 859 3279 stantib
879 3204 1113 3273 Demotlamue.
1143 3205 1270 3268 Seleuci
1291 3218 1322 3266 et
1341 3203 1391 3262 An·

371 3306 469 3368 tiochi
490 3325 601 3388 regum
619 3306 699 3375 dux.
724 3319 761 3365 ut
781 3317 884 3366 narrat
899 3305 981 3366 Plin.
1002 3307 1035 3376 6,
1056 3315 1109 3380 18.
1125 3301 1147 3369 l.
1168 3306 1224 3368 16.
1251 3319 1283 3368 et
1306 3319 1392 3366 exeo

373 3405 521 3468 Martian.
545 3405 621 3488 Cap.
640 3407 673 3469 6.
696 3427 728 3488 p.
749 3419 833 3485 223.
859 3423 892 3468 et
908 3407 1011 3468 Solin.
1035 3424 1062 3466 c.
1080 3417 1139 3483 52.
1163 3405 1262 3486 [49.
1314 3403 1392 3466 idem

372 3526 450 3569 vero
470 3507 583 3589 Apollo
607 3507 709 3570 dictur
730 3509 826 3570 etiarn
849 3505 892 3568 eli
911 3503 1085 3596 Philefius.
1113 3521 1150 3568 ut
1167 3525 1206 3568 ex
1225 3507 1329 3568 Plinio
1344 3515 1392 3582 54.

378 3627 434 3688 19.
453 3605 474 3670 l.
491 3621 524 3685 8.
544 3605 690 3680 discitum
722 3627 839 3690 nempe
858 3609 897 3669 ab
915 3605 1023 3670 olculo
1042 3607 1196 3678 Branchi.
1223 3611 1264 3670 tle
1286 3623 1347 3688 quo
1361 3599 1393 3662 tf·

373 3709 520 3772 Barthiua
550 3709 588 3771 ad
622 3711 714 3771 Statii
742 3709 847 3772 Theb.
869 3718 901 3786 8.
930 3717 1011 3787 198.
1063 3709 1113 3771 De
1145 3708 1275 3772 amabili
1300 3723 1393 3769 tamen

374 3813 552 3875 Soiie'iuce
575 3811 708 3892 explicat
734 3810 877 3876 Macrob.
902 3811 1028 3874 snum.
1055 3829 1084 3879 1.
1107 3824 1162 3886 17.
1215 3811 1288 3872 vta.
1310 3808 1392 3872 etiem

375 3915 509 3977 Larcher
533 3914 573 3974 ad
605 3911 763 3979 Herodot.
785 3913 820 3986 o,
847 3929 904 3993 19.
945 3909 1002 3974 ubi
1032 3911 1132 3976 muita
1160 3911 1247 3999 leger
1273 3911 1313 3974 de
1340 3909 1393 3968 hoc

375 4016 508 4100 templo.
