2892 4950
328 359 389 422 552
597 345 759 405 Noram
799 345 1109 405 exsauctora-

331 527 546 612 Hprarrsrsmu.
572 519 773 604 Hellesponti
786 520 911 593 urbem,
928 535 965 584 ut
980 524 1101 606 priores
1113 522 1283 594 aiiietiam,
1297 521 1367 584 dicit

334 627 536 710 Stephanum
575 624 694 703 Myfiae
724 623 844 685 minori
870 625 922 684 dat
955 625 1095 689 Ptolem.
1113 637 1148 702 5,
1172 641 1208 690 Ω.
1230 629 1274 688 in.
1300 641 1367 686 cum

336 715 519 812 Lampsaco.
573 726 647 787 Fuit
663 724 738 788 urbs
761 727 918 786 maritima
935 745 1010 788 cum
1033 739 1137 808 portu.
1165 729 1298 808 (Strabo
1318 739 1366 803 13.

336 853 368 914 p.
386 841 472 909 404·
491 827 511 891 i.
530 829 632 906 587.)
684 827 878 890 conditores
900 827 1011 888 habuit
1033 829 1191 900 Miletos,
1218 831 1271 893 vei
1287 828 1370 908 Cyzi·

339 951 444 1001 cenos,
470 949 623 993 nomena
641 929 767 1012 Priapo,
794 949 890 1010 quem
911 941 944 989 et
964 931 1143 994 coluerunt.
1168 931 1328 1010 (Straboc.
1337 930 1369 1006 1.)

340 1035 445 1116 Prope
465 1029 610 1093 Caraboa
627 1031 671 1090 illi
689 1049 775 1091 nunc
790 1029 895 1091 isdem
914 1029 1053 1116 adsignat
1070 1027 1233 1095 d'anvitte
1248 1053 1279 1115 p.
1296 1027 1370 1110 336.

341 1157 369 1198 c.
383 1136 405 1198 l.
444 1134 595 1196 Ceterum
618 1133 734 1194 eodem
754 1131 866 1194 ordine
889 1132 981 1194 urbes
1002 1153 1071 1202 eas,
1103 1133 1160 1194 etit
1185 1136 1291 1196 adlitis
1312 1133 1371 1194 [cri-

341 1251 451 1318 ptnrae
475 1237 580 1305 vitiis.
611 1231 775 1295 recensent
793 1233 858 1296 tab.
880 1235 1065 1319 Peutinger.
1090 1247 1123 1312 8.
1148 1237 1186 1300 1⁷.
1212 1251 1246 1297 et
1264 1236 1370 1318 Geogr.

340 1339 489 1400 Praveoo.
505 1351 539 1408 Ω,
561 1349 614 1415 ¹8·
631 1350 664 1398 et
681 1345 713 1412 5.
733 1353 748 1399 t
755 1353 789 1414 9.
815 1355 855 1400 ex
869 1335 985 1418 quibus
999 1349 1076 1398 tuuc
1091 1337 1203 1400 ttetiffe
1218 1339 1371 1400 videntur.

417 1540 576 1601 amoris
601 1536 867 1619 commercio)
917 1539 970 1602 Sic
986 1539 1146 1623 eleganter
1169 1539 1315 1604 describit
1335 1536 1374 1607 id,

343 1641 429 1722 quod
448 1641 620 1720 Abydenus
643 1661 715 1722 prae
739 1659 847 1702 amore
865 1637 966 1702 feciiie
987 1643 1119 1713 dicitur,
1151 1658 1189 1704 ut
1207 1641 1374 1703 identidem

294 1749 298 1754 '
344 1755 550 1804 transnataret
572 1745 610 1804 ad
632 1743 746 1803 urbem
769 1743 892 1805 Sestum
914 1762 980 1804 uon
1005 1745 1110 1814 aliter,
1135 1765 1234 1826 quarn
1257 1743 1374 1804 videtur

344 1857 500 1905 mercator
533 1865 606 1905 cum
642 1843 800 1906 mercibus
834 1843 906 1909 iuis.
935 1879 985 1892 --
1044 1845 1135 1907 Hanc
1161 1844 1375 1927 metaphoram

345 1943 491 2007 transfert
508 1947 547 2006 ad
562 1965 714 2014 amorem.
740 1945 818 2007 ficut
840 1945 948 2008 lustin.
965 1939 1020 2032 [9.
1042 1965 1071 2016 t.
1090 1941 1144 2032 5.]
1171 1945 1286 2017 scribit,
1309 1942 1376 2005 Phi·

345 2045 469 2128 lippum
493 2061 678 2108 mutuarum
703 2046 790 2108 inisse
812 2048 963 2130 pecuniae
987 2052 1221 2111 commercium
1245 2049 1285 2109 de
1305 2045 1375 2128 pira·

347 2150 418 2208 tica,
448 2167 470 2210 1.
489 2167 685 2212 cnouovrvs
699 2149 775 2210 MS.
828 2151 875 2210 lta
897 2149 976 2210 vero
992 2149 1088 2209 etiam
1104 2151 1181 2213 alias
1200 2145 1374 2212 Suetonio

242 2263 245 2272 '
348 2249 449 2333 Caiig.
473 2229 539 2332 cap.
558 2253 616 2329 36.
641 2249 858 2312 commercium
878 2248 1146 2343 arrriquistupri,·
1180 2253 1282 2314 Vaier.
1298 2247 1371 2308 Mar.

348 2343 388 2426 8.
400 2367 432 2418 2.
449 2367 482 2413 α.
500 2349 660 2423 irbrdmrm
680 2353 751 2414 Lir.
770 2364 803 2427 5,
824 2363 879 2429 15,
897 2363 931 2428 5.
949 2342 1105 2442 sermonis
1121 2366 1153 2412 et
1168 2355 1292 2415 fimilia.
1317 2343 1372 2430 tpta

347 2451 474 2514 historia
489 2453 529 2514 de
546 2453 690 2513 Leandro
708 2468 741 2514 et
756 2453 843 2514 Hero
859 2454 893 2512 iu
911 2453 1030 2536 vulgus
1047 2453 1090 2515 ett
1113 2468 1206 2526 nota.
1240 2471 1328 2536 quam
1347 2458 1373 2509 et

347 2553 501 2632 prolixius
525 2554 669 2613 tractavit
689 2554 723 2614 in
746 2555 883 2614 carmine
907 2554 1026 2614 Graeco
1052 2553 1218 2625 Musaeus.
1247 2553 1373 2617 Ovidius

347 2653 381 2713 in
398 2653 484 2732 epist.
507 2667 562 2730 18.
578 2665 611 2715 et
632 2671 686 2732 ¹9·
712 2653 909 2738 elegantibus
926 2655 1065 2718 verubus
1080 2655 1214 2720 brevius
1231 2649 1375 2732 descripfit

347 2754 457 2837 virgil.
470 2754 586 2838 Georg.
599 2769 631 2832 3,
642 2765 713 2831 258
724 2753 786 2836 sqq.
818 2755 938 2818 Adiusrt
952 2756 1016 2817 huc
1032 2759 1147 2820 iterum
1159 2757 1248 2821 Meis
1264 2773 1296 2824 Ω.
1306 2770 1336 2822 2·
1346 2765 1373 2824 7·

348 2852 452 2936 lpiam
474 2876 552 2918 vero
571 2857 794 2928 narrationem,
823 2877 917 2939 quam
938 2859 1033 2938 aliqui
1056 2859 1248 2942 explodunt.
1280 2867 1376 2917 tuetur

350 2957 578 3028 daramium,
604 2971 769 3040 poetarum
793 2960 922 3041 quidem
944 2961 1129 3022 auctoritate
1146 2967 1376 3036 nummumque

350 3058 426 3126 fide.
456 3062 490 3120 in
509 3059 682 3123 Memoires
702 3059 743 3122 de
761 3059 941 3124 l’academie
961 3061 1018 3126 des
1039 3059 1203 3130 inicrr.'1'.
1224 3077 1257 3140 7.
1275 3080 1306 3144 p.
1325 3064 1378 3135 74.

349 3173 383 3220 et
405 3173 490 3244 240.

427 3383 467 3424 re
468 3353 500 3453 s
497 3383 577 3444 pun
578 3356 610 3456 s
609 3387 668 3427 nm
694 3364 808 3449 erar)
858 3365 998 3429 Verbum
1017 3366 1058 3429 de
1078 3367 1212 3428 oraculis
1236 3363 1376 3428 solemne.

350 3464 421 3526 Vid.
449 3467 614 3530 staveren.
646 3469 684 3528 ad
713 3467 831 3550 Nepot.
854 3477 888 3548 4,
912 3479 945 3546 5.
968 3465 990 3532 i.
1031 3481 1064 3530 et
1089 3487 1168 3550 quos
1193 3468 1240 3530 ibi
1270 3463 1378 3527 laudat.

350 3565 478 3650 Nempe
497 3567 726 3642 consultantes,
752 3571 984 3656 interrogantes
1002 3567 1129 3652 spectat.

418 3760 451 3859 f
455 3791 474 3829 u
484 3769 496 3831 l
496 3761 628 3863 sisset
637 3769 656 3854 )
706 3773 808 3836 Prout
823 3768 859 3834 in
874 3772 938 3834 hoc
960 3769 1046 3833 ieniu
1067 3761 1208 3856 λάμπειν
1223 3768 1377 3849 usurpatur

350 3870 457 3932 Actor.
477 3888 532 3943 ια,
555 3889 589 3946 7.
634 3875 752 3935 Auctor
775 3873 920 3954 Etymol.
941 3871 987 3934 M.
1011 3893 1037 3935 c.
1055 3872 1077 3934 1.
1101 3865 1142 3935 τὸ
1162 3861 1309 3963 sulfiffer
1332 3883 1376 3927 ex·

350 3973 464 4054 plicat:
500 3970 669 4064 ἀστραπῆς
688 3972 856 4062 γενομένης
879 3965 963 4039 εἶδον
977 3969 1036 4038 riv
1056 3965 1163 4038 τόπον
1184 3965 1239 4036 nui
1256 3969 1375 4038 ἔκτισαν

349 4066 409 4162 rip
433 4068 542 4141 πόλιν.
602 4077 642 4142 in
666 4097 731 4162 quo
756 4079 890 4162 quidem
917 4095 992 4140 cum
1024 4069 1172 4141 Voii'rum
1198 4067 1373 4140 offenditur,
