2852 4946
350 381 415 468 59⁶
622 383 786 448 Nom
825 387 1127 448 oxnoomcoo

327 557 390 626 'ad
423 561 528 624 finum
559 555 704 632 lfficum,
736 580 796 643 qua
826 573 929 644 patet,
967 563 1053 636 sitas,
1087 563 1145 625 uhi
1169 577 1294 648 ponunt
1316 561 1374 628 fero

351 683 483 734 omnes,
516 663 551 724 in
580 663 695 743 quibos
716 663 841 724 Plinius
861 679 893 735 2,
921 681 1001 728 112.
1025 663 1149 744 [103.
1185 667 1374 750 Agathomer.

357 787 386 838 ι,
404 776 439 849 4.
457 766 502 828 in.
529 763 677 826 Martian.
698 762 775 844 Cap.
792 783 819 825 o.
837 763 858 825 l.
884 793 937 808 -
974 767 1013 828 ln
1027 786 1080 828 ora
1101 767 1250 850 producit
1263 767 1375 830 Plinius

352 880 385 946 5,
411 864 508 944 18.s.
533 881 592 928 22.
615 861 646 928 ἐν
669 866 722 926 vel
743 858 794 928 ἐπὶ
826 865 879 942 (in
907 866 978 930 cod.
1000 869 1138 947 Eteon.)
1163 869 1209 955 τῇ
1231 861 1375 952 θαλάττῃ

350 967 535 1052 Xenophon
558 967 598 1028 de
619 967 732 1048 exped.
757 966 835 1047 Cyri
856 987 885 1035 1.
900 975 935 1046 4.
952 969 986 1032 6.
1019 967 1076 1028 ubi
1105 973 1330 1034 commercium
1348 982 1376 1032 et

261 1092 269 1113 ·
348 1071 483 1132 navium
516 1068 683 1130 stationem
712 1081 961 1140 commemorat;
992 1070 1031 1130 ad
1059 1071 1148 1152 pylas
1173 1070 1318 1134 Arrianus
1340 1069 1375 1132 do

348 1173 462 1255 expod.
481 1170 571 1233 Alex.
594 1185 626 1238 Ω.
650 1169 683 1232 6.
700 1169 745 1229 in.
774 1171 816 1229 ita
838 1170 987 1250 quidem,
1018 1185 1055 1232 ut
1085 1171 1124 1232 ab
1146 1173 1322 1234 Alexandro
1342 1189 1376 1234 ox

349 1273 461 1338 cilicia
483 1270 656 1332 traiiciente
671 1268 825 1352 superatae
840 1269 933 1332 dicat.
966 1271 1070 1355 'Quod
1092 1274 1193 1357 igitur
1208 1273 1376 1358 Stephanus

347 1375 456 1454 Syriae
486 1371 601 1433 urbem
634 1371 721 1432 iuxta
755 1371 939 1434 Phoenicen
973 1369 1062 1445 facit,
1106 1371 1248 1438 aroeffito
1280 1375 1375 1438 Xeno·

347 1476 491 1560 phonte,
525 1474 559 1534 id
581 1472 735 1534 hactenus
756 1469 904 1554 explicari
927 1471 1023 1536 debet
1044 1495 1084 1536 ex
1103 1476 1319 1558 Xenophonte
1341 1474 1375 1536 de

347 1577 463 1659 exped.
485 1596 514 1647 1,
536 1583 571 1652 4,
595 1575 629 1638 6.
667 1574 755 1656 quod
776 1575 953 1636 Phoenices
974 1595 1043 1636 eam
1067 1575 1267 1647 habitarunt.
1297 1575 1376 1638 unde

347 1680 444 1742 etiam
457 1675 569 1757 Scylax
583 1695 610 1739 c.
625 1675 648 1738 l.
671 1673 826 1738 Φοινίκων
842 1687 945 1736 vocat.
973 1675 1163 1740 Posteriores
1178 1679 1219 1741 do
1234 1678 1293 1740 hoo
1306 1675 1377 1738 urbo

346 1781 440 1865 plane
463 1777 564 1840 filont.
619 1777 747 1839 Gentile
772 1779 804 1838 in
824 1775 986 1857 Stephano
1004 1781 1137 1849 excidit,
1164 1779 1253 1861 quod
1270 1776 1378 1840 Borke-

345 1883 411 1945 lius
431 1903 465 1964 p.
481 1892 566 1959 573.
591 1892 623 1940 et
637 1875 821 1942 Holsteoius
842 1899 874 1960 p.
893 1887 973 1960 ¹¹4·
998 1876 1087 1942 fuiffe
1105 1895 1222 1963 putant
1245 1881 1378 1970 Μυριαν·

347 1975 467 2072 δρηνός.
511 1977 720 2044 Poffeffivum
737 1981 772 2040 in
787 1978 948 2062 Stephano
963 1980 1076 2041 manfit
1098 1983 1132 2041 in
1146 1975 1379 2070 Μυριανδρικός

346 2080 491 2160 κόλπος,
524 2101 603 2167 quae
625 2083 669 2146 est
685 2101 755 2164 paro
777 2075 876 2151 unci,
902 2081 1034 2142 ductum
1056 2079 1138 2144 forto
1160 2103 1202 2146 ex
1217 2083 1377 2146 Herodoto

346 2197 382 2271 4,
406 2199 465 2268 53.
496 2185 554 2246 ubi
580 2184 818 2266 corruptionem
843 2181 1011 2244 immistam
1035 2184 1098 2245 viri
1123 2183 1213 2246 docti
1238 2185 1376 2267 probant.

346 2290 511 2354 Praeterea
535 2281 781 2374 Μυριανὸριτων
806 2283 976 2346 ostendunt
998 2285 1109 2356 numi,
1142 2285 1316 2368 dequibus
1341 2281 1375 2346 of.

345 2390 466 2457 harche
489 2389 523 2449 in
539 2390 616 2450 Lex.
639 2407 730 2448 num.
747 2387 787 2446 T.
806 2399 838 2465 5.
861 2385 898 2446 P.
920 2403 950 2448 1.
970 2405 1001 2466 p.
1025 2397 1130 2463 ¹⁰⁰5·
1158 2399 1190 2449 ot
1207 2385 1330 2450 Eckhol
1346 2387 1375 2446 iu

346 2495 448 2555 doctr.
480 2509 571 2551 num.
598 2489 669 2550 Vol.
692 2509 721 2550 ι.
746 2486 784 2549 Ρ.
808 2500 841 2565 3.
864 2507 895 2568 p.
915 2499 998 2565 322.
1049 2487 1130 2549 Satio
1162 2507 1245 2551 vero
1279 2485 1374 2570 lepide

345 2591 547 2674 Myriandros
571 2590 678 2668 Syriae
705 2587 843 2670 populos
871 2608 910 2649 ex
937 2587 999 2650 hoc
1028 2587 1132 2651 Melae
1162 2589 1238 2651 loco
1262 2587 1376 2672 effingit

345 2696 489 2759 Orleliuo
511 2693 546 2752 in
569 2689 647 2753 thes.
675 2689 793 2772 Geogr.
817 2688 850 2750 h.
876 2709 909 2750 v.
946 2689 995 2750 uti
1020 2703 1129 2750 contra
1154 2689 1375 2771 adpellativum

343 2792 535 2890 μυρίανδρος
553 2787 646 2866 πόλις
663 2791 703 2854 do
719 2789 861 2869 Olyntho
879 2791 1001 2851 dictum
1015 2791 1099 2872 apud
1116 2789 1376 2875 Agatharchidem

343 2902 385 2962 do
410 2898 521 2961 Rubro
544 2895 623 2958 mari
641 2913 713 2977 pag.
735 2907 790 2966 17.
807 2889 906 2954 Huds.
933 2891 972 2952 ad
992 2891 1128 2954 nostram
1150 2891 1268 2954 urbem
1288 2887 1376 2952 refert

337 2981 510 3082 ¹interpres.
572 2997 599 3059 A
628 2989 833 3084 μυρίανδρος,
866 3010 947 3056 voco
973 2991 1029 3057 Gr.
1053 3012 1177 3058 nomen
1203 2993 1374 3060 deductum

342 3115 434 3188 putot
462 3101 666 3164 Burmannus
688 3093 760 3160 ΜΕ.
