2764 4958
320 375 391 448 222'
591 391 752 449 nom
791 391 1091 449 exnonnrcte

394 562 623 646 incultius)
671 565 724 628 sic
736 563 855 627 Sallust.
872 565 941 646 lug.
956 583 983 624 c.
1009 581 1064 642 ¹9·
1081 560 1101 624 f.
1123 571 1176 641 ¹5·
1201 558 1336 624 Gaetulos

319 667 498 744 accepimus
516 666 637 746 partim
657 667 692 726 iu
715 666 866 745 tuguriis,
897 665 978 725 alios
993 664 1141 726 incultius
1160 681 1256 742 uagos
1276 659 1335 740 agi·

319 779 407 837 tare,·
438 780 471 826 et
495 785 523 828 c.
539 778 598 844 89.
617 765 637 827 s.
657 777 716 849 85.
740 757 866 856 Africa,
894 785 975 847 quoe
994 763 1103 842 procui
1119 785 1141 824 a
1158 765 1235 824 mori
1253 759 1336 821 incui-

319 869 383 928 tius
406 863 532 946 regebut.
570 867 622 927 Sic
637 868 723 928 idem
737 887 763 928 c.
785 877 839 943 18.
858 864 993 944 3.s.14.
1014 867 1155 946 proxime
1171 863 1336 924 confirmat:

319 967 405 1047 ungi,
428 967 585 1047 palantes,
610 988 675 1050 quo
693 988 759 1028 uox
780 978 934 1046 coegerat,
954 956 1047 1055 sedes
1062 962 1227 1026 trabebant.
1276 959 1337 1022 Post

318 1069 360 1130 de
391 1067 591 1130 Nomadibuc
615 1067 728 1130 Strabo
748 1083 782 1143 7.
814 1088 847 1151 Ρ.
872 1083 957 1130 211.
979 1063 1002 1130 i.
1026 1079 1111 1146 507.
1135 1059 1337 1130 ἀκολουθοῦσι

317 1166 391 1246 ’τοῖς
413 1165 534 1257 νομαῖς.

394 1367 663 1452 promouent)
698 1369 854 1453 Graphice
870 1370 1021 1455 Virgilium
1035 1369 1151 1454 Georg.
1164 1383 1194 1450 5.
1207 1381 1272 1448 339
1283 1363 1336 1446 sqq.

319 1471 424 1532 unde:
460 1472 568 1531 omnia
590 1460 698 1561 secum
725 1475 944 1533 Armentarius
968 1463 1050 1560 Afer
1068 1474 1153 1550 agit,
1180 1483 1339 1550 tectrrmque

318 1572 485 1653 laremque.
538 1572 633 1633 Silius
657 1572 726 1633 Ital.
749 1589 780 1643 o,
804 1581 890 1650 442.
919 1575 1026 1634 omnio
1048 1571 1188 1632 Poenum
1210 1563 1340 1632 Armenii

318 1671 446 1752 vigilem
467 1673 577 1751 patrio
601 1672 640 1732 de
665 1693 748 1732 more
768 1661 956 1762 sequuntur.
1003 1671 1054 1735 cf.
1076 1685 1109 1733 et
1132 1673 1231 1733 Vaier.
1251 1669 1339 1730 Flacc.

319 1777 439 1856 Argon.
456 1775 489 1843 6,
508 1786 592 1852 531.
624 1773 742 1836 Lucan.
759 1783 794 1852 4,
817 1775 901 1851 633.
952 1773 1043 1834 idern
1062 1774 1101 1833 de
1119 1773 1242 1851 Scythis
1259 1769 1342 1829 tradit

319 1875 428 1936 lustin.
447 1889 479 1944 Ω,
499 1889 533 1934 Ω.
557 1873 652 1936 etde
674 1875 788 1936 iisdem
810 1875 969 1935 Ammian.
996 1891 1051 1942 οῦ,
1077 1883 1111 1950 8.
1139 1889 1173 1934 et
1195 1872 1295 1934 Alanis
1313 1881 1341 1929 et

319 1976 450 2037 Hunnis
467 1989 523 2053 31.
545 1991 577 2037 tt.
629 1976 710 2035 Eam
726 1988 831 2036 autem
850 1969 1140 2056 antiquissimorum
1160 1973 1341 2055 populorum

318 2077 419 2136 viram
435 2074 533 2146 soille,
558 2076 661 2138 elucet
676 2095 716 2138 ex
731 2077 902 2159 scripturis
915 2074 1004 2136 sacris
1019 2095 1051 2138 v.
1068 2093 1095 2137 c.
1121 2073 1232 2136 Genei.
1243 2081 1275 2155 4,
1291 2051 1350 2131 coi

318 2192 352 2239 et
372 2177 517 2260 pluribus
542 2178 652 2238 docuit
666 2177 851 2238 Perizonius
874 2176 914 2237 de
934 2177 1050 2259 origin.
1072 2174 1185 2254 Babyl.
1207 2195 1270 2255 cap.
1294 2186 1341 2231 ιο.

318 2299 352 2362 Ρ.
372 2289 454 2356 242.
491 2275 547 2336 ubi
570 2290 603 2338 et
626 2277 713 2338 hunc
734 2277 837 2338 Melae
859 2277 967 2338 locum
992 2274 1151 2358 adposuit.
1203 2276 1342 2339 Ceterum

318 2379 457 2441 eundem
481 2395 605 2438 morem
631 2377 734 2438 adhuc
754 2377 827 2439 istoc
849 2374 971 2438 Africae
994 2377 1147 2458 populos,
1180 2377 1341 2440 Bedaium,

318 2477 455 2548 fervere,
481 2479 586 2538 utrix
602 2493 723 2538 remota
739 2477 853 2538 abhinc
871 2479 1037 2564 uetate'illc
1051 2490 1196 2542 auctores
1212 2469 1342 2557 scriptito

317 2568 503 2649 uideantur,
528 2577 671 2638 adfirmat
686 2578 781 2641 Shaw
799 2581 840 2641 Τ.
859 2597 889 2641 t.
911 2599 943 2660 p.
962 2592 1030 2658 371
1052 2577 1094 2660 iq.

393 2781 432 2842 in
459 2801 663 2844 commune
687 2771 964 2872 consultant)
1014 2783 1040 2843 1.
1062 2800 1092 2844 e.
1113 2781 1243 2864 publico
1266 2795 1343 2840 com·

319 2881 420 2945 modo
444 2882 579 2944 student.
631 2883 684 2945 sic
704 2885 834 2944 Tacituc
858 2883 892 2942 in
918 2883 1063 2966 Agricola
1090 2879 1181 2971 [cap.
1210 2875 1285 2966 to]
1311 2877 1342 2936 in

321 3003 482 3044 commune
503 3003 565 3045 uon
588 2973 775 3073 tonstrinum
806 2995 839 3044 et
858 2979 915 3045 lib.
937 2997 992 3060 ¹5·
1016 2979 1116 3071 [Hist.
1134 2990 1168 3062 4,
1186 2976 1263 3068 67.]
1289 2981 1344 3039 Per

324 3083 448 3148 Gallias
469 3083 607 3154 edixere,
635 3095 673 3146 ut
694 3077 788 3173 miffis
809 3083 925 3164 legatis
946 3085 979 3143 in
1006 3105 1168 3146 commuue
1197 3071 1344 3172 consulta·

319 3197 399 3248 rene.
426 3203 638 3246 crnccoutvc.
688 3184 766 3246 Non
787 3183 905 3245 habent
921 3181 1098 3246 societatem
1114 3187 1256 3254 civilem,
1283 3195 1345 3240 rem

319 3285 488 3367 publicem,
507 3283 558 3347 [ed
571 3285 627 3346 fibi
641 3287 772 3366 quisque
787 3285 870 3346 vivit
880 3283 1002 3366 suisque
1017 3287 1200 3350 commodis
1213 3281 1345 3344 inservit·

320 3387 450 3448 'facitne
463 3387 499 3446 in
515 3387 618 3470 Agric.
636 3405 703 3468 cap.
721 3401 777 3448 ιο.
803 3403 972 3448 onnevtve
987 3387 1063 3448 MS.
1115 3387 1228 3448 Horat.
1249 3403 1278 3444 o.
1296 3381 1343 3442 od·

327 3499 381 3564 15,
405 3507 460 3552 ιι.
487 3487 655 3550 Commune
678 3507 838 3566 maguum.
877 3487 994 3548 Auctor
1015 3485 1140 3568 respicit
1162 3488 1216 3550 Gr.
1236 3475 1343 3546 κοινόν.

320 3606 548 3650 nvnutunvs.
601 3589 653 3651 sic
673 3583 783 3668 paffint
807 3599 839 3649 et
861 3587 934 3648 alibi
962 3589 1177 3650 incommune
1200 3576 1345 3675 consulere

322 3690 373 3752 vel
398 3681 590 3779 consultare,
626 3702 662 3748 ut
682 3691 717 3749 in
742 3690 854 3750 Tacito
877 3689 989 3750 Annei.
1019 3705 1072 3758 ιο,
1095 3701 1130 3767 5.
1152 3687 1175 3752 f.
1211 3688 1344 3758 Curt.9‚

328 3811 357 3860 r,
373 3805 431 3852 αι.
460 3791 591 3851 Terent.
611 3791 708 3851 Andr.
726 3801 758 3867 5,
776 3803 808 3866 3,
830 3789 884 3852 16.
909 3789 981 3851 Liv.
994 3804 1052 3868 52,
1073 3808 1129 3852 cr.
1143 3791 1189 3853 in.
1215 3789 1296 3850 Plin.
1312 3781 1344 3844 6.

322 3890 410 3974 epist.
432 3887 487 3954 16.
528 3891 656 3953 Similes
673 3888 826 3952 formulae
843 3890 877 3948 in
897 3909 1056 3950 commuue
1075 3881 1229 3980 disfirere,
1254 3881 1343 3966 loqui,

322 3991 422 4052 dicere
439 4025 489 4038 —
510 4011 585 4072 quae
600 4004 633 4053 et
647 3991 760 4052 Lexica
774 3986 929 4060 adferunt.
952 4005 984 4052 et
1000 3993 1061 4051 viri
1078 3991 1166 4054 docti
1179 3987 1346 4050 inlustrant.

324 4089 374 4156 cf.
393 4091 594 4156 Bonemrtnn.
610 4092 650 4156 ed
665 4093 806 4154 Lactant.
825 4104 856 4170 5,
878 4102 935 4169 25.
971 4091 1179 4176 Oudendorp.
1194 4091 1234 4154 ad
1256 4088 1347 4152 Fron·
