2892 4950
311 372 376 443 ott
581 361 743 424 norro
785 361 1089 430 nxronrrcen

311 537 419 602 habet.
461 535 555 602 Priue
576 537 674 623 igitur
690 537 789 608 dixit,
812 551 850 599 ut
865 536 977 601 Horat.
998 537 1040 602 tle
1059 551 1125 601 erte
1141 551 1229 622 poet.
1243 557 1278 603 v.
1297 547 1355 616 18.

307 637 427 729 flumen
446 641 593 701 Rhenum
614 652 646 701 et
669 641 772 703 oderr.
788 648 823 718 4,
840 649 874 718 4,
894 651 952 718 38.
974 639 1161 702 Metaurum
1172 635 1298 728 flumen
1323 655 1358 706 et

310 739 423 828 palsun
446 741 557 803 similia
575 741 735 824 leguntur.
789 739 901 802 Oritur
922 743 957 802 in
974 741 1113 821 Cotylo,
1142 743 1357 806 ldeemontie

312 845 487 915 cacumine,
506 861 573 906 non
590 843 701 924 procul
717 863 733 904 e
748 842 938 906 Scamandro
954 841 1129 926 ertesepn
1150 846 1356 922 (Demetriue

312 947 457 1028 Scepsius
479 945 562 1027 apud
584 944 730 1006 Strobon.
755 955 810 1022 13.
832 965 865 1027 p.
882 952 969 1022 414.
987 942 1009 1007 l.
1028 945 1136 1022 602.)
1160 947 1248 1008 unde
1271 949 1357 1011 inter

310 1049 462 1130 Priapum
477 1059 510 1109 et
525 1043 683 1127 Aelepum
698 1045 830 1128 profluit
842 1063 898 1127 per
908 1045 1091 1108 Adrasteum
1106 1044 1175 1132 (n)
1192 1065 1355 1132 campum.

311 1150 439 1236 (Strabo
459 1161 515 1226 15.
530 1167 560 1228 p.
578 1156 663 1224 404.
681 1144 702 1210 l.
718 1143 818 1228 587.)
843 1159 875 1208 et
890 1147 1020 1208 tandem
1036 1149 1070 1209 in
1086 1148 1286 1231 Propontida
1303 1171 1356 1214 ex·

310 1253 418 1314 currit.
447 1250 545 1326 (Plin.
558 1260 592 1326 5‚·
609 1262 667 1328 35.
679 1246 700 1310 l.
712 1263 770 1326 3⁰.
797 1248 936 1310 Ptolem.
947 1259 980 1325 5,
1000 1265 1033 1311 Ω.
1051 1251 1111 1328 ἰη.)
1152 1251 1232 1313 Eine
1248 1250 1356 1316 curlue

309 1352 500 1436 intelligitur
530 1352 626 1411 etiem
655 1369 695 1410 ex
724 1351 838 1410 itinere
868 1350 956 1412 Alex.
979 1349 1027 1413 Μ.
1052 1351 1136 1433 apud
1160 1353 1283 1415 Anien.
1313 1354 1356 1417 ele

310 1453 424 1536 exped.
444 1471 474 1524 r,
495 1468 538 1514 ια
555 1449 597 1532 lq.
622 1452 739 1533 quippe
766 1451 820 1530 qui
845 1470 861 1511 a
885 1451 999 1532 Priapo
1020 1452 1060 1512 erl
1083 1452 1257 1515 Granicum
1282 1475 1357 1537 pro·

310 1555 454 1625 celloran
480 1554 522 1612 ita
536 1553 625 1614 enim
644 1571 702 1634 pro
715 1548 865 1639 Πρίαμον
882 1546 988 1624 πόλιν,
1011 1573 1092 1634 quae
1106 1555 1192 1616 nulle
1207 1557 1261 1616 hic
1275 1570 1354 1629 eret.

309 1676 383 1718 oum
407 1655 580 1716 Blancartlo
603 1655 664 1737 leg.
687 1653 821 1714 arbitror
842 1673 881 1714 ex
903 1653 1009 1716 Plinio
1027 1665 1062 1734 4,
1083 1666 1142 1734 24.
1165 1654 1187 1718 l.
1207 1673 1265 1721 ια.
1299 1657 1355 1724 Cf.

309 1757 454 1822 Holllen.
475 1758 512 1816 ad
534 1755 684 1835 Stephon.
708 1775 780 1839 peg.
797 1755 879 1817 261.
914 1768 947 1816 et
969 1755 1167 1818 Freinshem.
1186 1757 1221 1819 in
1244 1758 1355 1824 indice

310 1860 416 1922 Curtii
434 1855 489 1918 inb
505 1853 734 1938 Priapenorum
750 1854 837 1917 urbe.
873 1856 911 1916 ln
926 1855 1086 1922 hodierno
1100 1860 1237 1922 nomine
1253 1863 1355 1926 varie·

309 1974 371 2023 tur.
405 1956 555 2022 Pococke
570 1960 610 2020 T.
629 1972 662 2034 3.
678 1978 711 2040 p.
727 1975 771 2018 m.
793 1957 872 2036 163.
894 1957 1031 2040 adponit
1049 1957 1142 2021 Teler
1160 1959 1276 2026 Giraie.

384 2159 549 2244 pugna)
586 2157 831 2240 Rectenobilern
847 2173 951 2231 vocet,
972 2161 1094 2244 qnippe
1109 2165 1355 2244 quaeamnltie
1437 2163 1438 2170 '

309 2265 491 2328 auctoribus
508 2262 693 2334 celebratur,
713 2275 747 2324 et
761 2281 818 2344 per
833 2260 862 2323 le
877 2264 1038 2346 magnino
1053 2263 1212 2326 Persicum
1227 2263 1354 2328 bellurn

308 2365 371 2428 fuit
388 2369 563 2436 momenti,
597 2377 630 2424 et
650 2363 752 2425 Anam
775 2365 857 2424 intra
872 2363 1015 2424 Taurum
1037 2375 1132 2446 etque
1150 2364 1354 2448 Euphratem

309 2467 490 2531 Alexandro
511 2465 652 2528 subiecit.
703 2467 751 2547 lta
773 2464 885 2527 Strabo
906 2479 960 2543 13.
983 2485 1016 2548 p.
1034 2477 1121 2548 404.
1138 2465 1159 2529 l.
1176 2478 1263 2544 587.
1296 2465 1352 2533 Cf.

308 2581 467 2653 praeterea
487 2567 608 2628 Arrian.
634 2567 672 2624 rle
692 2567 805 2649 exped.
828 2585 858 2636 ι,
881 2577 926 2646 14
939 2565 982 2650 lq.
1024 2567 1188 2632 Plutarch.
1205 2569 1242 2632 in
1257 2569 1350 2634 Alex.

308 2689 376 2752 cap.
400 2669 454 2732 16.
482 2669 617 2730 Diodor.
634 2667 698 2730 Sic.
721 2681 776 2744 17.
797 2676 839 2746 ιδ
858 2665 922 2750 sqq.

378 2861 523 2964 sedet)
574 2871 624 2932 De
648 2869 797 2932 industrie
821 2881 997 2952 captatum,
1031 2883 1069 2932 ut
1098 2871 1212 2935 innuat
1237 2869 1353 2936 inuele-

170 3014 173 3022 ι
307 2987 416 3038 menta
440 2976 509 3035 eius
522 2991 589 3034 non
610 2971 670 3033 elle
685 2973 720 3032 in
735 2970 885 3043 collibus,
912 2983 967 3032 ant
980 2987 1136 3035 montano
1150 2987 1269 3045 tractu,
1296 2973 1353 3038 led

307 3077 341 3138 in
360 3073 521 3158 superlicio
535 3075 628 3156 plana
644 3069 774 3144 telluris,
800 3085 838 3132 ut
851 3069 932 3134 inira
946 3071 1039 3166 vasto
1058 3077 1140 3135 mari
1156 3071 1352 3166 adfideuter.

307 3177 446 3239 Ovidius
462 3177 553 3238 Trill.
574 3197 602 3246 ι.
624 3195 678 3247 ιο,
699 3192 756 3253 29.
780 3173 946 3235 rleleribit:
973 3176 1200 3254 Propontiacis
1222 3177 1353 3240 haeren-

307 3290 370 3340 tem
387 3277 525 3360 Cyzicon
542 3279 616 3339 oris.
644 3295 668 3338 r.
688 3293 892 3338 ononorrvo
908 3275 985 3338 MS.
1036 3274 1088 3338 Cf.
1107 3277 1285 3342 Burmann.
1300 3279 1352 3340 ibi

307 3380 400 3441 etad
427 3379 526 3440 Veler.
549 3378 650 3440 Flacc.
668 3393 699 3448 e,
716 3377 800 3456 636.
854 3377 906 3438 Sic
926 3396 1004 3439 vero
1025 3378 1124 3439 etiam
1146 3377 1220 3438 alibi
1242 3379 1352 3444 noller

299 3472 408 3574 sedem
429 3481 540 3561 ponit,
574 3493 611 3540 ur
636 3496 667 3548 e,
696 3495 727 3548 e,
753 3479 787 3541 6.
821 3489 853 3556 5.
885 3499 913 3548 ι,
933 3495 968 3556 9.
1021 3478 1083 3540 Serl
1106 3476 1146 3540 ci.
1168 3479 1208 3541 cle
1229 3479 1293 3543 hoc
1313 3495 1352 3543 et

306 3581 449 3664 cognatis
470 3581 507 3641 ed
536 3593 567 3658 3,
593 3597 628 3660 9.
650 3581 694 3642 in.
726 3579 817 3640 etin
841 3579 900 3638 suu
933 3578 1096 3650 locorum,
1131 3599 1210 3660 quae
1232 3582 1353 3644 adtulit

306 3683 468 3764 exempla,
496 3679 695 3744 Wernedorf.
712 3680 751 3742 ed
767 3679 883 3744 livien.
897 3680 1018 3766 perieg.
1033 3701 1066 3744 r.
1085 3694 1170 3759 752.

385 3880 601 3966 Cyzicum)
639 3880 694 3944 Gr.
712 3874 731 3968 ἦ
748 3873 906 3969 Κύζικος;
932 3895 966 3944 et
982 3880 1022 3944 lie
1037 3883 1227 3966 plerumque
1237 3887 1351 3950 Latini

307 3985 462 4057 efferunt3
494 3987 603 4055 rariue,
626 3997 664 4044 ut
677 3982 740 4054 hic,
761 3997 880 4048 neutro
899 4003 1027 4069 genere,
1054 3985 1173 4066 dequo
1188 3987 1258 4054 vid.
1274 4003 1350 4056 not.

306 4090 376 4152 erit.
396 4108 430 4173 p.
448 4088 533 4164 562.
585 4083 765 4169 stephanus
795 4085 874 4148 dicit
905 4083 1020 4150 urbem
1045 4085 1275 4172 Propontidie.
1308 4105 1351 4156 nt
