2892 4950
205 419 255 476 ΙΝ
284 417 420 475 rotat.
451 414 559 472 MEL.
601 415 685 469 L.1.
727 413 861 476 (ΗΠΧ.
904 415 983 486 9η.
1058 429 1121 496 545

75 592 193 663 eflicit,
219 604 257 652 ut
277 603 395 659 terrae,
422 587 506 648 inter
524 584 553 649 se
574 585 704 670 angusto
723 585 819 668 spatio
836 586 970 661 divisae,
1002 593 1118 658 iterum

77 696 196 756 similet
215 691 292 764 lint,
324 691 400 750 sttut
414 691 453 751 ad
469 686 587 750 fretum
605 689 810 751 Herculeum.
835 709 978 755 ntrrtve
1001 696 1117 761 initui.

68 787 157 890 [υ.
178 795 292 857 latera.
343 791 466 854 Latera
492 791 527 852 in
549 793 630 852 mari
651 809 770 874 magno
793 809 861 852 noo
885 792 945 856 else
968 793 1120 879 supponit

76 911 207 965 auctor.
233 897 306 976 quie
320 892 359 955 ab
376 906 511 974 utraque
526 905 612 972 parto
630 893 711 952 nibil
726 892 770 951 ibi
788 893 926 963 videtur.
950 899 1006 957 nili
1023 919 1117 972 mare,

76 1019 155 1061 cum
169 1001 202 1058 iu
213 997 321 1058 lluviie
335 1007 503 1076 appareant
519 1005 617 1054 terrae
634 991 765 1054 srnillrae
784 1011 816 1054 et
830 995 968 1060 dextrae.
995 1019 1019 1060 t.
1039 1019 1117 1062 ono·

79 1097 304 1162 renuetis,
332 1118 360 1159 ι.
414 1096 466 1157 Sit:
490 1093 546 1156 lib.
572 1113 602 1158 ι.
630 1113 697 1176 cap.
714 1109 747 1170 5.
768 1097 812 1158 in.
846 1097 926 1158 dixit
956 1101 1118 1183 Europam

77 1198 292 1281 Hellesponto
313 1198 411 1260 latere
433 1197 591 1268 adiacere,
617 1197 704 1278 quod
720 1197 754 1256 in
775 1197 843 1261 aliia
864 1199 1009 1282 partibor
1025 1203 1064 1264 tie
1084 1226 1120 1268 ea

77 1303 146 1366 dici
164 1321 234 1364 non
255 1299 367 1384 poteil.

452 1601 481 1668 C
506 1602 533 1666 Δ
558 1602 598 1667 Ρ.
647 1603 747 1670 x1x.

79 1790 301 1856 ornarant,
335 1788 639 1854 rtunoaoortrtt,
682 1789 886 1856 tuttopvrt
920 1795 1123 1849 eonurctn

149 1925 203 1975 m·
229 1921 464 1973 Manowtctss
491 1921 647 1970 annuus
671 1922 723 1970 ru
750 1923 828 1970 ona
855 1924 1053 1976 nsrttmctt.

252 2113 282 2189 §.
314 2129 344 2196 ι.
396 2105 608 2189 Interius)
657 2107 706 2168 Ex
727 2127 817 2170 ruore
838 2108 878 2169 de
907 2110 997 2174 terrio
1022 2115 1123 2175 merli.

79 2212 235 2278 terraneie
255 2223 288 2272 et
304 2210 416 2272 amari
437 2211 571 2270 remotio
592 2207 687 2280 dicit,
717 2223 756 2271 ut
774 2209 916 2292 obposita
932 2213 1048 2276 docent
1069 2215 1124 2277 hic

79 2330 115 2382 et
130 2313 217 2378 alibi.
253 2309 305 2375 Cs.
320 2325 387 2375 not.
407 2313 475 2372 orit.
497 2330 530 2392 p.
549 2321 634 2388 558.

158 2511 366 2597 Bithyni)
417 2511 473 2574 Gr.
503 2509 648 2578 Briarei.
697 2514 816 2578 Poetae
845 2511 967 2598 priores
998 2517 1127 2599 syllabae

78 2621 290 2705 producunt;
326 2617 462 2697 primam
487 2628 594 2676 tamen
616 2617 748 2700 ancipiti
767 2613 824 2678 usu
845 2621 939 2698 ponit
954 2621 1125 2693 luvenalis,

81 2725 124 2784 de
142 2739 208 2801 quo
227 2719 363 2800 Ruperti
382 2719 419 2776 ad
439 2731 471 2792 7,
492 2727 547 2793 15.
601 2720 649 2778 tln
666 2721 762 2778 etiarn
780 2719 948 2800 Bithynius
963 2739 1047 2783 recte
1062 2724 1126 2784 clici

82 2819 202 2907 pollit.
230 2821 391 2900 disputant
407 2819 469 2877 viri
489 2819 627 2878 doctiori
646 2819 791 2879 Hirtium
809 2820 848 2880 de
863 2819 900 2880 B.
918 2825 1006 2884 Alex.
1023 2843 1048 2884 c.
1066 2825 1125 2887 66.

79 2923 298 3010 probantque.
348 2921 453 3004 lle-gio
472 2917 535 2998 ipsa
558 2936 690 2980 vocatur
705 2917 862 2988 Βιθυνία,
888 2921 944 2980 etit
969 2925 1001 2981 in
1019 2925 1127 2986 numia

83 3025 143 3087 sub
163 3021 302 3106 Augusto
325 3035 358 3082 et
379 3019 447 3103 poll
469 3019 623 3083 Buranun
645 3023 741 3082 etiam
763 3023 909 3083 occurrit.
963 3022 1050 3084 Olim
1075 3025 1127 3084 lli·

83 3126 198 3205 ehyni,
224 3124 310 3204 quod
327 3123 420 3182 trattit
439 3123 551 3183 Strabo
573 3137 627 3183 ro.
647 3143 678 3202 p.
698 3134 780 3200 573.
798 3118 819 3181 s.
838 3130 921 3198 541.
945 3120 1032 3214 Myfl
1051 3125 1128 3186 dicti
1230 3153 1234 3160 .

84 3227 171 3295 sunt.
194 3244 275 3305 quoe
289 3222 474 3300 Bithyniam
491 3223 675 3284 inhabitasse
697 3239 750 3284 ια.
768 3243 800 3305 p.
818 3234 901 3300 389.
918 3221 938 3284 s.
954 3223 1036 3298 566.
1056 3227 1128 3304 Scy·

82 3331 161 3392 lacit
190 3325 253 3388 fitle
286 3325 444 3393 adfirmat,
487 3343 671 3403 nomenque
705 3325 846 3384 tulerunt
876 3343 893 3384 a
919 3323 1069 3403 Bithynia
1096 3339 1130 3388 et

86 3430 221 3510 Thynia
237 3427 390 3487 'Thraciae
407 3409 545 3508 populis,
558 3425 728 3494 (Herodot.
753 3445 781 3494 t,
799 3425 872 3502 att.)
896 3425 950 3506 qui
967 3425 1031 3486 buc
1044 3445 1131 3488 corn·

84 3533 319 3616 migraverant.
344 3523 409 3602 (Cf.
425 3541 458 3588 et
474 3525 581 3588 Schol.
595 3527 747 3608 tlpttllon.
766 3529 803 3588 atl
823 3549 851 3596 ι,
872 3547 911 3585 ιι
926 3529 993 3602 ιο.)
1021 3527 1130 3606 Mysos

85 3650 169 3696 vero
192 3632 290 3691 etiarn
310 3627 446 3688 Homeri
468 3640 568 3688 aetate
590 3629 623 3686 in
647 3629 779 3688 Thracia
800 3625 986 3697 consedisse.
1020 3629 1133 3708 probat

85 3733 206 3800 Strabo
223 3745 256 3804 7.
276 3750 308 3810 p.
321 3725 440 3807 autps.
461 3738 545 3806 295.
572 3743 608 3788 ut
626 3729 660 3788 in
678 3730 775 3810 priori
794 3727 865 3790 loco
883 3727 1038 3807 Bebrycas
1053 3731 1133 3790 anti·

84 3855 167 3920 quae
185 3831 303 3911 Myliae
320 3829 437 3890 incolae
454 3829 592 3892 Thraces
607 3815 772 3891 existimat.
807 3829 993 3891 Herodotus
1004 3845 1036 3906 ¹7,
1052 3843 1131 3907 175.

85 3937 188 4000 refert
217 3932 376 4008 liithyooa
407 3931 486 3992 olim
510 3930 649 3992 Thracas
670 3929 777 4004 suillo,
809 3931 1013 4009 Strymonioa
1035 3933 1136 3994 etiam

87 4041 198 4103 dictor
223 4055 240 4095 a
264 4033 410 4102 flumine,
443 4032 529 4112 quod
555 4033 746 4101 accolebant,
778 4049 795 4092 a
820 4031 952 4093 Teucria
978 4049 1010 4094 et
1038 4033 1134 4110 Mytia

86 4151 239 4206 exactor,
274 4148 308 4196 et
341 4133 411 4215 poll
442 4133 604 4212 bithynos
635 4127 819 4218 adpellatoa.
881 4132 967 4195 Hinc
1000 4133 1136 4212 bithyni

142 4257 242 4328 Pomp.
260 4251 354 4308 Mela·
377 4249 494 4328 Extget.
511 4249 550 4306 L·
566 4249 589 4304 s.
799 4233 880 4296 Mm
