2922 4958
350 401 414 483 δύο
621 403 785 464 uorat
824 403 1126 462 execartcaa
1203 354 1206 363 ¹

351 601 461 644 uranu.
492 579 533 642 ds
564 575 730 640 funeribus
753 579 892 642 Roman.
915 597 945 650 ι,
968 591 1004 658 5.
1051 579 1115 640 Hic
1139 577 1176 639 ad
1205 575 1380 660 captandam

352 685 500 768 praedam
527 676 678 750 refertur,
720 681 810 742 cuius
843 677 1000 742 fervidam
1033 681 1244 762 cupiditatem
1276 678 1383 738 indicat

351 783 489 848 verbum
513 783 618 846 Ιιίαηι.
671 780 803 844 Conluli
826 781 926 862 potell
947 797 1069 864 praeter
1094 783 1212 843 Plrilen
1234 780 1382 845 Aelianus,

352 887 410 968 qui
427 885 619 947 luculentius
636 883 722 945 illam
742 885 950 947 venationem
964 881 1124 956 describit,
1145 885 1201 946 etfi
1214 882 1251 944 iu
1266 879 1383 966 quibus·

331 990 428 1050 idam
449 989 559 1049 variat.

421 1182 653 1282 ferantur)
703 1191 754 1252 De
775 1191 883 1251 avium
904 1188 1016 1250 volatu
1039 1187 1239 1269 lirnpliciter,
1266 1205 1338 1248 cum
1357 1195 1384 1244 et

353 1293 427 1354 alias
452 1295 583 1353 addatur
602 1292 730 1372 pennis,
756 1291 886 1375 (virgil.
910 1290 989 1353 Aen.
1008 1305 1040 1370 3,
1057 1293 1164 1368 253.)
1195 1290 1252 1352 vel
1272 1287 1384 1355 odota.

354 1393 486 1482 (Carnu.
506 1405 527 1472 5
533 1406 564 1472 5.
579 1391 656 1482 24.)
680 1405 736 1455 aut
754 1392 854 1454 limile
874 1391 1006 1474 aliquid.

429 1585 674 1688 Dascylos)
711 1594 851 1657 Effertur
866 1594 963 1657 varie.
991 1583 1195 1659 Δασκύλειον
1210 1591 1323 1658 Strabo
1336 1605 1385 1651 ra.

279 1687 282 1695 ’
354 1717 388 1783 p.
406 1700 490 1779 396.
507 1695 529 1760 i.
546 1710 631 1776 575.
660 1697 816 1760 Herodot.
837 1709 869 1772 3,
890 1711 973 1760 rao.
994 1697 1076 1760 126.
1105 1697 1138 1766 6.
1162 1711 1220 1776 33.
1254 1693 1385 1756 Ptolem.

357 1812 391 1878 5,
414 1821 442 1863 t.
476 1789 663 1864 Δασκύλιον
675 1798 857 1881 Xenophon
879 1797 948 1860 hill.
968 1797 1023 1861 Gr.
1040 1813 1073 1874 3,
1089 1801 1123 1874 4.
1145 1813 1199 1876 13.
1227 1809 1263 1876 4,
1285 1815 1314 1864 t,
1337 1807 1386 1868 15·

355 1901 519 1990 illeruclcs
533 1921 564 1984 p.
575 1903 660 1982 693.
685 1899 876 1982 Stephanus,
892 1899 946 1961 etit
963 1899 1016 1961 bic
1032 1897 1054 1961 l.
1071 1921 1104 1963 v.
1119 1897 1284 1986 Bpu'lltrov
1299 1917 1351 1977 per
1365 1917 1387 1956 st

355 2005 454 2068 etism
476 2003 595 2085 prodit.
644 2002 697 2066 Sic
712 2000 768 2083 ipst
784 1999 857 2060 libri
871 2013 1036 2062 auctorum
1052 2005 1184 2072 variant,
1213 2019 1273 2062 nec
1289 1999 1386 2059 minus

356 2107 537 2168 derivatum
552 2098 753 2176 Δασκυλῖτις
774 2116 806 2164 et
827 2097 1041 2176 Δασκυλεῒτις
1063 2101 1181 2184 inipso
1201 2105 1299 2165 etiam
1314 2101 1386 2162 Stra-

356 2206 454 2269 bone.
503 2206 538 2268 Si
560 2225 655 2268 verus
676 2203 720 2266 est
741 2202 857 2266 Galbae
880 2223 999 2266 numus
1020 2205 1103 2286 apud
1127 2205 1236 2267 Goltz.
1260 2225 1291 2286 p.
1310 2213 1383 2274 αις.

356 2303 506 2392 praeferri
524 2306 620 2370 debet
637 2329 657 2370 r.
696 2305 817 2367 Plinius
835 2317 867 2382 5,
883 2317 945 2382 4ο.
961 2303 982 2369 l.
1001 2319 1059 2381 32.
1079 2325 1151 2366 cunr
1171 2305 1287 2368 Nolito
1303 2303 1385 2364 babet

355 2399 531 2499 Dascylos,
554 2422 587 2470 et
603 2408 643 2468 stc
658 2401 840 2470 Δασκύλου
859 2400 951 2492 κώμη
974 2407 1058 2490 apud
1076 2407 1191 2468 Athen.
1212 2424 1245 2477 Ω,
1262 2405 1382 2485 5.l.17.

355 2524 390 2572 et
407 2507 537 2570 Paulan.
553 2519 587 2587 4,
607 2521 665 2588 35,
684 2509 717 2570 6.
745 2507 800 2568 etli
816 2519 944 2590 propter
960 2509 1090 2570 Cardiae
1103 2510 1270 2580 viciniam,
1288 2499 1381 2570 Voffio

357 2611 454 2672 etiam
473 2611 510 2669 ad
528 2609 558 2672 h.
579 2610 602 2672 l.
636 2609 749 2676 iudice,
780 2609 817 2668 ad
845 2609 925 2669 hanc
952 2607 1061 2672 referri
1082 2625 1167 2672 certo
1193 2633 1262 2672 non
1284 2603 1381 2694 potest.

356 2713 408 2774 De
423 2711 566 2772 nominis
579 2707 667 2771 caula
682 2705 721 2772 cf.
738 2708 917 2791 Stephanus
932 2724 965 2772 et
976 2706 1100 2774 Vollrus
1116 2715 1149 2772 in
1167 2717 1256 2774 notis
1270 2707 1385 2774 criticis.

357 2811 440 2876 Urbr'
451 2811 503 2872 stta
518 2825 583 2872 erat
595 2811 633 2871 ad
648 2813 763 2882 lacum,
779 2806 978 2886 Δασκυλῖτις
992 2807 1088 2899 λίμνη
1104 2814 1266 2884 Straboni,
1285 2813 1385 2874 eadent

355 2927 389 2978 et
408 2913 482 2976 alias
500 2908 662 2994 Ἀφνῖτις,
689 2925 724 2973 ut
740 2914 835 2973 tradit
856 2927 910 2988 13.
934 2933 966 2994 p.
983 2923 1069 2992 404.
1086 2912 1202 2992 teet·
1261 2915 1324 2976 Nili
1345 2927 1388 2970 ea·

357 3017 451 3086 dem,
490 3029 575 3076 certe
608 3015 642 3074 in
673 3014 790 3074 vicinia
818 3011 879 3074 fuit
904 3009 1059 3076 'donario
1086 3011 1202 3102 λίμνη,
1239 3033 1333 3096 quam
1356 3012 1387 3069 in

356 3115 546 3195 Dascylitide
563 3129 642 3176 terra
659 3116 752 3198 ponit
767 3112 899 3193 Dionys.
913 3115 1013 3177 Halic.
1031 3137 1058 3187 r.
1076 3127 1137 3196 47.
1155 3137 1197 3179 nr.
1232 3115 1284 3180 Cf.
1298 3117 1388 3177 etiam

356 3219 468 3284 Strabo
484 3233 538 3280 re.
552 3237 584 3298 p.
596 3227 679 3296 389.
691 3213 805 3292 l.565.
829 3215 966 3278 Ptolem.
979 3229 1014 3294 5.
1029 3236 1059 3280 r.
1086 3220 1169 3280 l‘lin.
1181 3230 1212 3294 5.
1229 3228 1291 3297 45.
1303 3215 1322 3278 l.
1335 3227 1388 3290 so.

356 3319 434 3382 Nou
460 3317 636 3403 ignobilem
658 3317 737 3379 olim
760 3314 849 3378 inille
870 3317 982 3378 urbem
1003 3320 1096 3380 docet
1115 3315 1317 3394 Δασκυλῖτις
1341 3334 1390 3378 oo·

356 3417 497 3508 rpnrtr'u
519 3420 602 3500 apud
621 3417 768 3496 Thucyd.
793 3438 822 3488 1,
846 3434 926 3497 129.
978 3417 1124 3480 Occurrit
1146 3423 1241 3482 etiam
1266 3408 1388 3481 Auouu'·

358 3517 428 3586 λιον
451 3521 485 3582 in
504 3521 628 3582 notitiis
647 3511 897 3600 episcopatuum.
933 3519 1059 3581 Plinius
1076 3539 1102 3582 c.
1118 3521 1141 3582 l.
1163 3524 1196 3581 in
1215 3541 1269 3582 ora
1291 3519 1387 3605 ponit.

358 3623 467 3686 Hodie
484 3621 557 3684 litus
574 3621 771 3704 quaerendus
788 3621 926 3693 videtur,
950 3621 1007 3680 ubi
1023 3622 1151 3703 adparet
1166 3623 1355 3705 Montogne.

433 3819 620 3906 Myrlea)
670 3821 725 3884 Gr.
744 3816 913 3910 Mu‘pltrru,
940 3823 1028 3885 unde
1046 3819 1240 3910 Μυρλεανὸς
1257 3840 1290 3888 et
1307 3823 1389 3906 Map-

357 3919 468 4002 λεᾶτις
488 3927 527 3988 de
545 3943 619 4010 agro
634 3923 718 4007 apud
734 3925 947 4006 Stephanum.
999 3924 1160 3989 Conditor
1183 3925 1244 3989 fuit
1260 3925 1386 4006 Myrtus.

359 4029 640 4112 Colophoniorum
656 4025 738 4096 dur,
763 4027 978 4108 (Stephanus)
1005 4047 1087 4107 quos
1104 4031 1239 4090 omnino
1255 4043 1386 4090 comme

358 4145 464 4198 motat
483 4149 558 4192 cum
582 4127 689 4192 Plinio
708 4139 741 4206 5.
761 4137 822 4206 45.
840 4126 862 4192 l.
881 4141 939 4208 32.
966 4127 1062 4192 Mela.
1119 4129 1184 4192 dlii
1202 4131 1291 4193 aliter
1311 4127 1385 4209 apul
