2922 4958
294 467 358 533 300
563 453 724 512 norae
765 452 1066 512 uxuoarrctu

297 632 384 696 Plin.
400 635 433 710 4.
454 637 509 707 od..
522 625 543 692 l'.
557 645 612 690 ta.
648 625 699 690 Cf.
713 626 893 711 Welleling.
911 629 1080 692 observatt.
1097 648 1125 700 r,
1138 643 1196 692 22.
1224 627 1335 692 Sclrol.

298 733 463 814 Apollonii
485 731 522 791 ad
543 746 574 798 2.
591 742 675 806 550.
727 729 843 789 Poetae
866 743 972 792 tamen
995 733 1183 812 plerumque
1208 719 1339 806 ὅξεινος

300 837 428 904 dicunt.
463 833 548 914 quod
573 832 666 891 etiam
688 845 817 911 propter
838 831 970 892 alterum
994 821 1134 905 αὔξεινος
1160 829 1338 913 praefereu-

300 935 382 998 dom·
394 933 497 996 censet
513 929 639 994 Salmal.
656 933 692 990 ad
710 933 811 993 Solio.
828 953 858 1012 p.
877 953 920 994 m.
938 948 1019 1008 203.
1046 935 1101 993 nili
1121 935 1176 992 obi
1192 948 1337 994 metrum

298 1038 384 1101 aliod
401 1039 518 1114 exigit.
545 1053 733 1116 quamquam
754 1033 786 1092 in
805 1033 854 1093 hia
878 1035 1063 1095 dominatur
1084 1033 1167 1096 uiua.
1217 1029 1337 1095 Passlm

299 1141 394 1203 etiam
412 1158 469 1219 pro
484 1155 523 1196 eo
539 1137 648 1196 dicunt
667 1123 867 1206 κακόξεινος,
891 1142 938 1214 (ut
952 1137 1085 1219 explicat
1103 1135 1210 1197 schot.
1228 1136 1336 1217 Apoll.

299 1261 326 1304 c.
343 1241 378 1318 l.)
404 1224 611 1324 ἐχθρόξενος.
631 1224 800 1308 ἀπόξενος,
822 1251 857 1296 ut
874 1236 1148 1298 docentStoclriua
1163 1237 1338 1297 adArriani

298 1341 409 1425 peripl.
436 1361 456 1420 p
485 1351 516 1416 5.
546 1351 577 1398 et
600 1338 783 1400 Schntiditta
806 1337 842 1396 ad
874 1338 999 1398 Pindari
1023 1339 1119 1417 Pytlt.
1138 1349 1172 1420 4.
1195 1359 1225 1420 p.
1246 1353 1333 1412 207.

298 1431 538 1532 inhospitalem.
566 1435 719 1500 converso
747 1438 999 1509 Gr.·vocabnlo.
1027 1439 1335 1532 olimnomioatnm

298 1545 395 1606 tradit
415 1541 576 1605 Ammian.
601 1555 658 1608 oo.
685 1552 717 1616 8.
752 1541 799 1598 uti
822 1526 946 1610 ἅξεινας
969 1538 1112 1619 Aeschyli
1134 1543 1172 1602 de
1194 1539 1335 1604 Caucaso

298 1645 402 1707 reddit
427 1644 536 1704 Horat.
557 1661 586 1705 t.
611 1645 664 1703 orl.
684 1657 739 1710 αα,
766 1641 798 1704 6.
854 1640 1005 1702 Nonrinia
1039 1642 1159 1702 caulam
1190 1644 1335 1724 plerique

298 1765 371 1808 cum
389 1743 503 1806 Nostro
525 1756 679 1824 quaerunt
697 1745 729 1801 in
750 1743 831 1802 truci
848 1756 879 1803 et
902 1733 992 1804 laevo
1014 1745 1223 1804 accolentium
1246 1747 1336 1826 inge·

297 1849 371 1915 niu.
398 1846 586 1926 Scytharum
609 1845 763 1911 maxime,
797 1846 850 1924 qui
872 1845 951 1904 adeo
972 1843 1111 1926 hospites
1137 1845 1337 1906 immolarint

297 1961 330 2010 et
349 1949 556 2025 comederint.
593 1947 663 2006 Vid.
681 1945 793 2004 Strabo
812 1963 839 2006 c.
856 1945 877 2006 l.
907 1946 1044 2012 Diodor.
1060 1957 1095 2024 4.
1113 1962 1172 2026 oo.
1201 1948 1334 2010 Lucian.

297 2051 331 2110 in
353 2051 470 2110 Toxari
491 2067 556 2129 cap.
582 2061 612 2126 5.
650 2046 731 2106 Plio.
758 2047 792 2115 6.
820 2067 847 2106 r.
886 2045 990 2108 Schol.
1016 2047 1178 2128 Apollonii
1200 2049 1235 2106 ad
1256 2067 1282 2110 c.
1310 2047 1335 2111 1.

296 2151 432 2211 Videtur
446 2152 506 2210 hoc
521 2169 639 2208 nomen
657 2147 695 2207 ab
711 2147 898 2231 Argonautis
916 2147 1044 2214 traxille.
1071 2169 1207 2228 quorum
1232 2162 1336 2210 aetate

169 2317 173 2330 ,
297 2251 356 2312 hac
373 2251 412 2312 de
434 2249 519 2312 cauta
543 2248 670 2310 infantia
691 2247 769 2316 luit.
803 2262 840 2308 ιιι
860 2249 1019 2330 conligere
1039 2250 1113 2309 licet
1130 2271 1168 2311 ex
1187 2251 1335 2312 Diodoro

297 2371 324 2414 c.
341 2353 362 2413 l.
390 2352 442 2412 etli
466 2353 526 2411 iam
545 2367 634 2411 antea
650 2350 712 2410 hoc
727 2370 843 2410 nomen
860 2345 978 2432 geffitte
993 2348 1087 2411 refert
1101 2351 1258 2412 Ltrciantra
1269 2373 1297 2412 c.
1309 2352 1333 2414 l.

295 2453 397 2514 Aliam
416 2451 535 2511 caulam
552 2453 638 2512 addit
655 2451 784 2519 Strabo.
812 2445 864 2512 ind
887 2443 925 2512 τὸ
949 2447 1176 2538 δυσχείμερον.
1212 2454 1334 2515 Euxini

295 2565 400 2614 autem
420 2571 539 2612 nomen
561 2550 706 2631 accepille
730 2553 767 2610 ab
795 2551 939 2620 lunibus.
967 2555 1019 2632 qui
1044 2556 1137 2634 primi
1160 2555 1273 2615 urbem
1297 2557 1333 2616 in

296 2673 349 2716 ora
376 2651 547 2734 posuerint.
602 2649 747 2718 Causam¹
762 2651 893 2713 mollitis
917 2654 1091 2714 accolarum
1118 2653 1255 2716 moribus
1279 2656 1333 2716 ad·

295 2752 399 2816 lcribit
417 2753 511 2815 Mela.
553 2753 650 2836 Quod
667 2755 797 2834 quidem
812 2754 848 2813 ad
866 2755 996 2833 Scythae
1016 2756 1153 2816 maxime
1170 2757 1332 2838 pertinere

294 2871 380 2939 patet
400 2875 438 2916 ex
462 2855 627 2916 Herodoto
644 2867 677 2933 4.
696 2857 754 2935 46.
787 2859 858 2936 qui.
892 2875 964 2914 com
989 2857 1076 2916 Darii
1104 2855 1209 2918 adhoc
1230 2873 1333 2922 aetate

295 2953 514 3044 ἀμαθέστατα
548 2951 643 3020 ἔθνεα
671 2975 746 3018 enm
779 2956 939 3016 accoluille
972 2955 1083 3028 refert.
1118 2959 1194 3020 inde
1222 2971 1331 3022 tamen

295 3061 407 3120 eximit
424 3059 563 3136 Scythas.
588 3059 682 3138 idque
700 3057 910 3118 Anacharsrdia
925 3059 1070 3141 exemplo
1090 3059 1212 3140 probat.
1255 3060 1333 3142 scy-

295 3159 365 3220 thae
382 3179 457 3221 vero
475 3161 550 3220 olim
570 3157 657 3220 tutss'e
672 3153 870 3227 laevilltmoa.
887 3172 1013 3221 notum.
1040 3161 1203 3222 Euxinum
1223 3175 1332 3225 tamen

168 3288 173 3296 ·
296 3259 416 3350 dictum
447 3260 506 3321 elle
530 3261 598 3321 vult
626 3254 715 3322 κατα
742 3259 857 3345 σχῆμα
884 3247 1094 3350 εὖφημισμαῦ
1119 3261 1262 3325 Eollath.
1289 3265 1332 3325 ad

296 3359 431 3438 Dionyl.
450 3383 481 3421 v.
507 3363 584 3439 146.
616 3383 635 3421 a
658 3363 819 3420 contrario
840 3381 896 3438 per
920 3361 1149 3422 cavillationem
1169 3365 1332 3430 Ammiao.

300 3477 359 3530 22.
378 3473 411 3539 8.
455 3463 518 3523 Etli
541 3482 615 3524 vero
634 3459 821 3541 frequentari
840 3464 945 3542 coepit
966 3463 1117 3543 posterius
1137 3464 1214 3534 hoc.
1241 3467 1331 3546 quod

298 3565 360 3625 iarn
383 3562 435 3623 hic
453 3563 498 3622 ibi
521 3566 554 3622 in
577 3565 743 3623 Herodoto
763 3563 894 3645 legitur.
921 3578 1112 3625 nontamen
1136 3567 1226 3646 plane
1249 3567 1331 3628 illud

298 3665 470 3725 intercidit.
522 3665 573 3724 Sic
590 3661 762 3744 usurpatur.
786 3677 857 3744 apte
880 3665 1018 3743 quidem.
1042 3666 1211 3727 al'indaro
1230 3667 1328 3746 Pyth.

185 3792 188 3800 ι
299 3767 435 3846 4561.
459 3765 530 3844 qnia
552 3767 803 3848 Argonautarum
825 3763 948 3824 cursum
971 3763 1111 3847 respicit.
1139 3765 1190 3829 lau
1215 3768 1332 3850 limpli·

299 3869 377 3928 citer
398 3863 586 3926 al’rilciano
606 3885 636 3926 v.
655 3867 739 3938 667..
765 3866 848 3946 quod
866 3865 959 3925 metri
980 3865 1066 3927 causa
1090 3865 1206 3928 factum
1231 3872 1331 3932 credi·

298 3979 368 4036 tur.
401 3966 454 4028 etsr
481 3967 596 4028 librarii
623 3967 749 4047 quidam
775 3965 927 4026 Euxinus
952 3967 1143 4033 maluerunt.
1200 3971 1267 4032 Alia
1291 3973 1332 4034 ad

298 4067 551 4152 Mythographor
575 4069 703 4128 Latinoa
723 4079 873 4127 notantur
896 4087 964 4152 pag.
981 4083 1013 4142 7.
1035 4083 1067 4130 et
1085 4089 1169 4148 911.
1215 4073 1331 4136 Usrtata

297 4169 410 4235 mansit
430 4169 526 4232 Ponti
548 4171 666 4232 Euxini
683 4169 868 4249 adpellatio.
895 4188 973 4251 quae
987 4189 1055 4234 non
1071 4171 1129 4232 nifi
1147 4175 1332 4240 variationis
