2922 4958
188 409 240 471 m
267 412 402 470 ΡΟΜΡ.
432 408 540 468 MEL.
580 409 663 466 LI.
706 409 838 467 cxlx.
880 411 979 488 Μ,
1042 411 1105 490 625

140 581 378 668 Cycnum)
428 583 538 652 iinon,
570 583 656 664 quod
681 545 1005 665 sciam‚¹1’1in.6‚4.
1033 587 1100 652 duo

65 687 180 770 oppida
195 686 289 746 huiue
305 684 444 747 nominIc
461 697 702 753 commemorat.
719 703 854 766 quorum
871 705 984 757 unum,
1006 687 1100 751 situm

65 793 105 850 cd
121 788 243 856 Pharin,
263 787 471 855 intercideret.
492 785 624 846 aiterum
639 786 766 870 longius
780 786 857 848 hinc
870 787 986 850 aberet.
1013 790 1100 852 'Hol-

65 890 164 952 stenio
184 889 222 950 ed
241 889 393 971 Stephon.
415 907 448 970 p.
465 900 550 962 331.
574 887 703 949 videtur
723 887 783 950 effe
798 889 915 976 Τυῆνις
935 891 1100 974 Stephani.

65 992 137 1053 Vid.
157 991 203 1052 ibi
224 990 323 1072 plura.

140 1090 350 1172 incultae)
397 1091 448 1152 De
469 1089 600 1174 populis
621 1083 743 1170 pcffim.
785 1089 838 1150 Sic
858 1088 938 1152 infre
958 1105 990 1170 3,
1013 1091 1046 1163 6,
1065 1105 1102 1172 5,

36 1171 46 1182 “
66 1193 107 1256 de
122 1193 295 1254 Britannis.
334 1191 399 1252 Alia
415 1193 556 1276 conlegit
572 1189 718 1252 Heinsius
733 1192 771 1250 ad
787 1190 896 1254 Vellei.
914 1207 946 1262 c,
962 1213 1021 1270 90.

142 1291 478 1374 Melanchlaeni)
528 1293 578 1353 De
600 1293 639 1352 iis
655 1289 695 1354 cf.
711 1293 749 1353 ad
770 1307 800 1360 o,
822 1313 849 1361 r,
872 1307 926 1370 13.
964 1295 1012 1355 De
1030 1297 1099 1358 ilio·

66 1415 137 1457 rum
158 1393 282 1456 fediboe
304 1395 338 1454 in
356 1393 422 1454 Arra
444 1413 544 1474 aeque
565 1405 657 1474 atque
679 1393 712 1452 in
735 1393 862 1474 Europa
878 1394 944 1454 dixi
966 1397 998 1456 in
1013 1399 1098 1459 notio

66 1501 135 1558 crit.
152 1515 183 1578 p.
202 1497 286 1558 622.
318 1493 375 1553 ubi
396 1495 429 1554 in
452 1496 616 1556 notatione
635 1493 791 1556 Herodoti
806 1504 840 1574 4,
857 1510 915 1557 co.
939 1516 997 1576 pro
1021 1500 1097 1568 Asia.

65 1611 103 1658 ut
117 1598 212 1658 docet
225 1615 336 1664 nexus,
360 1595 424 1679 legi
440 1595 535 1656 debet
551 1595 689 1675 Europa.
726 1596 775 1655 Dc
797 1597 950 1678 proximis
972 1601 1099 1680 populis

65 1699 161 1760 etiam
182 1699 283 1777 aliqua
300 1711 424 1756 narront
445 1711 539 1758 notae
554 1697 678 1756 criticae
696 1717 727 1776 p.
745 1697 816 1759 622
838 1695 899 1778 sqq.
939 1699 1018 1768 Coti,
1043 1701 1100 1765 Gr.

65 1794 196 1870 Κῶλοι,
220 1799 256 1858 ad
273 1795 445 1858 Caucasum
460 1811 626 1879 ponuntur
640 1817 656 1857 a
670 1797 832 1876 Stephano
852 1798 884 1860 b.
906 1817 938 1859 v.
978 1799 1098 1863 Earum

64 1903 153 1983 regio
175 1913 306 1960 vocatur
332 1892 483 1986 liwircip,
507 1900 631 1979 (idem)
661 1917 755 1980 quarn
775 1897 859 1960 Plio.
881 1898 914 1970 6,
936 1911 971 1976 5.
994 1899 1099 1964 Ponto

62 2002 212 2085 adfignec

144 2102 173 2164 G
183 2121 203 2162 o
215 2121 232 2160 r
245 2121 266 2160 a
279 2121 304 2162 x
316 2101 353 2184 i)
403 2099 601 2184 Stephanus:
633 2086 797 2186 Κόραέοι,
826 2095 916 2174 ἔθνος
940 2097 1099 2188 Κόλχων,

65 2199 201 2287 πλησίον
218 2195 356 2265 lidrico.
391 2203 503 2280 Scylax
519 2222 550 2284 p.
569 2215 628 2280 31.
646 2200 744 2262 Hudi.
770 2203 909 2272 Achaeis,
928 2203 1101 2268 Heniochis

64 2317 98 2366 et
113 2303 231 2366 Colicic
246 2301 318 2364 iacit
333 2305 498 2366 finitimos.
540 2302 613 2363 Post
631 2301 885 2364 Melanchlaenoe
908 2307 999 2384 ponit
1017 2307 1100 2370 l’lin.

66 2409 100 2476 6,
120 2419 154 2482 5.
178 2405 233 2487 qui
247 2405 310 2466 iliis
325 2403 435 2464 tribuit
451 2401 698 2472 Dioscuriadem‚
717 2415 803 2464 etex
818 2403 947 2465 adverso
964 2407 1100 2468 Coraxo-

65 2527 139 2568 rum
163 2509 315 2590 gentico,
339 2504 561 2582 105.s.ron.
588 2524 661 2566 cum
685 2503 848 2566 Aristotele
871 2506 905 2566 in
929 2507 1098 2570 Meteorol.

71 2630 99 2678 r,
123 2622 177 2685 13.
199 2604 312 2683 βαθέα
337 2601 477 2686 πόντου,
503 2626 583 2687 quae
612 2620 743 2680 vocant,
770 2621 1017 2679 commemorat,
1044 2609 1101 2672 rrbi

64 2705 249 2771 altiffimum
270 2709 313 2770 est
335 2693 431 2770 mare.
482 2705 549 2788 ipsa
570 2709 658 2790 regio
675 2727 691 2767 a
708 2705 872 2790 Stephano
887 2721 1017 2770 vocatur
1040 2711 1101 2774 Kc·

65 2796 184 2899 poia-»rip
209 2804 319 2893 χώρα.

142 2907 488 2990 Plrchirophagi)
520 2907 573 2970 Gr.
592 2903 838 2994 Φθειροφᾰγοι,
860 2910 914 2989 qui
936 2911 1099 2990 pediculos

64 3024 192 3074 vorent.
234 3011 460 3072 Conicrrnirros
478 3012 514 3071 iic
532 3008 603 3071 iacit
619 3011 735 3072 Soanos
755 3009 867 3069 Srrabo
888 3027 942 3070 ιι.
967 3031 997 3090 p.
1014 3021 1097 3090 344.

65 3113 87 3176 i.
110 3125 198 3190 499.
229 3112 384 3192 ponitque
418 3113 450 3170 iu
484 3109 608 3172 summo
642 3109 766 3172 Caucoii
807 3110 970 3168 cacumine
1009 3107 1101 3190 supra

65 3213 313 3276 Dioscoricrlern.
349 3209 400 3272 ef.
423 3233 475 3272 rr.
493 3233 524 3290 p.
543 3224 623 3290 542.
644 3210 763 3290 [497.
816 3211 863 3268 Ex
879 3209 1031 3270 Strabone
1048 3214 1101 3272 ad·

64 3317 164 3398 tingit
188 3327 310 3373 teritum
333 3312 521 3392 Stephanus.
569 3313 695 3374 Vicinos
718 3314 755 3372 iic
778 3308 851 3371 facit
874 3311 996 3372 Succos
1017 3311 1100 3376 Plio.

64 3415 98 3486 6,
117 3426 154 3493 4.
177 3433 257 3494 quos
273 3434 288 3473 e
307 3414 534 3474 recentioribue
552 3414 644 3474 Solae
659 3414 815 3475 nominari
831 3411 984 3473 adfirmat.
1029 3415 1101 3476 1110·

63 3537 138 3576 rum
157 3511 279 3584 sordes,
303 3534 377 3594 qnae
396 3529 428 3574 et
448 3532 567 3574 nomen
585 3517 720 3584 indicat,
748 3515 872 3574 notavit
890 3515 1018 3585 Strabo,
1046 3515 1103 3596 qui

64 3631 226 3700 praetereo
258 3612 408 3678 auriferoe
440 3633 551 3676 eorum
584 3615 700 3678 fluvioe
731 3627 977 3684 commemorat,
1013 3617 1100 3676 undo

63 3719 175 3780 fabule
189 3717 229 3778 rie
242 3734 336 3776 aureo
352 3715 467 3778 vellere
483 3729 572 3778 enata
587 3715 632 3779 fit.
661 3719 707 3778 Ex
719 3718 870 3778 Strabone
886 3719 968 3776 idern
985 3721 1101 3796 repetit

64 3818 208 3882 Eustalh.
226 3819 265 3878 od
285 3815 416 3894 Dionys.
440 3839 470 3880 v.
489 3816 572 3896 689.
627 3818 776 3880 Ceterum
801 3819 925 3878 eaedem
949 3815 1050 3878 sordes
1067 3819 1100 3878 in

64 3923 221 3984 vorandis
251 3920 405 4001 pediculis
436 3935 666 3981 commemorat
691 3919 731 3979 de
756 3919 890 3978 Bodinis
919 3918 1100 3979 Herodotus

63 4035 100 4101 4,
126 4040 206 4100 109.
230 4035 262 4080 et
277 4041 314 4081 ex
330 4039 369 4082 eo
387 4022 504 4082 Arrian.
522 4023 555 4080 in
580 4022 702 4103 periplo
724 4039 754 4101 p.
778 4030 830 4094 ιθ.
850 4015 941 4077 Horis
976 4015 1024 4079 sed
1049 4019 1100 4080 hic

63 4138 195 4188 tantum
213 4123 362 4205 degente
379 4123 536 4200 Scythica,
558 4142 636 4204 quae
651 4123 730 4188 oiim
746 4137 844 4203 prope
861 4119 998 4180 Nicicom
1014 4119 1098 4184 hairi-

115 4215 217 4315 rI’cmrp·¹
232 4237 324 4296 Mela.
344 4239 460 4316 Exegec·
479 4239 514 4294 L.
528 4239 550 4292 Ι.
790 4221 848 4282 lit
