<?xml version="1.0" encoding="UTF-8"?>
<!DOCTYPE html PUBLIC "-//W3C//DTD XHTML 1.0 Transitional//EN"
    "http://www.w3.org/TR/xhtml1/DTD/xhtml1-transitional.dtd">
<html xmlns="http://www.w3.org/1999/xhtml" xml:lang="en" lang="en">
 <head>
  <title>
</title>
<meta http-equiv="Content-Type" content="text/html;charset=utf-8" />
  <meta name='ocr-system' content='tesseract 3.04.00' />
  <meta name='ocr-capabilities' content='ocr_page ocr_carea ocr_par ocr_line ocrx_word'/>
</head>
<body>
  <div class='ocr_page' id='page_1' title='image "./pomponiimelaede06melagoog_0452.png"; bbox 0 0 2852 4946; ppageno 0'>
   <div class='ocr_carea' id='block_1_1' title="bbox 358 403 1128 484">
    <p class='ocr_par' dir='ltr' id='par_1_1' title="bbox 358 403 1128 484">
     <span class='ocr_line' id='line_1_1' title="bbox 358 403 1128 484; baseline 0.001 -18"><span class='ocrx_word' id='word_1_1' title='bbox 358 403 423 484; x_wconf 75' lang='lat'><strong>44⁶</strong></span> <span class='ocrx_word' id='word_1_2' title='bbox 629 405 790 476; x_wconf 77' lang='lat' dir='ltr'><strong>uortta</strong></span> <span class='ocrx_word' id='word_1_3' title='bbox 827 407 1128 468; x_wconf 79' lang='lat' dir='ltr'><strong>uxooartctn</strong></span> 
     </span>
    </p>
   </div>
   <div class='ocr_carea' id='block_1_2' title="bbox 356 577 1382 1474">
    <p class='ocr_par' dir='ltr' id='par_1_2' title="bbox 356 577 1382 1474">
     <span class='ocr_line' id='line_1_2' title="bbox 358 577 1381 664; baseline 0 -24"><span class='ocrx_word' id='word_1_4' title='bbox 358 577 525 664; x_wconf 88' lang='lat' dir='ltr'><strong>proculab</strong></span> <span class='ocrx_word' id='word_1_5' title='bbox 544 577 596 644; x_wconf 86' lang='lat' dir='ltr'><strong>hie</strong></span> <span class='ocrx_word' id='word_1_6' title='bbox 614 581 731 662; x_wconf 85' lang='lat' dir='ltr'><strong>portia,</strong></span> <span class='ocrx_word' id='word_1_7' title='bbox 757 580 872 662; x_wconf 82' lang='lat' dir='ltr'><strong>quibua</strong></span> <span class='ocrx_word' id='word_1_8' title='bbox 894 581 963 663; x_wconf 82' lang='lat' dir='ltr'><strong>poss</strong></span> <span class='ocrx_word' id='word_1_9' title='bbox 983 581 1156 664; x_wconf 77' lang='lat' dir='ltr'><strong>penetratio</strong></span> <span class='ocrx_word' id='word_1_10' title='bbox 1170 579 1324 644; x_wconf 80' lang='lat' dir='ltr'><strong>Parthiam</strong></span> <span class='ocrx_word' id='word_1_11' title='bbox 1342 581 1381 640; x_wconf 87' lang='lat' dir='ltr'><strong>in·</strong></span> 
     </span>
     <span class='ocr_line' id='line_1_3' title="bbox 359 679 1380 768; baseline 0 -26"><span class='ocrx_word' id='word_1_12' title='bbox 359 680 477 767; x_wconf 72' lang='lat' dir='ltr'><strong>gressus</strong></span> <span class='ocrx_word' id='word_1_13' title='bbox 500 679 553 744; x_wconf 87' lang='lat' dir='ltr'><strong>ess.</strong></span> <span class='ocrx_word' id='word_1_14' title='bbox 603 683 686 744; x_wconf 91' lang='lat' dir='ltr'><strong>Sunt</strong></span> <span class='ocrx_word' id='word_1_15' title='bbox 713 684 812 768; x_wconf 80' lang='lat' dir='ltr'><strong>igitur</strong></span> <span class='ocrx_word' id='word_1_16' title='bbox 837 683 922 744; x_wconf 89' lang='lat' dir='ltr'><strong>inter</strong></span> <span class='ocrx_word' id='word_1_17' title='bbox 947 682 1106 745; x_wconf 89' lang='lat' dir='ltr'><strong>Parthiam</strong></span> <span class='ocrx_word' id='word_1_18' title='bbox 1132 697 1166 745; x_wconf 88' lang='lat' dir='ltr'><strong>et</strong></span> <span class='ocrx_word' id='word_1_19' title='bbox 1199 681 1380 744; x_wconf 87' lang='lat' dir='ltr'><strong>Mediamitt</strong></span> 
     </span>
     <span class='ocr_line' id='line_1_4' title="bbox 359 782 1379 866; baseline 0 -22"><span class='ocrx_word' id='word_1_20' title='bbox 359 785 527 864; x_wconf 79' lang='lat' dir='ltr'><strong>utriunque</strong></span> <span class='ocrx_word' id='word_1_21' title='bbox 557 782 683 846; x_wconf 74' lang='lat' dir='ltr'><strong>sinibus.</strong></span> <span class='ocrx_word' id='word_1_22' title='bbox 724 783 797 848; x_wconf 87' lang='lat' dir='ltr'><strong>Vid.</strong></span> <span class='ocrx_word' id='word_1_23' title='bbox 824 784 946 847; x_wconf 75' lang='lat' dir='ltr'><strong>Atrion.</strong></span> <span class='ocrx_word' id='word_1_24' title='bbox 975 785 1379 866; x_wconf 79' lang='lat' dir='ltr'><strong>deexped.hlett.5.19.</strong></span> 
     </span>
     <span class='ocr_line' id='line_1_5' title="bbox 356 882 1381 966; baseline -0.003 -19"><span class='ocrx_word' id='word_1_25' title='bbox 356 898 392 947; x_wconf 86' lang='lat' dir='ltr'><strong>et</strong></span> <span class='ocrx_word' id='word_1_26' title='bbox 413 903 470 946; x_wconf 87' lang='grc' dir='ltr'><strong>9ο.</strong></span> <span class='ocrx_word' id='word_1_27' title='bbox 495 883 608 946; x_wconf 89' lang='lat' dir='ltr'><strong>Strabo</strong></span> <span class='ocrx_word' id='word_1_28' title='bbox 623 904 636 948; x_wconf 87' lang='lat' dir='ltr'><strong>t</strong></span> <span class='ocrx_word' id='word_1_29' title='bbox 649 904 678 947; x_wconf 90' lang='lat' dir='ltr'><strong>t.</strong></span> <span class='ocrx_word' id='word_1_30' title='bbox 693 905 725 966; x_wconf 91' lang='lat' dir='ltr'><strong>p.</strong></span> <span class='ocrx_word' id='word_1_31' title='bbox 742 886 824 964; x_wconf 75' lang='lat'><strong>561.</strong></span> <span class='ocrx_word' id='word_1_32' title='bbox 836 883 857 946; x_wconf 93' lang='lat' dir='ltr'><strong>s.</strong></span> <span class='ocrx_word' id='word_1_33' title='bbox 868 893 953 966; x_wconf 78' lang='lat'><strong>524.</strong></span> <span class='ocrx_word' id='word_1_34' title='bbox 970 899 1003 946; x_wconf 86' lang='lat' dir='ltr'><strong>et</strong></span> <span class='ocrx_word' id='word_1_35' title='bbox 1015 885 1140 947; x_wconf 83' lang='lat' dir='ltr'><strong>Plinius</strong></span> <span class='ocrx_word' id='word_1_36' title='bbox 1156 897 1187 962; x_wconf 87' lang='grc'><strong>5.</strong></span> <span class='ocrx_word' id='word_1_37' title='bbox 1204 883 1287 962; x_wconf 81' lang='lat' dir='ltr'><strong>17.s.</strong></span> <span class='ocrx_word' id='word_1_38' title='bbox 1301 882 1381 965; x_wconf 77' lang='lat' dir='ltr'><strong>t4sq.</strong></span> 
     </span>
     <span class='ocr_line' id='line_1_6' title="bbox 360 981 1381 1068; baseline 0 -21"><span class='ocrx_word' id='word_1_39' title='bbox 360 999 395 1062; x_wconf 85' lang='grc'><strong>5.</strong></span> <span class='ocrx_word' id='word_1_40' title='bbox 421 1001 480 1047; x_wconf 87' lang='grc' dir='ltr'><strong>9ι.</strong></span> <span class='ocrx_word' id='word_1_41' title='bbox 503 981 522 1045; x_wconf 93' lang='lat' dir='ltr'><strong>s.</strong></span> <span class='ocrx_word' id='word_1_42' title='bbox 547 997 602 1059; x_wconf 78' lang='lat'><strong>17.</strong></span> <span class='ocrx_word' id='word_1_43' title='bbox 639 985 765 1047; x_wconf 87' lang='lat' dir='ltr'><strong>Mediae</strong></span> <span class='ocrx_word' id='word_1_44' title='bbox 781 983 893 1048; x_wconf 79' lang='lat' dir='ltr'>diserte</span> <span class='ocrx_word' id='word_1_45' title='bbox 912 985 1025 1047; x_wconf 77' lang='lat' dir='ltr'>tribuit</span> <span class='ocrx_word' id='word_1_46' title='bbox 1044 985 1158 1048; x_wconf 86' lang='lat' dir='ltr'><strong>Strabo</strong></span> <span class='ocrx_word' id='word_1_47' title='bbox 1180 1007 1234 1048; x_wconf 92' lang='lat' dir='ltr'><strong>tt.</strong></span> <span class='ocrx_word' id='word_1_48' title='bbox 1257 1007 1288 1068; x_wconf 89' lang='lat' dir='ltr'><strong>p.</strong></span> <span class='ocrx_word' id='word_1_49' title='bbox 1311 997 1381 1063; x_wconf 77' lang='lat'><strong>559.</strong></span> 
     </span>
     <span class='ocr_line' id='line_1_7' title="bbox 360 1084 1382 1170; baseline -0.004 -22"><span class='ocrx_word' id='word_1_50' title='bbox 360 1084 382 1150; x_wconf 91' lang='lat' dir='ltr'><strong>s.</strong></span> <span class='ocrx_word' id='word_1_51' title='bbox 400 1102 485 1166; x_wconf 87' lang='grc'><strong>599.</strong></span> <span class='ocrx_word' id='word_1_52' title='bbox 538 1085 628 1170; x_wconf 83' lang='lat' dir='ltr'><strong>Quae</strong></span> <span class='ocrx_word' id='word_1_53' title='bbox 646 1085 665 1144; x_wconf 88' lang='lat' dir='ltr'><strong>st</strong></span> <span class='ocrx_word' id='word_1_54' title='bbox 687 1099 864 1157; x_wconf 84' lang='lat' dir='ltr'><strong>teneantur.</strong></span> <span class='ocrx_word' id='word_1_55' title='bbox 890 1087 986 1168; x_wconf 82' lang='lat' dir='ltr'><strong>aliqui</strong></span> <span class='ocrx_word' id='word_1_56' title='bbox 1001 1106 1068 1148; x_wconf 88' lang='lat' dir='ltr'><strong>non</strong></span> <span class='ocrx_word' id='word_1_57' title='bbox 1084 1085 1153 1150; x_wconf 85' lang='lat' dir='ltr'><strong>satit</strong></span> <span class='ocrx_word' id='word_1_58' title='bbox 1168 1101 1316 1154; x_wconf 79' lang='lat' dir='ltr'><strong>accurate.</strong></span> <span class='ocrx_word' id='word_1_59' title='bbox 1338 1085 1382 1146; x_wconf 88' lang='lat' dir='ltr'><strong>alii</strong></span> 
     </span>
     <span class='ocr_line' id='line_1_8' title="bbox 359 1185 1380 1270; baseline -0.004 -20"><span class='ocrx_word' id='word_1_60' title='bbox 359 1191 456 1250; x_wconf 85' lang='lat' dir='ltr'><strong>etiattt</strong></span> <span class='ocrx_word' id='word_1_61' title='bbox 490 1207 569 1270; x_wconf 83' lang='lat' dir='ltr'><strong>vage</strong></span> <span class='ocrx_word' id='word_1_62' title='bbox 608 1185 740 1268; x_wconf 73' lang='lat' dir='ltr'><strong>posuisse</strong></span> <span class='ocrx_word' id='word_1_63' title='bbox 774 1188 935 1252; x_wconf 88' lang='lat' dir='ltr'><strong>videntur.</strong></span> <span class='ocrx_word' id='word_1_64' title='bbox 987 1189 1033 1248; x_wconf 87' lang='lat' dir='ltr'><strong>lta</strong></span> <span class='ocrx_word' id='word_1_65' title='bbox 1068 1189 1256 1250; x_wconf 79' lang='lat' dir='ltr'><strong>Ammianue</strong></span> <span class='ocrx_word' id='word_1_66' title='bbox 1278 1199 1331 1264; x_wconf 83' lang='grc'><strong>95.</strong></span> <span class='ocrx_word' id='word_1_67' title='bbox 1353 1188 1380 1250; x_wconf 87' lang='grc'><strong>6.</strong></span> 
     </span>
     <span class='ocr_line' id='line_1_9' title="bbox 359 1285 1382 1371; baseline -0.001 -22"><span class='ocrx_word' id='word_1_68' title='bbox 359 1289 489 1350; x_wconf 79' lang='lat' dir='ltr'><strong>Mediae</strong></span> <span class='ocrx_word' id='word_1_69' title='bbox 503 1289 634 1368; x_wconf 85' lang='lat' dir='ltr'><strong>quidem</strong></span> <span class='ocrx_word' id='word_1_70' title='bbox 652 1289 767 1350; x_wconf 81' lang='lat' dir='ltr'><strong>finibus</strong></span> <span class='ocrx_word' id='word_1_71' title='bbox 782 1290 940 1371; x_wconf 87' lang='lat' dir='ltr'><strong>proximae</strong></span> <span class='ocrx_word' id='word_1_72' title='bbox 957 1289 1053 1359; x_wconf 86' lang='lat' dir='ltr'><strong>dicit,</strong></span> <span class='ocrx_word' id='word_1_73' title='bbox 1080 1285 1129 1350; x_wconf 88' lang='lat' dir='ltr'><strong>serl</strong></span> <span class='ocrx_word' id='word_1_74' title='bbox 1147 1290 1220 1351; x_wconf 86' lang='lat' dir='ltr'><strong>illoe</strong></span> <span class='ocrx_word' id='word_1_75' title='bbox 1234 1289 1308 1350; x_wconf 81' lang='lat' dir='ltr'><strong>finer</strong></span> <span class='ocrx_word' id='word_1_76' title='bbox 1323 1290 1382 1349; x_wconf 90' lang='lat' dir='ltr'><strong>lito·</strong></span> 
     </span>
     <span class='ocr_line' id='line_1_10' title="bbox 359 1389 1381 1474; baseline -0.002 -24"><span class='ocrx_word' id='word_1_77' title='bbox 359 1410 411 1450; x_wconf 81' lang='lat' dir='ltr'><strong>rea</strong></span> <span class='ocrx_word' id='word_1_78' title='bbox 430 1390 636 1474; x_wconf 84' lang='lat' dir='ltr'><strong>navigatione</strong></span> <span class='ocrx_word' id='word_1_79' title='bbox 649 1390 801 1474; x_wconf 81' lang='lat' dir='ltr'><strong>designat.</strong></span> <span class='ocrx_word' id='word_1_80' title='bbox 839 1392 930 1452; x_wconf 85' lang='lat' dir='ltr'><strong>iuxta</strong></span> <span class='ocrx_word' id='word_1_81' title='bbox 949 1409 1034 1450; x_wconf 90' lang='lat' dir='ltr'><strong>mare</strong></span> <span class='ocrx_word' id='word_1_82' title='bbox 1056 1391 1152 1451; x_wconf 86' lang='lat' dir='ltr'><strong>etiam</strong></span> <span class='ocrx_word' id='word_1_83' title='bbox 1171 1393 1266 1472; x_wconf 89' lang='lat' dir='ltr'><strong>ponit</strong></span> <span class='ocrx_word' id='word_1_84' title='bbox 1279 1389 1381 1473; x_wconf 78' lang='lat' dir='ltr'><strong>Geogr.</strong></span> 
     </span>
    </p>
   </div>
   <div class='ocr_carea' id='block_1_3' title="bbox 242 1487 1383 1576">
    <p class='ocr_par' dir='ltr' id='par_1_3' title="bbox 242 1487 1383 1576">
     <span class='ocr_line' id='line_1_11' title="bbox 242 1487 1383 1576; baseline -0.007 -21"><span class='ocrx_word' id='word_1_85' title='bbox 242 1559 246 1568; x_wconf 65' lang='grc'><em>,</em></span> <span class='ocrx_word' id='word_1_86' title='bbox 361 1491 510 1554; x_wconf 83' lang='lat' dir='ltr'><strong>lieventt.</strong></span> <span class='ocrx_word' id='word_1_87' title='bbox 530 1506 562 1558; x_wconf 86' lang='grc'><strong>9.</strong></span> <span class='ocrx_word' id='word_1_88' title='bbox 580 1503 614 1568; x_wconf 84' lang='grc'><strong>5.</strong></span> <span class='ocrx_word' id='word_1_89' title='bbox 629 1487 652 1552; x_wconf 88' lang='lat' dir='ltr'><strong>s.</strong></span> <span class='ocrx_word' id='word_1_90' title='bbox 686 1491 817 1554; x_wconf 86' lang='lat' dir='ltr'><strong>Serviue</strong></span> <span class='ocrx_word' id='word_1_91' title='bbox 838 1491 875 1551; x_wconf 84' lang='lat' dir='ltr'><strong>erl</strong></span> <span class='ocrx_word' id='word_1_92' title='bbox 895 1491 1005 1576; x_wconf 77' lang='lat' dir='ltr'><strong>virgil.</strong></span> <span class='ocrx_word' id='word_1_93' title='bbox 1025 1493 1103 1552; x_wconf 78' lang='lat' dir='ltr'><strong>Aen.</strong></span> <span class='ocrx_word' id='word_1_94' title='bbox 1119 1493 1154 1558; x_wconf 86' lang='grc'><strong>6.</strong></span> <span class='ocrx_word' id='word_1_95' title='bbox 1176 1506 1262 1572; x_wconf 83' lang='grc'><strong>799.</strong></span> <span class='ocrx_word' id='word_1_96' title='bbox 1279 1495 1309 1552; x_wconf 89' lang='lat' dir='ltr'><strong>in</strong></span> <span class='ocrx_word' id='word_1_97' title='bbox 1326 1489 1383 1551; x_wconf 84' lang='lat' dir='ltr'><strong>lini·</strong></span> 
     </span>
    </p>
   </div>
   <div class='ocr_carea' id='block_1_4' title="bbox 359 1591 1384 2686">
    <p class='ocr_par' dir='ltr' id='par_1_4' title="bbox 359 1591 1384 2686">
     <span class='ocr_line' id='line_1_12' title="bbox 359 1591 1383 1674; baseline -0.004 -20"><span class='ocrx_word' id='word_1_98' title='bbox 359 1591 422 1654; x_wconf 85' lang='lat' dir='ltr'><strong>bue</strong></span> <span class='ocrx_word' id='word_1_99' title='bbox 453 1591 662 1670; x_wconf 81' lang='lat' dir='ltr'><strong>Assyriorum,</strong></span> <span class='ocrx_word' id='word_1_100' title='bbox 699 1611 778 1674; x_wconf 86' lang='lat' dir='ltr'><strong>qnae</strong></span> <span class='ocrx_word' id='word_1_101' title='bbox 812 1593 1009 1674; x_wconf 88' lang='lat' dir='ltr'><strong>aliquantum</strong></span> <span class='ocrx_word' id='word_1_102' title='bbox 1036 1593 1200 1662; x_wconf 88' lang='lat' dir='ltr'><strong>aberrant,</strong></span> <span class='ocrx_word' id='word_1_103' title='bbox 1240 1593 1296 1654; x_wconf 90' lang='lat' dir='ltr'><strong>uisi</strong></span> <span class='ocrx_word' id='word_1_104' title='bbox 1327 1591 1383 1652; x_wconf 84' lang='lat' dir='ltr'><strong>Me·</strong></span> 
     </span>
     <span class='ocr_line' id='line_1_13' title="bbox 360 1692 1384 1774; baseline -0.004 -20"><span class='ocrx_word' id='word_1_105' title='bbox 360 1693 446 1754; x_wconf 88' lang='lat' dir='ltr'><strong>diam</strong></span> <span class='ocrx_word' id='word_1_106' title='bbox 478 1693 708 1774; x_wconf 75' lang='lat' dir='ltr'><strong>complectaris.</strong></span> <span class='ocrx_word' id='word_1_107' title='bbox 779 1693 875 1756; x_wconf 87' lang='lat' dir='ltr'><strong>Forte</strong></span> <span class='ocrx_word' id='word_1_108' title='bbox 906 1695 1003 1756; x_wconf 86' lang='lat' dir='ltr'><strong>etiam</strong></span> <span class='ocrx_word' id='word_1_109' title='bbox 1043 1713 1116 1754; x_wconf 90' lang='lat' dir='ltr'><strong>cum</strong></span> <span class='ocrx_word' id='word_1_110' title='bbox 1161 1692 1264 1756; x_wconf 81' lang='lat' dir='ltr'><strong>Meda</strong></span> <span class='ocrx_word' id='word_1_111' title='bbox 1301 1705 1384 1773; x_wconf 85' lang='lat' dir='ltr'><strong>porta</strong></span> 
     </span>
     <span class='ocr_line' id='line_1_14' title="bbox 359 1782 1382 1881; baseline 0.001 -27"><span class='ocrx_word' id='word_1_112' title='bbox 359 1789 514 1880; x_wconf 64' lang='grc' dir='ltr'><strong>(Μηδικὴ</strong></span> <span class='ocrx_word' id='word_1_113' title='bbox 539 1782 651 1881; x_wconf 67' lang='grc' dir='ltr'>πύλῃ)</span> <span class='ocrx_word' id='word_1_114' title='bbox 687 1791 857 1856; x_wconf 81' lang='lat' dir='ltr'><strong>confundit</strong></span> <span class='ocrx_word' id='word_1_115' title='bbox 882 1793 994 1857; x_wconf 88' lang='lat' dir='ltr'><strong>Strabo</strong></span> <span class='ocrx_word' id='word_1_116' title='bbox 1020 1813 1075 1858; x_wconf 86' lang='lat' dir='ltr'><strong>tt.</strong></span> <span class='ocrx_word' id='word_1_117' title='bbox 1101 1815 1134 1877; x_wconf 88' lang='lat' dir='ltr'><strong>p.</strong></span> <span class='ocrx_word' id='word_1_118' title='bbox 1161 1797 1247 1874; x_wconf 78' lang='grc'><strong>369.</strong></span> <span class='ocrx_word' id='word_1_119' title='bbox 1272 1793 1382 1871; x_wconf 74' lang='grc'><strong>[595.</strong></span> 
     </span>
     <span class='ocr_line' id='line_1_15' title="bbox 361 1895 1384 1980; baseline -0.005 -22"><span class='ocrx_word' id='word_1_120' title='bbox 361 1897 450 1980; x_wconf 76' lang='lat' dir='ltr'><strong>Zagri</strong></span> <span class='ocrx_word' id='word_1_121' title='bbox 466 1910 570 1977; x_wconf 87' lang='lat' dir='ltr'><strong>portae</strong></span> <span class='ocrx_word' id='word_1_122' title='bbox 587 1907 679 1956; x_wconf 87' lang='lat' dir='ltr'><strong>vocat</strong></span> <span class='ocrx_word' id='word_1_123' title='bbox 693 1895 894 1958; x_wconf 75' lang='lat' dir='ltr'><strong>Ptolemaeus</strong></span> <span class='ocrx_word' id='word_1_124' title='bbox 910 1897 943 1967; x_wconf 83' lang='lat'><strong>6,</strong></span> <span class='ocrx_word' id='word_1_125' title='bbox 962 1910 995 1958; x_wconf 91' lang='grc'><strong>9.</strong></span> <span class='ocrx_word' id='word_1_126' title='bbox 1016 1897 1098 1976; x_wconf 86' lang='lat' dir='ltr'><strong>qnia.</strong></span> <span class='ocrx_word' id='word_1_127' title='bbox 1121 1910 1160 1957; x_wconf 89' lang='lat' dir='ltr'><strong>ut</strong></span> <span class='ocrx_word' id='word_1_128' title='bbox 1175 1896 1287 1961; x_wconf 86' lang='lat' dir='ltr'><strong>Strabo</strong></span> <span class='ocrx_word' id='word_1_129' title='bbox 1300 1897 1384 1958; x_wconf 87' lang='lat' dir='ltr'><strong>etiam</strong></span> 
     </span>
     <span class='ocr_line' id='line_1_16' title="bbox 359 1995 1383 2080; baseline -0.006 -20"><span class='ocrx_word' id='word_1_130' title='bbox 359 1999 498 2068; x_wconf 84' lang='lat' dir='ltr'><strong>iudicat.</strong></span> <span class='ocrx_word' id='word_1_131' title='bbox 532 1998 622 2080; x_wconf 84' lang='lat' dir='ltr'><strong>Zagri</strong></span> <span class='ocrx_word' id='word_1_132' title='bbox 646 1997 768 2058; x_wconf 82' lang='lat' dir='ltr'><strong>montis</strong></span> <span class='ocrx_word' id='word_1_133' title='bbox 793 1996 839 2057; x_wconf 92' lang='lat' dir='ltr'><strong>ibi</strong></span> <span class='ocrx_word' id='word_1_134' title='bbox 865 1995 908 2058; x_wconf 82' lang='lat' dir='ltr'><strong>eli</strong></span> <span class='ocrx_word' id='word_1_135' title='bbox 939 1997 1084 2058; x_wconf 78' lang='lat' dir='ltr'><strong>transitus</strong></span> <span class='ocrx_word' id='word_1_136' title='bbox 1111 1997 1147 2058; x_wconf 90' lang='lat' dir='ltr'><strong>in</strong></span> <span class='ocrx_word' id='word_1_137' title='bbox 1176 1997 1300 2068; x_wconf 82' lang='lat' dir='ltr'><strong>Media,</strong></span> <span class='ocrx_word' id='word_1_138' title='bbox 1327 2014 1383 2058; x_wconf 90' lang='lat' dir='ltr'><strong>non</strong></span> 
     </span>
     <span class='ocr_line' id='line_1_17' title="bbox 359 2095 1383 2182; baseline -0.003 -23"><span class='ocrx_word' id='word_1_139' title='bbox 359 2099 473 2182; x_wconf 86' lang='lat' dir='ltr'><strong>procul</strong></span> <span class='ocrx_word' id='word_1_140' title='bbox 490 2118 506 2160; x_wconf 87' lang='lat' dir='ltr'><strong>a</strong></span> <span class='ocrx_word' id='word_1_141' title='bbox 523 2098 637 2160; x_wconf 73' lang='lat' dir='ltr'><strong>sinibus</strong></span> <span class='ocrx_word' id='word_1_142' title='bbox 649 2096 793 2176; x_wconf 75' lang='lat' dir='ltr'><strong>Assyriae.</strong></span> <span class='ocrx_word' id='word_1_143' title='bbox 827 2097 968 2159; x_wconf 77' lang='lat' dir='ltr'><strong>Turbato</strong></span> <span class='ocrx_word' id='word_1_144' title='bbox 983 2101 1079 2158; x_wconf 89' lang='lat' dir='ltr'><strong>etiam</strong></span> <span class='ocrx_word' id='word_1_145' title='bbox 1092 2097 1232 2170; x_wconf 75' lang='lat' dir='ltr'><strong>Plinius,</strong></span> <span class='ocrx_word' id='word_1_146' title='bbox 1257 2095 1383 2160; x_wconf 85' lang='lat' dir='ltr'><strong>uecsatit</strong></span> 
     </span>
     <span class='ocr_line' id='line_1_18' title="bbox 360 2197 1383 2282; baseline -0.006 -18"><span class='ocrx_word' id='word_1_147' title='bbox 360 2199 417 2264; x_wconf 88' lang='lat' dir='ltr'><strong>stbi</strong></span> <span class='ocrx_word' id='word_1_148' title='bbox 437 2200 575 2262; x_wconf 78' lang='lat' dir='ltr'><strong>constare</strong></span> <span class='ocrx_word' id='word_1_149' title='bbox 589 2199 727 2270; x_wconf 85' lang='lat' dir='ltr'><strong>videtur,</strong></span> <span class='ocrx_word' id='word_1_150' title='bbox 753 2200 833 2260; x_wconf 86' lang='lat' dir='ltr'><strong>dum</strong></span> <span class='ocrx_word' id='word_1_151' title='bbox 851 2197 955 2260; x_wconf 82' lang='lat' dir='ltr'><strong>scribit</strong></span> <span class='ocrx_word' id='word_1_152' title='bbox 972 2199 1005 2270; x_wconf 88' lang='lat'><strong>6,</strong></span> <span class='ocrx_word' id='word_1_153' title='bbox 1026 2213 1080 2273; x_wconf 85' lang='lat'><strong>17.</strong></span> <span class='ocrx_word' id='word_1_154' title='bbox 1098 2197 1119 2261; x_wconf 88' lang='lat' dir='ltr'><strong>s.</strong></span> <span class='ocrx_word' id='word_1_155' title='bbox 1136 2215 1192 2278; x_wconf 87' lang='lat' dir='ltr'><strong>t5.</strong></span> <span class='ocrx_word' id='word_1_156' title='bbox 1213 2211 1314 2282; x_wconf 84' lang='lat' dir='ltr'><strong>portae</strong></span> <span class='ocrx_word' id='word_1_157' title='bbox 1328 2197 1383 2258; x_wconf 87' lang='lat' dir='ltr'><strong>illae</strong></span> 
     </span>
     <span class='ocr_line' id='line_1_19' title="bbox 360 2297 1383 2370; baseline -0.007 -6"><span class='ocrx_word' id='word_1_158' title='bbox 360 2297 464 2364; x_wconf 86' lang='lat' dir='ltr'><strong>teneri</strong></span> <span class='ocrx_word' id='word_1_159' title='bbox 483 2321 500 2362; x_wconf 88' lang='lat' dir='ltr'><strong>a</strong></span> <span class='ocrx_word' id='word_1_160' title='bbox 520 2301 667 2370; x_wconf 71' lang='lat' dir='ltr'><strong>Pettius,</strong></span> <span class='ocrx_word' id='word_1_161' title='bbox 701 2301 760 2363; x_wconf 89' lang='lat' dir='ltr'><strong>boe</strong></span> <span class='ocrx_word' id='word_1_162' title='bbox 782 2313 889 2361; x_wconf 89' lang='lat' dir='ltr'><strong>autem</strong></span> <span class='ocrx_word' id='word_1_163' title='bbox 911 2301 1058 2361; x_wconf 86' lang='lat' dir='ltr'><strong>connecti</strong></span> <span class='ocrx_word' id='word_1_164' title='bbox 1076 2298 1257 2363; x_wconf 85' lang='lat' dir='ltr'><strong>Carducbie</strong></span> <span class='ocrx_word' id='word_1_165' title='bbox 1278 2299 1298 2362; x_wconf 92' lang='lat' dir='ltr'><strong>l.</strong></span> <span class='ocrx_word' id='word_1_166' title='bbox 1319 2297 1383 2361; x_wconf 87' lang='lat' dir='ltr'><strong>Cor·</strong></span> 
     </span>
     <span class='ocr_line' id='line_1_20' title="bbox 361 2398 1382 2485; baseline -0.006 -21"><span class='ocrx_word' id='word_1_167' title='bbox 361 2403 488 2472; x_wconf 83' lang='lat' dir='ltr'><strong>dnenir,</strong></span> <span class='ocrx_word' id='word_1_168' title='bbox 509 2401 629 2483; x_wconf 89' lang='lat' dir='ltr'><strong>(Plinii</strong></span> <span class='ocrx_word' id='word_1_169' title='bbox 650 2398 770 2484; x_wconf 87' lang='lat' dir='ltr'><strong>aetate)</strong></span> <span class='ocrx_word' id='word_1_170' title='bbox 793 2400 987 2484; x_wconf 87' lang='lat' dir='ltr'><strong>praefluente</strong></span> <span class='ocrx_word' id='word_1_171' title='bbox 1008 2403 1115 2485; x_wconf 83' lang='lat' dir='ltr'><strong>Tigri,</strong></span> <span class='ocrx_word' id='word_1_172' title='bbox 1141 2403 1201 2483; x_wconf 90' lang='lat' dir='ltr'><strong>qui</strong></span> <span class='ocrx_word' id='word_1_173' title='bbox 1224 2403 1257 2464; x_wconf 92' lang='lat' dir='ltr'><strong>in</strong></span> <span class='ocrx_word' id='word_1_174' title='bbox 1274 2399 1382 2464; x_wconf 78' lang='lat' dir='ltr'><strong>Mediae</strong></span> 
     </span>
     <span class='ocr_line' id='line_1_21' title="bbox 360 2501 1381 2586; baseline -0.004 -22"><span class='ocrx_word' id='word_1_175' title='bbox 360 2516 395 2565; x_wconf 89' lang='lat' dir='ltr'><strong>et</strong></span> <span class='ocrx_word' id='word_1_176' title='bbox 409 2501 554 2564; x_wconf 84' lang='lat' dir='ltr'><strong>Parthiae</strong></span> <span class='ocrx_word' id='word_1_177' title='bbox 569 2503 685 2564; x_wconf 83' lang='lat' dir='ltr'><strong>vicinia</strong></span> <span class='ocrx_word' id='word_1_178' title='bbox 700 2504 832 2586; x_wconf 83' lang='lat' dir='ltr'><strong>cogitari</strong></span> <span class='ocrx_word' id='word_1_179' title='bbox 848 2514 1022 2583; x_wconf 86' lang='lat' dir='ltr'><strong>nequeunt.</strong></span> <span class='ocrx_word' id='word_1_180' title='bbox 1057 2503 1140 2564; x_wconf 80' lang='lat' dir='ltr'><strong>Alibi</strong></span> <span class='ocrx_word' id='word_1_181' title='bbox 1157 2516 1268 2566; x_wconf 88' lang='lat' dir='ltr'><strong>tamen</strong></span> <span class='ocrx_word' id='word_1_182' title='bbox 1283 2503 1326 2580; x_wconf 84' lang='lat'><strong>(6.</strong></span> <span class='ocrx_word' id='word_1_183' title='bbox 1337 2515 1381 2580; x_wconf 77' lang='lat' dir='ltr'><strong>tp.</strong></span> 
     </span>
     <span class='ocr_line' id='line_1_22' title="bbox 361 2599 1383 2686; baseline -0.005 -22"><span class='ocrx_word' id='word_1_184' title='bbox 361 2600 384 2666; x_wconf 92' lang='lat' dir='ltr'><strong>s.</strong></span> <span class='ocrx_word' id='word_1_185' title='bbox 402 2605 474 2678; x_wconf 73' lang='grc'><strong>95.)</strong></span> <span class='ocrx_word' id='word_1_186' title='bbox 499 2603 631 2664; x_wconf 85' lang='lat' dir='ltr'><strong>Pratitae</strong></span> <span class='ocrx_word' id='word_1_187' title='bbox 655 2602 769 2665; x_wconf 84' lang='lat' dir='ltr'><strong>Medae</strong></span> <span class='ocrx_word' id='word_1_188' title='bbox 791 2603 830 2664; x_wconf 88' lang='lat' dir='ltr'><strong>ab</strong></span> <span class='ocrx_word' id='word_1_189' title='bbox 860 2599 969 2664; x_wconf 84' lang='lat' dir='ltr'><strong>occasu</strong></span> <span class='ocrx_word' id='word_1_190' title='bbox 992 2602 1138 2666; x_wconf 83' lang='lat' dir='ltr'><strong>Parthiae</strong></span> <span class='ocrx_word' id='word_1_191' title='bbox 1166 2605 1280 2686; x_wconf 85' lang='lat' dir='ltr'><strong>ponit,</strong></span> <span class='ocrx_word' id='word_1_192' title='bbox 1311 2599 1383 2684; x_wconf 87' lang='lat' dir='ltr'><strong>qnod</strong></span> 
     </span>
    </p>
   </div>
   <div class='ocr_carea' id='block_1_5' title="bbox 236 2703 1383 2788">
    <p class='ocr_par' dir='ltr' id='par_1_5' title="bbox 236 2703 1383 2788">
     <span class='ocr_line' id='line_1_23' title="bbox 236 2703 1383 2788; baseline -0.002 -24"><span class='ocrx_word' id='word_1_193' title='bbox 236 2765 239 2772; x_wconf 76' lang='grc'><em>,</em></span> <span class='ocrx_word' id='word_1_194' title='bbox 361 2705 495 2788; x_wconf 81' lang='lat' dir='ltr'><strong>propino</strong></span> <span class='ocrx_word' id='word_1_195' title='bbox 514 2704 607 2766; x_wconf 86' lang='lat' dir='ltr'><strong>ducat</strong></span> <span class='ocrx_word' id='word_1_196' title='bbox 627 2705 665 2764; x_wconf 89' lang='lat' dir='ltr'><strong>ad</strong></span> <span class='ocrx_word' id='word_1_197' title='bbox 687 2703 780 2766; x_wconf 87' lang='lat' dir='ltr'><strong>sttuut</strong></span> <span class='ocrx_word' id='word_1_198' title='bbox 798 2717 973 2786; x_wconf 86' lang='lat' dir='ltr'><strong>portarum.</strong></span> <span class='ocrx_word' id='word_1_199' title='bbox 1025 2703 1195 2766; x_wconf 82' lang='lat' dir='ltr'><strong>Atinsttu</strong></span> <span class='ocrx_word' id='word_1_200' title='bbox 1211 2705 1383 2768; x_wconf 86' lang='lat' dir='ltr'><strong>Pratitantnt</strong></span> 
     </span>
    </p>
   </div>
   <div class='ocr_carea' id='block_1_6' title="bbox 359 2803 1385 3696">
    <p class='ocr_par' dir='ltr' id='par_1_6' title="bbox 359 2803 1385 3696">
     <span class='ocr_line' id='line_1_24' title="bbox 361 2803 1384 2876; baseline -0.008 -6"><span class='ocrx_word' id='word_1_201' title='bbox 361 2804 505 2870; x_wconf 80' lang='lat' dir='ltr'><strong>notando</strong></span> <span class='ocrx_word' id='word_1_202' title='bbox 529 2805 569 2867; x_wconf 91' lang='lat' dir='ltr'><strong>sic</strong></span> <span class='ocrx_word' id='word_1_203' title='bbox 591 2807 699 2866; x_wconf 87' lang='lat' dir='ltr'><strong>minue</strong></span> <span class='ocrx_word' id='word_1_204' title='bbox 717 2819 875 2876; x_wconf 83' lang='lat' dir='ltr'><strong>accurate.</strong></span> <span class='ocrx_word' id='word_1_205' title='bbox 906 2824 965 2866; x_wconf 89' lang='lat' dir='ltr'><strong>nec</strong></span> <span class='ocrx_word' id='word_1_206' title='bbox 981 2805 1094 2867; x_wconf 89' lang='lat' dir='ltr'><strong>ordine</strong></span> <span class='ocrx_word' id='word_1_207' title='bbox 1113 2805 1258 2868; x_wconf 80' lang='lat' dir='ltr'><strong>versatur</strong></span> <span class='ocrx_word' id='word_1_208' title='bbox 1277 2807 1317 2869; x_wconf 88' lang='lat' dir='ltr'><strong>ell</strong></span> <span class='ocrx_word' id='word_1_209' title='bbox 1334 2803 1384 2864; x_wconf 87' lang='lat' dir='ltr'><strong>Pli-</strong></span> 
     </span>
     <span class='ocr_line' id='line_1_25' title="bbox 361 2903 1384 2991; baseline -0.008 -22"><span class='ocrx_word' id='word_1_210' title='bbox 361 2907 452 2978; x_wconf 89' lang='lat' dir='ltr'><strong>nine‚</strong></span> <span class='ocrx_word' id='word_1_211' title='bbox 477 2920 511 2968; x_wconf 86' lang='lat' dir='ltr'><strong>et</strong></span> <span class='ocrx_word' id='word_1_212' title='bbox 527 2906 547 2966; x_wconf 89' lang='lat' dir='ltr'><strong>st</strong></span> <span class='ocrx_word' id='word_1_213' title='bbox 563 2907 710 2970; x_wconf 85' lang='lat' dir='ltr'><strong>Parthiae</strong></span> <span class='ocrx_word' id='word_1_214' title='bbox 724 2927 860 2991; x_wconf 85' lang='lat' dir='ltr'><strong>regnum</strong></span> <span class='ocrx_word' id='word_1_215' title='bbox 876 2919 907 2968; x_wconf 89' lang='lat' dir='ltr'><strong>et</strong></span> <span class='ocrx_word' id='word_1_216' title='bbox 923 2909 1090 2990; x_wconf 80' lang='lat' dir='ltr'><strong>regionem</strong></span> <span class='ocrx_word' id='word_1_217' title='bbox 1106 2905 1252 2978; x_wconf 85' lang='lat' dir='ltr'><strong>miscuit,</strong></span> <span class='ocrx_word' id='word_1_218' title='bbox 1276 2903 1384 2968; x_wconf 86' lang='lat' dir='ltr'><strong>miscuit</strong></span> 
     </span>
     <span class='ocr_line' id='line_1_26' title="bbox 359 3007 1384 3090; baseline -0.008 -18"><span class='ocrx_word' id='word_1_219' title='bbox 359 3011 456 3072; x_wconf 85' lang='lat' dir='ltr'><strong>etiam</strong></span> <span class='ocrx_word' id='word_1_220' title='bbox 471 3007 595 3090; x_wconf 79' lang='lat' dir='ltr'><strong>Caspiae</strong></span> <span class='ocrx_word' id='word_1_221' title='bbox 612 3008 709 3090; x_wconf 71' lang='lat' dir='ltr'><strong>pylas,</strong></span> <span class='ocrx_word' id='word_1_222' title='bbox 731 3021 763 3070; x_wconf 88' lang='lat' dir='ltr'><strong>et</strong></span> <span class='ocrx_word' id='word_1_223' title='bbox 779 3023 848 3069; x_wconf 91' lang='lat' dir='ltr'><strong>tunt</strong></span> <span class='ocrx_word' id='word_1_224' title='bbox 864 3007 997 3068; x_wconf 88' lang='lat' dir='ltr'><strong>Pratitae</strong></span> <span class='ocrx_word' id='word_1_225' title='bbox 1012 3009 1049 3068; x_wconf 90' lang='lat' dir='ltr'><strong>ad</strong></span> <span class='ocrx_word' id='word_1_226' title='bbox 1065 3021 1241 3070; x_wconf 80' lang='lat' dir='ltr'><strong>extremam</strong></span> <span class='ocrx_word' id='word_1_227' title='bbox 1259 3008 1384 3069; x_wconf 85' lang='lat' dir='ltr'><strong>Mediam</strong></span> 
     </span>
     <span class='ocr_line' id='line_1_27' title="bbox 362 3107 1384 3190; baseline -0.007 -19"><span class='ocrx_word' id='word_1_228' title='bbox 362 3107 470 3172; x_wconf 81' lang='lat' dir='ltr'><strong>versus</strong></span> <span class='ocrx_word' id='word_1_229' title='bbox 491 3111 674 3172; x_wconf 78' lang='lat' dir='ltr'><strong>Armeniam</strong></span> <span class='ocrx_word' id='word_1_230' title='bbox 703 3111 790 3170; x_wconf 86' lang='lat' dir='ltr'><strong>reiici</strong></span> <span class='ocrx_word' id='word_1_231' title='bbox 813 3108 931 3170; x_wconf 87' lang='lat' dir='ltr'><strong>debent</strong></span> <span class='ocrx_word' id='word_1_232' title='bbox 954 3107 1037 3170; x_wconf 88' lang='lat' dir='ltr'><strong>haud</strong></span> <span class='ocrx_word' id='word_1_233' title='bbox 1061 3109 1172 3190; x_wconf 89' lang='lat' dir='ltr'><strong>procul</strong></span> <span class='ocrx_word' id='word_1_234' title='bbox 1197 3107 1384 3172; x_wconf 85' lang='lat' dir='ltr'><strong>certeaCar·</strong></span> 
     </span>
     <span class='ocr_line' id='line_1_28' title="bbox 361 3207 1384 3294; baseline -0.009 -20"><span class='ocrx_word' id='word_1_235' title='bbox 361 3211 491 3281; x_wconf 83' lang='lat' dir='ltr'><strong>dochia.</strong></span> <span class='ocrx_word' id='word_1_236' title='bbox 523 3209 581 3271; x_wconf 86' lang='lat' dir='ltr'><strong>ulti</strong></span> <span class='ocrx_word' id='word_1_237' title='bbox 604 3207 713 3293; x_wconf 86' lang='lat' dir='ltr'><strong>Caspia</strong></span> <span class='ocrx_word' id='word_1_238' title='bbox 730 3229 807 3294; x_wconf 79' lang='lat' dir='ltr'><strong>gene</strong></span> <span class='ocrx_word' id='word_1_239' title='bbox 826 3211 922 3272; x_wconf 88' lang='lat' dir='ltr'><strong>etiam</strong></span> <span class='ocrx_word' id='word_1_240' title='bbox 937 3207 997 3270; x_wconf 86' lang='lat' dir='ltr'><strong>suit</strong></span> <span class='ocrx_word' id='word_1_241' title='bbox 1018 3211 1127 3271; x_wconf 88' lang='lat' dir='ltr'><strong>notior</strong></span> <span class='ocrx_word' id='word_1_242' title='bbox 1147 3211 1278 3280; x_wconf 86' lang='lat' dir='ltr'><strong>eadem,</strong></span> <span class='ocrx_word' id='word_1_243' title='bbox 1310 3207 1384 3269; x_wconf 85' lang='lat' dir='ltr'><strong>uude</strong></span> 
     </span>
     <span class='ocr_line' id='line_1_29' title="bbox 362 3309 1383 3394; baseline -0.007 -19"><span class='ocrx_word' id='word_1_244' title='bbox 362 3313 480 3393; x_wconf 86' lang='lat' dir='ltr'><strong>duplex</strong></span> <span class='ocrx_word' id='word_1_245' title='bbox 503 3331 597 3374; x_wconf 85' lang='lat' dir='ltr'><strong>tuone</strong></span> <span class='ocrx_word' id='word_1_246' title='bbox 617 3310 748 3394; x_wconf 85' lang='lat' dir='ltr'><strong>Caspiue</strong></span> <span class='ocrx_word' id='word_1_247' title='bbox 776 3309 864 3372; x_wconf 84' lang='lat' dir='ltr'><strong>facile</strong></span> <span class='ocrx_word' id='word_1_248' title='bbox 890 3310 1072 3392; x_wconf 84' lang='lat' dir='ltr'><strong>explicatur.</strong></span> <span class='ocrx_word' id='word_1_249' title='bbox 1123 3311 1173 3371; x_wconf 93' lang='lat' dir='ltr'><strong>lbi</strong></span> <span class='ocrx_word' id='word_1_250' title='bbox 1201 3331 1280 3374; x_wconf 83' lang='lat' dir='ltr'><strong>vero</strong></span> <span class='ocrx_word' id='word_1_251' title='bbox 1302 3313 1383 3372; x_wconf 83' lang='lat' dir='ltr'><strong>etim</strong></span> 
     </span>
     <span class='ocr_line' id='line_1_30' title="bbox 361 3410 1384 3497; baseline -0.007 -23"><span class='ocrx_word' id='word_1_252' title='bbox 361 3427 468 3497; x_wconf 86' lang='lat' dir='ltr'><strong>portas</strong></span> <span class='ocrx_word' id='word_1_253' title='bbox 477 3410 602 3494; x_wconf 86' lang='lat' dir='ltr'><strong>Caspiae</strong></span> <span class='ocrx_word' id='word_1_254' title='bbox 616 3411 809 3474; x_wconf 86' lang='lat' dir='ltr'><strong>anotmttllie</strong></span> <span class='ocrx_word' id='word_1_255' title='bbox 824 3413 913 3493; x_wconf 84' lang='lat' dir='ltr'><strong>poni.</strong></span> <span class='ocrx_word' id='word_1_256' title='bbox 938 3411 1055 3472; x_wconf 87' lang='lat' dir='ltr'><strong>docent</strong></span> <span class='ocrx_word' id='word_1_257' title='bbox 1068 3411 1135 3471; x_wconf 88' lang='lat' dir='ltr'><strong>loca</strong></span> <span class='ocrx_word' id='word_1_258' title='bbox 1153 3429 1317 3474; x_wconf 85' lang='lat' dir='ltr'><strong>auctorum</strong></span> <span class='ocrx_word' id='word_1_259' title='bbox 1333 3426 1384 3470; x_wconf 73' lang='lat' dir='ltr'><strong>me</strong></span> 
     </span>
     <span class='ocr_line' id='line_1_31' title="bbox 361 3509 1384 3591; baseline -0.007 -15"><span class='ocrx_word' id='word_1_260' title='bbox 361 3513 483 3576; x_wconf 82' lang='lat' dir='ltr'><strong>nisesla.</strong></span> <span class='ocrx_word' id='word_1_261' title='bbox 514 3515 566 3576; x_wconf 87' lang='lat' dir='ltr'><strong>Sic</strong></span> <span class='ocrx_word' id='word_1_262' title='bbox 582 3515 770 3575; x_wconf 76' lang='lat' dir='ltr'><strong>Ammianus</strong></span> <span class='ocrx_word' id='word_1_263' title='bbox 786 3527 843 3591; x_wconf 77' lang='grc'><strong>95,</strong></span> <span class='ocrx_word' id='word_1_264' title='bbox 858 3513 891 3576; x_wconf 88' lang='lat'><strong>6.</strong></span> <span class='ocrx_word' id='word_1_265' title='bbox 914 3511 1064 3574; x_wconf 80' lang='lat' dir='ltr'><strong>Cadusios</strong></span> <span class='ocrx_word' id='word_1_266' title='bbox 1080 3513 1300 3574; x_wconf 89' lang='lat' dir='ltr'><strong>conterminoe</strong></span> <span class='ocrx_word' id='word_1_267' title='bbox 1313 3509 1384 3571; x_wconf 86' lang='lat' dir='ltr'><strong>satit.</strong></span> 
     </span>
     <span class='ocr_line' id='line_1_32' title="bbox 362 3607 1385 3696; baseline -0.009 -20"><span class='ocrx_word' id='word_1_268' title='bbox 362 3615 406 3676; x_wconf 87' lang='lat' dir='ltr'><strong>Et</strong></span> <span class='ocrx_word' id='word_1_269' title='bbox 428 3614 504 3676; x_wconf 92' lang='lat' dir='ltr'><strong>hinc</strong></span> <span class='ocrx_word' id='word_1_270' title='bbox 525 3613 680 3696; x_wconf 87' lang='lat' dir='ltr'><strong>superiora</strong></span> <span class='ocrx_word' id='word_1_271' title='bbox 695 3616 790 3676; x_wconf 89' lang='lat' dir='ltr'><strong>etiam</strong></span> <span class='ocrx_word' id='word_1_272' title='bbox 807 3614 844 3674; x_wconf 88' lang='lat' dir='ltr'><strong>ad</strong></span> <span class='ocrx_word' id='word_1_273' title='bbox 863 3633 971 3676; x_wconf 84' lang='lat' dir='ltr'><strong>veram</strong></span> <span class='ocrx_word' id='word_1_274' title='bbox 988 3615 1144 3674; x_wconf 88' lang='lat' dir='ltr'><strong>rationem</strong></span> <span class='ocrx_word' id='word_1_275' title='bbox 1165 3615 1305 3676; x_wconf 78' lang='lat' dir='ltr'><strong>revocari</strong></span> <span class='ocrx_word' id='word_1_276' title='bbox 1328 3607 1385 3694; x_wconf 85' lang='lat' dir='ltr'><strong>pnl-</strong></span> 
     </span>
    </p>
   </div>
   <div class='ocr_carea' id='block_1_7' title="bbox 362 3713 1385 4212">
    <p class='ocr_par' dir='ltr' id='par_1_7' title="bbox 362 3713 1385 4212">
     <span class='ocr_line' id='line_1_33' title="bbox 363 3713 1385 3800; baseline -0.006 -22"><span class='ocrx_word' id='word_1_277' title='bbox 363 3713 447 3778; x_wconf 86' lang='lat' dir='ltr'><strong>sunt.</strong></span> <span class='ocrx_word' id='word_1_278' title='bbox 483 3717 629 3796; x_wconf 85' lang='lat' dir='ltr'><strong>Denique</strong></span> <span class='ocrx_word' id='word_1_279' title='bbox 651 3729 740 3776; x_wconf 86' lang='lat' dir='ltr'><strong>notat</strong></span> <span class='ocrx_word' id='word_1_280' title='bbox 760 3715 885 3776; x_wconf 85' lang='lat' dir='ltr'><strong>Pliniua</strong></span> <span class='ocrx_word' id='word_1_281' title='bbox 907 3717 941 3785; x_wconf 84' lang='lat'><strong>6,</strong></span> <span class='ocrx_word' id='word_1_282' title='bbox 968 3713 1060 3778; x_wconf 78' lang='lat' dir='ltr'><strong>12.s.</strong></span> <span class='ocrx_word' id='word_1_283' title='bbox 1081 3735 1133 3776; x_wconf 90' lang='lat' dir='ltr'><strong>rr.</strong></span> <span class='ocrx_word' id='word_1_284' title='bbox 1156 3735 1273 3800; x_wconf 78' lang='lat' dir='ltr'><strong>magno</strong></span> <span class='ocrx_word' id='word_1_285' title='bbox 1292 3727 1385 3774; x_wconf 82' lang='lat' dir='ltr'><strong>errore</strong></span> 
     </span>
     <span class='ocr_line' id='line_1_34' title="bbox 363 3812 1385 3902; baseline -0.006 -24"><span class='ocrx_word' id='word_1_286' title='bbox 363 3831 469 3902; x_wconf 85' lang='lat' dir='ltr'><strong>portae</strong></span> <span class='ocrx_word' id='word_1_287' title='bbox 488 3816 665 3887; x_wconf 77' lang='lat' dir='ltr'><strong>Caucasiae,</strong></span> <span class='ocrx_word' id='word_1_288' title='bbox 691 3817 815 3877; x_wconf 83' lang='lat' dir='ltr'><strong>eaedem</strong></span> <span class='ocrx_word' id='word_1_289' title='bbox 835 3819 930 3878; x_wconf 87' lang='lat' dir='ltr'><strong>etiam</strong></span> <span class='ocrx_word' id='word_1_290' title='bbox 948 3817 1085 3883; x_wconf 86' lang='lat' dir='ltr'><strong>iberiae,</strong></span> <span class='ocrx_word' id='word_1_291' title='bbox 1111 3833 1128 3876; x_wconf 86' lang='lat' dir='ltr'><strong>a</strong></span> <span class='ocrx_word' id='word_1_292' title='bbox 1150 3817 1259 3878; x_wconf 79' lang='lat' dir='ltr'><strong>multia</strong></span> <span class='ocrx_word' id='word_1_293' title='bbox 1274 3812 1385 3894; x_wconf 80' lang='lat' dir='ltr'><strong>Caspiae</strong></span> 
     </span>
     <span class='ocr_line' id='line_1_35' title="bbox 365 3915 1385 4000; baseline -0.01 -21"><span class='ocrx_word' id='word_1_294' title='bbox 365 3921 464 3980; x_wconf 80' lang='lat' dir='ltr'><strong>dictae</strong></span> <span class='ocrx_word' id='word_1_295' title='bbox 479 3917 557 3988; x_wconf 83' lang='lat' dir='ltr'><strong>esse;</strong></span> <span class='ocrx_word' id='word_1_296' title='bbox 582 3937 678 3998; x_wconf 91' lang='lat' dir='ltr'><strong>quem</strong></span> <span class='ocrx_word' id='word_1_297' title='bbox 699 3918 808 3978; x_wconf 89' lang='lat' dir='ltr'><strong>locum</strong></span> <span class='ocrx_word' id='word_1_298' title='bbox 829 3918 862 3977; x_wconf 88' lang='lat' dir='ltr'><strong>in</strong></span> <span class='ocrx_word' id='word_1_299' title='bbox 879 3915 1088 3997; x_wconf 80' lang='lat' dir='ltr'><strong>descriptione</strong></span> <span class='ocrx_word' id='word_1_300' title='bbox 1104 3935 1211 3978; x_wconf 87' lang='lat' dir='ltr'><strong>earum</strong></span> <span class='ocrx_word' id='word_1_301' title='bbox 1234 3929 1385 4000; x_wconf 88' lang='lat' dir='ltr'><strong>portarum</strong></span> 
     </span>
     <span class='ocr_line' id='line_1_36' title="bbox 364 4015 1385 4100; baseline -0.006 -20"><span class='ocrx_word' id='word_1_302' title='bbox 364 4020 468 4081; x_wconf 89' lang='lat' dir='ltr'><strong>reddit</strong></span> <span class='ocrx_word' id='word_1_303' title='bbox 494 4018 668 4080; x_wconf 86' lang='lat' dir='ltr'><strong>Martianut</strong></span> <span class='ocrx_word' id='word_1_304' title='bbox 687 4017 812 4098; x_wconf 81' lang='lat' dir='ltr'><strong>Capella</strong></span> <span class='ocrx_word' id='word_1_305' title='bbox 836 4018 891 4080; x_wconf 93' lang='lat' dir='ltr'><strong>lib.</strong></span> <span class='ocrx_word' id='word_1_306' title='bbox 909 4020 942 4082; x_wconf 89' lang='lat'><strong>6.</strong></span> <span class='ocrx_word' id='word_1_307' title='bbox 967 4038 1038 4100; x_wconf 82' lang='lat' dir='ltr'><strong>pag.</strong></span> <span class='ocrx_word' id='word_1_308' title='bbox 1064 4033 1147 4080; x_wconf 88' lang='grc'><strong>999.</strong></span> <span class='ocrx_word' id='word_1_309' title='bbox 1181 4015 1229 4079; x_wconf 88' lang='lat' dir='ltr'><strong>sed</strong></span> <span class='ocrx_word' id='word_1_310' title='bbox 1255 4017 1385 4100; x_wconf 77' lang='lat' dir='ltr'><strong>neglecta</strong></span> 
     </span>
     <span class='ocr_line' id='line_1_37' title="bbox 362 4111 1383 4212; baseline 0 -29"><span class='ocrx_word' id='word_1_311' title='bbox 362 4119 460 4183; x_wconf 88' lang='lat' dir='ltr'><strong>Plinii</strong></span> <span class='ocrx_word' id='word_1_312' title='bbox 476 4122 642 4183; x_wconf 88' lang='lat' dir='ltr'><strong>notatione</strong></span> <span class='ocrx_word' id='word_1_313' title='bbox 658 4121 840 4205; x_wconf 85' lang='lat' dir='ltr'><strong>simpliciter</strong></span> <span class='ocrx_word' id='word_1_314' title='bbox 859 4121 953 4183; x_wconf 73' lang='lat' dir='ltr'><strong>utun</strong></span> <span class='ocrx_word' id='word_1_315' title='bbox 982 4111 1147 4212; x_wconf 79' lang='lat' dir='ltr'><strong>Caucasus</strong></span> <span class='ocrx_word' id='word_1_316' title='bbox 1164 4133 1277 4202; x_wconf 80' lang='lat' dir='ltr'><strong>portat</strong></span> <span class='ocrx_word' id='word_1_317' title='bbox 1290 4113 1383 4183; x_wconf 74' lang='lat' dir='ltr'><strong>babet·</strong></span> 
     </span>
    </p>
   </div>
   <div class='ocr_carea' id='block_1_8' title="bbox 0 0 1437 4946">
    <p class='ocr_par' dir='ltr' id='par_1_8' title="bbox 0 0 1437 4946">
     <span class='ocr_line' id='line_1_38' title="bbox 0 0 1437 4946; baseline 0 0"><span class='ocrx_word' id='word_1_318' title='bbox 0 0 1437 4946; x_wconf 95' lang='lat' dir='ltr'><strong> </strong></span> 
     </span>
    </p>
   </div>
  </div>
 </body>
</html>
