2852 4946
359 383 423 453 au
631 376 792 436 noran
833 377 1129 436 nxncnrrcan

362 547 449 612 Mela
468 548 587 612 iudicat
603 549 782 620 Graevius,
816 569 892 620 nec.
920 551 1051 632 opinor,
1083 563 1166 621 erat.
1190 549 1272 632 qnod
1293 547 1378 612 Corte

361 652 539 724 dubitaret,
574 653 611 713 ad
636 671 731 734 quarn
753 654 920 736 regionem
945 651 1108 714 referentia
1128 651 1213 716 effet.
1264 650 1378 714 Gentiie

359 749 548 841 liupu'ruot,
583 753 753 836 Corycius,
786 767 817 816 et
844 754 921 814 hinc
944 747 1160 840 Kwpuuuhrryt
1180 765 1301 816 auctore
1320 751 1378 814 Ste-

359 855 470 940 phano
491 856 524 920 h.
544 874 577 918 v.
602 868 636 916 et
655 854 696 916 iic
715 874 731 916 a
751 856 839 916 cultu
856 855 1032 918 Mercuriue
1048 849 1265 942 Kwpuuubrryt
1284 856 1315 914 in
1330 851 1379 913 Or·

359 957 438 1040 pbei
453 957 577 1036 hymno
589 972 647 1030 27,
663 968 697 1034 8.
724 955 791 1037 Ipsa
806 956 882 1018 haec
895 976 961 1018 vox
974 956 1090 1040 iegitur
1104 961 1138 1018 in
1152 958 1262 1018 multis
1274 955 1378 1016 numia.

359 1053 408 1122 Τὸ
424 1082 446 1140 γ
460 1078 477 1120 a
491 1059 595 1140 poetic
610 1060 644 1118 in
660 1057 781 1142 gentile
800 1059 978 1139 corripitur,
1004 1063 1038 1120 in
1053 1057 1120 1140 ipio
1135 1073 1257 1138 etymo,
1284 1056 1302 1115 ii
1323 1055 1379 1136 qoi-

359 1161 435 1222 dem
457 1159 686 1244 cognominem
705 1159 911 1240 Pamphyliae
929 1160 1041 1222 urbem
1057 1159 1193 1242 spectet,
1224 1159 1380 1240 ancipitem

358 1258 577 1329 habetnium.
608 1261 648 1322 de
669 1279 734 1340 quo
756 1261 918 1322 Schrader.
938 1261 975 1320 ad
998 1262 1113 1325 Arion.
1132 1281 1165 1324 v.
1190 1259 1294 1324 1016.
1328 1257 1379 1319 iie·

358 1365 483 1424 centina
505 1381 628 1424 nornen
645 1363 730 1422 varie
744 1363 889 1443 proditur
903 1375 1049 1424 notatum
1068 1367 1102 1424 iu
1116 1362 1232 1426 Ortelii
1249 1357 1379 1422 thesauro

358 1477 393 1524 et
409 1462 541 1524 Ferrarii
557 1463 673 1524 Lexico
690 1455 723 1523 h.
741 1483 774 1524 v.
798 1477 835 1524 ut
857 1462 987 1534 Corcur,
1017 1464 1152 1526 Curcho.
1205 1464 1329 1544 Dapper
1345 1459 1379 1518 de

328 1563 528 1646 *l‘tirchipei
545 1583 577 1644 p.
602 1565 681 1642 169.
710 1562 813 1626 adfert
840 1563 963 1628 Coruco
986 1562 1009 1627 i.
1036 1565 1167 1630 Corcos.
1219 1565 1258 1626 ln
1278 1559 1379 1624 tabulia

357 1665 475 1750 Geogr.
499 1665 612 1726 inveni
640 1665 796 1728 Contrua.

431 1827 555 1899 portu
574 1805 774 1905 soloque)
825 1817 911 1880 Hinc
929 1814 1082 1908 Ἑρμείαο
1105 1811 1203 1882 πόλιν
1224 1807 1381 1882 ναυσίκλυ-

354 1937 413 1980 rou
436 1909 521 1979 ἄστυ
548 1912 717 2004 Κωρύκιον
744 1919 828 2000 apud
864 1919 1001 2002 Oppian.
1026 1921 1058 1981 in
1091 1921 1234 1982 Halievt.
1254 1933 1284 1998 3.
1307 1922 1380 1988 noa.

354 2019 440 2100 quod
459 2017 668 2100 comprobant
684 2021 785 2089 numi,
808 2023 843 2082 in
856 2022 971 2104 quibua
986 2043 1145 2107 ναυαρχις
1159 2023 1285 2083 dicitur.
1317 2013 1379 2076 Vid.

354 2120 477 2186 liniche
494 2120 528 2180 in
545 2121 621 2184 Lex.
644 2142 735 2183 num.
754 2121 795 2183 T.
817 2143 846 2186 r.
868 2123 904 2184 P.
922 2139 954 2186 a.
976 2143 1009 2205 p.
1031 2125 1136 2186 1026.
1161 2137 1196 2184 et
1212 2117 1332 2183 Eckhei
1351 2115 1380 2173 in

354 2223 456 2284 doctr.
475 2239 567 2284 num.
585 2221 622 2284 P.
643 2243 672 2286 t.
692 2221 764 2285 Vnt.
781 2237 813 2298 5.
831 2245 862 2306 p.
882 2237 940 2303 53.
995 2223 1148 2286 Ceterum
1164 2237 1296 2306 portum
1310 2215 1379 2279 indi·

354 2317 440 2385 cauit
453 2323 550 2384 etiam
569 2323 652 2388 Plin.
669 2337 702 2402 5,
720 2341 778 2386 22.
798 2323 819 2387 i.
838 2341 895 2404 27.
948 2327 984 2387 ln
1008 2325 1161 2388 Strabone
1181 2335 1238 2403 ¹4·
1260 2344 1291 2406 p.
1305 2319 1378 2398 4⁶¹·

354 2421 377 2487 f.
392 2427 476 2500 670.
492 2421 515 2486 i.
537 2417 693 2512 Κὼρυκος
716 2419 804 2513 ἄκρα
827 2441 1033 2490 memoratur.
1061 2461 1111 2474 -
1158 2425 1264 2488 Verbo
1285 2433 1378 2484 autent

353 2526 475 2604 incingi
495 2525 538 2585 ita
554 2521 619 2590 iere
641 2524 721 2588 infra
737 2542 770 2598 Ω,
789 2539 822 2605 5,
842 2529 875 2592 6.
899 2529 1009 2600 utitur,
1035 2543 1072 2590 ut
1086 2527 1140 2589 alii
1153 2527 1299 2612 [implici.
1331 2519 1377 2582 Gr·

350 2623 575 2714 περιέχεσθαι.

430 2776 619 2860 tergore)
670 2779 741 2848 Lib.
759 2795 792 2852 n,
812 2793 846 2858 5,
862 2781 896 2845 6.
925 2778 1060 2875 angrtsto
1080 2801 1194 2862 aggere
1214 2769 1377 2842 contt'nenit'

352 2876 545 2944 adnectitur.
583 2882 696 2944 Livius
713 2899 771 2963 29,
792 2875 873 2968 [35.
896 2875 973 2968 15.]
995 2881 1081 2965 qrrod
1102 2873 1377 2964 (promontorium)

352 2981 441 3042 tenui
458 2981 533 3061 iugo
552 2984 730 3044 coracinentr'
746 2983 921 3046 adhaerens
934 2985 967 3044 t'u
981 2977 1180 3066 oit'ayuar'ttnm
1198 2984 1295 3044 maris
1309 2968 1376 3070 spa·

351 3083 432 3144 tium
452 3081 643 3146 extenditur.
677 3101 889 3150 ctaccomvt.
941 3085 1047 3170 lugia,
1073 3085 1126 3146 vel
1148 3081 1310 3151 faucibua.
1334 3071 1377 3138 vel

351 3179 452 3264 ipatio
487 3195 586 3244 terrae
618 3183 785 3270 oblongae.
824 3203 847 3248 r.
873 3204 1070 3249 ououorrvc
1094 3185 1170 3247 MS.
1199 3205 1230 3248 r.
1288 3183 1376 3246 l’rout

350 3283 473 3345 multae
494 3283 571 3344 aliae
593 3287 738 3349 civitatee
760 3285 854 3348 talem
876 3287 969 3348 iitum
991 3284 1213 3368 quaesiverunt
1235 3299 1268 3348 et
1288 3284 1377 3363 elege-

350 3397 436 3452 runt,
463 3397 500 3443 ut
518 3383 556 3444 fic
572 3404 610 3445 ex
626 3389 805 3450 continenti
823 3389 928 3450 uuiiua
943 3389 976 3448 in
992 3385 1131 3469 ipsorum
1145 3387 1258 3448 orbem
1273 3387 1376 3446 intrare

350 3483 452 3567 poliat
475 3485 587 3548 invitia
607 3488 693 3568 ipiia,
727 3507 829 3572 quum
859 3488 1011 3573 angustiae
1034 3488 1117 3557 iliae.
1150 3487 1266 3570 quibua
1288 3479 1376 3548 conti·

350 3587 443 3646 nenti
475 3585 703 3662 adhaerebant,
740 3587 830 3652 facile
869 3591 1027 3672 praefidiia
1063 3603 1212 3670 poterant
1248 3585 1373 3650 munire.

349 3685 444 3748 Unde
471 3698 503 3748 et
528 3687 688 3776 Carthago
714 3711 798 3754 nova
823 3691 856 3752 iu
887 3689 1033 3773 Hispania
1055 3703 1088 3751 et
1110 3707 1203 3752 vetuo
1227 3691 1261 3750 in
1285 3683 1375 3750 autu

348 3785 520 3867 aPotybto
542 3781 623 3874 [ro.
645 3786 722 3876 ro.]
746 3805 780 3855 et
803 3793 896 3855 Livio
917 3789 998 3881 [26.
1016 3803 1074 3874 42.
1091 3785 1132 3876 i]
1156 3791 1195 3852 iic
1210 3787 1374 3852 describun-

350 3901 412 3951 tur.
444 3909 465 3952 1.
485 3907 681 3964 ououovrva
697 3893 773 3956 MS.
795 3908 827 3958 a.
867 3895 913 3954 ita
927 3893 1041 3956 Gordii
1054 3892 1148 3954 fitum
1164 3891 1314 3976 prolixius
1330 3885 1374 3944 de·

349 3987 455 4050 scribit
472 3989 602 4056 Curtiur
620 4007 653 4073 5,
681 4012 711 4065 t.
735 4007 792 4074 ις.
828 3995 945 4075 Iugum
967 4005 1061 4056 vocat
1082 3995 1177 4056 etiarn
1198 3993 1306 4052 Livius
1323 3983 1371 4052 26,

348 4100 410 4172 42.
426 4109 462 4174 9.
488 4092 578 4175 quod
593 4093 707 4162 urbem
721 4095 758 4158 in
772 4097 854 4160 muri
870 4095 958 4160 fitam
974 4097 1156 4162 continenti
1176 4091 1322 4158 adnectit.
