2764 4954
321 405 386 488 54⁶
591 409 752 470 uouere
793 399 1091 472 nxnoerrcad

322 583 413 649 sensu
445 581 582 669 intelligi
603 581 749 647 voluisse.
795 584 883 648 ilinc
907 585 990 669 Sym
1016 599 1148 651 vocatur
1173 582 1337 650 senum

320 687 405 771 apud
420 684 578 748 Plutarch.
603 687 639 746 in
657 684 821 748 Amatoria
842 707 874 768 p.
894 702 951 750 ιο.
970 689 1022 752 ed.
1040 687 1122 771 Lips.
1151 706 1245 774 quam
1259 676 1338 774 Affy·

319 789 402 852 riam
427 801 522 851 vocat
552 783 705 870 losepbue
732 801 842 850 contra
865 787 981 871 Apion.
1010 809 1040 862 ι,
1063 805 1121 854 uo.
1146 791 1191 855 iu.
1238 787 1337 864 Syram

318 902 427 952 autern
447 889 572 962 vocari,
596 899 634 948 ut
649 887 775 948 Ninum
788 889 922 968 symm,
948 887 1062 953 diserte
1079 889 1176 954 refert
1189 887 1294 955 Strabo
1308 900 1338 948 a.

318 1010 352 1074 p.
370 1001 428 1069 58.
446 987 468 1052 s.
484 1001 544 1070 84.
591 989 771 1071 Utrumque
786 989 938 1052 exhibent
955 992 1053 1076 igitur
1067 991 1139 1054 libri
1155 995 1191 1054 in
1204 987 1338 1055 Suetonii

319 1093 404 1155 lulio
421 1089 507 1156 Caes.
529 1109 556 1154 c.
572 1105 631 1154 tto.
649 1087 671 1152 s.
709 1092 761 1153 Sic
775 1091 810 1152 in
825 1093 914 1172 Syria
932 1092 1132 1172 Babylonem
1149 1091 1338 1156 constitutam

316 1191 424 1264 suilse,
453 1191 560 1254 scribit
579 1193 674 1254 etiem
697 1191 845 1276 Hyginue
868 1190 929 1256 sab.
948 1205 1032 1273 275.
1048 1191 1073 1258 s.
1122 1197 1223 1278 Supra
1243 1207 1340 1254 tamen

316 1294 422 1359 noster
450 1313 479 1365 r,
502 1308 536 1365 a,
563 1313 593 1356 ι.
621 1281 764 1380 Affyrios
790 1307 1037 1366 commemorat.
1068 1315 1188 1378 nempe
1208 1289 1341 1358 strictiori

319 1393 421 1466 sensu.
447 1395 487 1456 tle
507 1394 598 1478 regni
617 1392 709 1475 prisci
724 1405 811 1475 parte
826 1395 944 1477 aliqua.
970 1415 1050 1478 quae
1063 1395 1202 1481 priscum
1219 1411 1340 1460 nomeu·

318 1496 475 1558 destructo
494 1493 630 1575 styriae
652 1495 788 1576 imperio
810 1490 1018 1578 ampliffimo,
1050 1499 1196 1560 retinuit.
1246 1497 1287 1558 Et
1305 1493 1340 1556 se

316 1597 471 1676 Assyriam
490 1593 648 1678 descripsit
664 1595 872 1659 'Ptolemaeue
889 1598 922 1668 6.
949 1615 980 1662 ι.
1031 1597 1154 1664 Contra
1173 1596 1288 1678 Assyria
1304 1595 1340 1656 de

315 1699 406 1780 Syria
427 1700 557 1779 eiuaque
577 1695 719 1780 partibue
734 1694 821 1780 saepe
843 1697 974 1770 dicitur.
1005 1718 1038 1763 v.
1062 1719 1090 1764 c.
1111 1700 1154 1763 de
1169 1697 1339 1764 Palaestine

316 1797 460 1882 (loseph.
476 1801 517 1862 de
532 1797 571 1862 B.
587 1795 658 1860 lud.
678 1808 711 1874 5.
728 1815 762 1878 9,
778 1807 814 1878 4.
839 1797 895 1860 ubi
906 1799 973 1862 vid.
991 1799 1094 1863 liudi.
1110 1819 1143 1884 p.
1163 1801 1267 1884 543.)
1288 1795 1341 1858 Ba·

316 1900 458 1983 bylonia.
485 1898 578 1986 (vid.
592 1899 739 1963 Perizon.
761 1899 796 1960 in
814 1899 894 1984 orig.
910 1899 1021 1981 Babyl.
1040 1889 1107 1986 cap.
1127 1921 1160 1966 r.
1176 1921 1211 1985 p.
1225 1920 1270 1962 m.
1290 1915 1339 1958 ro.

315 2023 382 2086 cap.
398 2011 434 2083 4.
446 2021 479 2084 p.
494 2021 540 2064 ιιι.
555 1998 636 2084 48.)
676 1999 797 2065 Contra
814 2020 885 2084 para
900 1999 1150 2086 Mesopotamiae
1164 2015 1199 2066 et
1214 1997 1341 2081 Assyriae

312 2104 491 2184 Babylonia
513 2103 666 2186 adpellata
686 2103 783 2164 etiarn
801 2102 854 2165 eil.
881 2101 984 2179 (Plin.
1001 2103 1034 2172 6.
1054 2116 1112 2182 5⁰·
1129 2101 1153 2167 s.
1170 2103 1248 2178 26.)
1293 2098 1339 2160 De

312 2205 378 2290 ipsa
398 2204 606 2269 Semiramide
626 2203 662 2265 in
684 2203 795 2287 primia
817 2202 983 2268 adeundue
1004 2203 1048 2268 est
1069 2204 1208 2270 Diodor.
1227 2201 1288 2268 stc.
1308 2211 1338 2268 o·

312 2316 408 2388 4-
430 2320 490 2371 eo.

388 2504 494 2590 dno)
544 2508 631 2572 llaec
650 2525 717 2570 non
744 2507 907 2590 pertinent
927 2507 966 2570 ad
988 2504 1194 2572 Palaestinam
1211 2503 1338 2590 Syriam·

314 2607 392 2670 licut
411 2609 508 2670 etiem
531 2607 596 2693 ipse
617 2621 727 2670 auctor
746 2609 883 2672 ostendit
904 2609 944 2672 de
960 2609 1048 2686 Syria
1065 2609 1217 2691 sequena,
1243 2623 1338 2690 quum

311 2729 388 2772 mox
407 2709 539 2772 demum
561 2710 601 2772 de
620 2709 789 2772 Palaellina
812 2709 960 2784 inchoet;
993 2707 1109 2792 itaque,
1132 2711 1209 2774 licet
1224 2710 1263 2770 de
1280 2707 1337 2768 Eu·

310 2810 421 2894 phrate
438 2811 605 2874 locuturus
620 2809 694 2874 esset
717 2811 773 2874 lib.
790 2825 824 2891 3.
847 2831 874 2874 c.
890 2823 924 2889 8.
951 2811 1056 2872 noluit
1072 2823 1179 2873 tamen
1193 2798 1337 2873 nobilissi-

310 2930 397 2975 mam
412 2912 494 2974 banc
506 2914 696 2976 memoriam
709 2931 798 2974 nunc
812 2913 989 2996 praeterire.
1014 2931 1039 2976 r.
1057 2929 1250 2976 euonovrve
1265 2905 1336 2972 Mt.

385 3111 640 3208 constituta)
688 3113 840 3179 condita.
891 3113 965 3178 vid.
980 3113 1020 3178 rd
1042 3130 1072 3188 r.
1092 3131 1149 3195 19.
1170 3123 1228 3202 14

384 3315 418 3380 B
428 3337 449 3378 a
465 3313 612 3401 bylon
620 3313 639 3398 )
690 3317 746 3380 Gr.
770 3307 948 3393 Βαβυλὼν.
997 3315 1137 3389 Latmia,
1167 3310 1336 3401 polletlorie

309 3419 448 3480 maxime
464 3419 544 3489 aevi,
572 3418 667 3480 etiam
683 3415 873 3502 Babylonia.
924 3417 977 3481 Sic
998 3417 1106 3481 lustin.
1130 3438 1159 3489 ι.
1175 3435 1209 3492 2,
1226 3431 1260 3494 7.
1282 3409 1336 3476 uhi

310 3517 350 3581 cs.
373 3519 436 3580 viri
456 3519 543 3580 docti
562 3532 596 3582 et
615 3519 654 3582 ad
674 3519 774 3583 Valet.
798 3519 883 3581 Mar.
901 3536 935 3598 9.
959 3531 992 3597 5.
1010 3529 1074 3583 ext.
1095 3528 1131 3598 4.
1153 3515 1333 3583 Torreniue.

309 3620 361 3684 Sic
375 3617 554 3702 promiscue
569 3631 670 3704 agunt
685 3617 773 3704 saepe
788 3621 924 3690 codicee.
940 3619 990 3679 uti
1004 3621 1134 3683 docetur
1146 3621 1186 3682 ad
1196 3617 1332 3684 Frontin.

311 3734 344 3801 5,
363 3735 396 3796 7.
411 3729 447 3800 4.
473 3719 620 3782 Orolrurn
637 3734 695 3791 ao.
711 3735 744 3792 u.
761 3722 797 3785 6.
832 3719 955 3783 Diserte
972 3719 1013 3782 sic
1027 3720 1186 3805 Corippue
1205 3736 1237 3800 3,
1255 3730 1333 3793 279·

301 3813 435 3914 frustra
450 3817 536 3911 cesses
550 3817 730 3902 Babylonio
745 3822 843 3882 mrrrc's
860 3822 977 3884 Cincta
990 3812 1095 3912 foret.
1145 3823 1209 3886 Sed
1227 3819 1331 3884 eedem

308 3921 420 3993 forma,
437 3919 686 4003 conspirantibue
694 3920 986 3993 MSStieomnibue,
1001 3923 1118 4008 legitur
1130 3923 1165 3984 in
1175 3923 1268 3984 Livio
1278 3925 1331 3997 35·

314 4038 370 4100 17,
391 4042 446 4084 ιι.
473 4023 528 4104 qui
545 4035 654 4084 contre
675 4021 715 4084 ad
736 4025 900 4103 entiquam
920 4023 1130 4086 revocandam
1147 4025 1181 4086 in
1195 4021 1331 4086 Diodoto

193 4203 198 4220 ,
311 4140 345 4200 Ω,
366 4141 421 4190 ιι.
445 4121 688 4212 Wellelingium
709 4123 912 4192 adiuverunt.
950 4123 1058 4188 lucela
1076 4119 1283 4206 Βαβυλώνιος
1303 4123 1332 4179 et
