2764 4958
343 411 406 492 256
612 417 774 474 NOTAE
815 415 1117 475 axuourtclz

343 586 494 661 additur,
526 586 655 672 dequo
677 587 717 650 cl.
740 589 948 651 Bunemann.
970 591 1012 652 ad
1034 593 1183 654 Lactant.
1207 614 1237 674 1,
1267 613 1319 664 ιι,
1340 606 1367 668 5.

339 689 401 756 ubi
419 705 531 754 tamen
552 685 630 751 libri
650 686 788 775 quidam
812 687 981 754 omittunt.

416 890 654 973 incubuere)
684 894 722 953 In
737 889 874 954 tumulis
890 889 1107 958 dormiemnt.
1125 895 1368 960 onaavrvrMS.

340 995 531 1060 Herodotus
547 997 607 1056 c.l.
627 989 972 1081 ἐπικατακοιμὲωνται.
1007 995 1164 1058 Incubare
1176 1013 1296 1070 autem,
1318 1017 1367 1057 no·

340 1111 433 1160 tante
452 1092 568 1158 Servio
586 1093 628 1156 ad
650 1097 730 1156 Aen.
749 1111 782 1170 7,
801 1105 858 1171 88.
880 1093 1054 1179 proprium
1071 1117 1200 1171 eorum,
1226 1096 1282 1184 qui
1304 1098 1367 1158 dor·

340 1195 452 1261 miunt
466 1197 508 1258 ad
526 1193 719 1279 accipienda
735 1195 895 1278 responsa.
934 1199 1032 1260 Plura
1052 1196 1144 1260 dabit
1159 1197 1322 1261 Villoiion.
1337 1195 1367 1256 in

340 1301 523 1386 prolegom.
540 1297 581 1357 ad
598 1299 733 1358 Homer.
752 1319 783 1380 p.
800 1310 859 1374 5ι.
898 1293 964 1368 Sic.
983 1297 1040 1384 qui
1058 1298 1249 1364 Calchantis
1265 1319 1366 1362 oracu-

341 1403 412 1464 lum
434 1397 619 1466 consulunt,
643 1395 777 1460 mactati
795 1395 906 1460 arietis
924 1397 1016 1462 corio
1032 1399 1243 1464 indormiunt
1262 1397 1368 1485 (ἐγκοι-

340 1496 496 1594 μώμενοι)
513 1499 674 1560 Strabone
690 1497 766 1560 teste
775 1501 807 1562 6.
818 1521 850 1582 p.
864 1522 875 1561 ι
884 1502 943 1580 96.
953 1500 973 1563 s.
985 1511 1065 1582 084.
1093 1502 1186 1564 Idem
1201 1503 1242 1565 de
1250 1497 1367 1564 ludaeis

341 1623 383 1665 ex
405 1601 502 1664 Mons
525 1615 709 1683 praecepto⁸
724 1602 777 1664 16.
799 1622 831 1683 p.
846 1613 929 1678 525.
947 1601 968 1664 s.
984 1605 1068 1674 761.
1094 1618 1128 1665 et
1148 1601 1240 1667 alibi.
1291 1599 1368 1664 Hinc

345 1726 402 1766 ιι.
427 1725 459 1787 p.
484 1713 567 1778 550.
593 1701 615 1763 s.
640 1711 725 1778 508.
759 1701 911 1790 μαντεῖον
944 1697 1200 1794 ἑγκοιμωμὲνων.
1251 1705 1368 1785 Nempe

339 1799 577 1892 ἐγκοιμᾶσθαι,
602 1796 783 1890 ἑγκοὶμησες
803 1803 982 1866 solemnem
997 1801 1033 1866 in
1050 1806 1115 1868 hoc
1133 1806 1258 1868 habent
1273 1805 1367 1866 ulum.

340 1900 588 1988 ctwmeling.
604 1901 792 1966 adDiodor.
812 1927 842 1975 r,
859 1917 918 1982 53.
942 1905 1030 1968 etde
1045 1905 1271 1968 incubare-viri
1288 1899 1367 1967 docti

340 2007 384 2071 ad
402 2002 514 2089 Virgil.
539 2026 568 2068 c.
592 2007 613 2067 l.
665 2002 753 2068 Hinc
779 2021 812 2067 et
834 2000 1001 2096 χαμευναὶ
1017 2022 1050 2068 et
1073 2005 1189 2070 fimilia
1213 2006 1367 2071 dicuntur.

340 2112 380 2174 ln
407 2103 524 2191 primia
550 2103 779 2168 incubationee
807 2103 883 2169 illae
909 2108 1155 2190 captandorum.
1175 2106 1368 2172 somniorum

340 2210 436 2274 caula
451 2205 487 2271 in
505 2205 647 2290 aegrotis
662 2209 825 2280 valebant,
854 2206 1031 2294 dequibus
1048 2211 1089 2271 ad
1107 2211 1303 2273 Strabonem
1321 2217 1367 2286 ι4.

340 2333 373 2396 p.
391 2320 477 2392 447.
491 2308 512 2370 l.
531 2311 614 2386 650.
653 2309 824 2392 Quantum
843 2329 923 2370 vero
945 2307 1080 2371 somniis
1097 2309 1238 2374 omnino
1253 2325 1367 2373 veteres

340 2407 535 2482 tribuerint,
570 2406 643 2471 latis
664 2425 782 2471 notum
801 2409 845 2473 ett
866 2413 920 2472 vel
940 2431 981 2472 ex
998 2409 1211 2476 Artemidoro
1233 2428 1266 2476 et
1284 2408 1366 2478 cice-

339 2530 423 2576 rone
445 2511 487 2574 de
511 2506 727 2573 divinatione.

415 2711 583 2798 potere)
618 2709 752 2795 Signate
775 2713 817 2775 ad
838 2733 979 2798 pronam
998 2712 1187 2780 libidinem.
1222 2717 1366 2782 Ceterum

340 2815 448 2889 idem,
475 2813 529 2875 sed
549 2813 590 2876 de
606 2811 864 2887 Nasamonibus,
891 2817 992 2879 refert
1010 2815 1111 2879 etiam
1132 2820 1318 2882 Herodotus
1334 2825 1364 2894 4,

346 2933 427 2995 172.
452 2909 636 3002 adpreciari
660 2909 719 3001 τὴν
740 2905 874 3004 νύμφην
903 2912 995 2982 νυκτὶ
1016 2919 1061 3006 τῇ
1081 2913 1197 3008 orpiorp
1224 2916 1277 2982 dni
1297 2911 1365 2982 πᾶν·

339 3041 405 3084 των
427 3005 601 3090 διεξελθεῖν
624 3013 824 3105 δαιτυμόνων
845 3016 1051 3108 μισγομένην.
1101 3019 1254 3105 Adtingit
1276 3015 1364 3080 etiam

340 3138 495 3192 munera;
519 3117 560 3178 de
582 3114 699 3178 ceteris
717 3119 793 3180 filet.
828 3117 884 3182 Sic
902 3139 981 3181 vero
997 3120 1260 3200 Adyrmachidae
1273 3135 1363 3204 prope

339 3222 523 3304 Aegyptum
538 3216 608 3301 regi
628 3234 788 3301 nupturas
805 3220 997 3285 offerebant.
1023 3223 1205 3300 (Herodot.
1221 3235 1255 3304 4,
1275 3219 1363 3294 168.)

341 3319 458 3384 Simile
475 3320 516 3381 de
531 3316 695 3381 Armeniis
716 3320 832 3384 Strabo
855 3345 909 3384 rr.
926 3338 1007 3385 extr.
1035 3324 1077 3385 de
1097 3321 1199 3403 Lydis
1218 3319 1362 3386 Herodot

347 3445 377 3496 1,
395 3437 454 3502 93.
487 3421 527 3482 de
550 3417 680 3504 Cypriis
700 3417 810 3485 lustin.
833 3433 887 3498 ιθ,
912 3436 946 3502 5,
970 3433 1004 3503 4.
1030 3423 1090 3487 ubi
1114 3427 1209 3509 plura
1232 3413 1363 3500 conlegit

339 3525 574 3588 Berneccerue.
607 3523 656 3582 De
672 3518 813 3585 libidine
828 3525 1042 3588 barbararum
1055 3523 1255 3590 feminarum
1270 3521 1360 3585 mult!

340 3639 375 3689 et
395 3621 497 3687 hodie
518 3619 553 3684 in
573 3619 749 3685 itineribus
768 3641 954 3688 narrantur.

505 3827 536 3908 θ.
563 3843 597 3905 9.
658 3817 1018 3919 Gamphasantes)
1080 3829 1206 3892 Melam
1238 3825 1360 3891 hide!

339 3945 434 3990 ruore
457 3925 635 4010 lequuntur
655 3922 784 3988 Plinius
806 3941 840 4004 5,
869 3939 901 4004 5.
937 3928 1071 3991 Solinus
1094 3951 1164 4014 cap.
1186 3945 1243 4010 54.
1267 3927 1284 3992 i
1308 3939 1358 4001 31·

340 4023 525 4092 Martianus
541 4027 622 4110 Cap.
641 4027 674 4090 6.
694 4049 726 4109 p.
746 4037 827 4104 218.
870 4026 935 4090 rllii
956 4031 996 4092 de
1015 4031 1267 4094 Garamantibus
1287 4023 1359 4088 ref·

340 4143 430 4203 runt,
448 4124 553 4192 veluti
566 4127 755 4190 Herodotus
766 4139 802 4210 4,
818 4141 898 4213 ι74.
925 4131 1111 4219 Stephanus
1126 4135 1159 4197 b.
1173 4157 1205 4200 v.
1227 4125 1358 4196 Eustath.
