2922 4958
319 387 386 466 at·
588 385 750 446 noran
788 385 1089 448 axaoerrcac

328 567 428 630 llane
442 577 522 624 vero
539 560 679 622 alterum
693 555 822 622 Tanain
845 563 992 624 canalem
1007 557 1158 635 arbitror.
1183 561 1240 649 qui
1257 565 1357 630 Core-

330 665 514 740 condamen
528 658 667 722 insulam
681 659 772 732 facit,
789 660 831 724 de
841 681 905 746 qua
918 662 1022 746 supra.
1047 662 1224 728 Maeotidis
1240 665 1359 730 ostium

328 767 441 834 Bursic
453 776 550 826 vocat
563 760 763 826 Constantio.
780 783 808 824 c.
818 764 840 824 l.
867 765 904 824 ln
918 761 1071 826 maximia
1088 781 1197 828 autem
1205 769 1359 852 Europae

325 864 439 937 fluviis
458 861 581 926 Tanaie
596 863 790 927 recensetur.
812 869 825 942 (
832 865 947 943 Scylax
968 885 1001 948 p.
1019 881 1077 942 5ο.
1093 867 1193 930 Huds.
1219 870 1359 952 Agathe·

326 990 409 1036 mer.
425 984 458 1040 a,
481 985 535 1028 ro.
551 969 620 1044 -)
661 962 860 1026 Terminum
886 967 975 1027 Altae
1001 981 1035 1028 et
1057 969 1210 1051 Europae
1235 966 1272 1030 in
1298 969 1359 1032 illo

326 1067 478 1158 plerique
497 1065 649 1138 demunt,
670 1081 709 1127 ut
722 1063 849 1129 dictum
864 1065 907 1126 est
921 1067 963 1128 ad
985 1089 1014 1138 a,
1036 1091 1064 1128 ι.
1078 1067 1100 1130 f.
1132 1066 1285 1146 Scythiae
1302 1068 1359 1132 tri-

326 1175 434 1240 buunt
446 1164 564 1241 multi,
595 1183 633 1229 ut
646 1167 840 1230 Plutarchus
854 1163 912 1228 ille
926 1187 955 1229 c.
975 1169 998 1228 l.
1023 1165 1138 1230 Vibiua
1160 1171 1257 1254 Sequ.
1278 1171 1311 1235 b.
1324 1194 1358 1236 v.

328 1265 900 1352 ServiuaadVirgil.Georg.4‚517.
924 1282 956 1329 et
969 1263 1050 1333 hinc
1063 1271 1243 1352 Scythicum
1258 1287 1359 1336 vocat

324 1378 493 1451 Lucano.
504 1379 591 1450 413.
625 1369 752 1452 Nempe
766 1389 824 1452 per
838 1365 1007 1450 Scythiam
1020 1383 1054 1432 ct
1068 1367 1262 1432 Sarmatiam
1277 1371 1357 1436 flnc-

324 1477 396 1546 bat.
427 1487 465 1534 ut
486 1467 586 1532 refert
608 1467 743 1552 Dionys.
759 1491 790 1530 v.
812 1481 866 1547 15.
900 1483 933 1532 et
957 1466 1035 1554 quia
1067 1468 1227 1534 Sarmatia
1260 1473 1356 1556 saepe

323 1593 399 1662 pare
413 1567 567 1654 Scythiae
581 1569 702 1643 fertur,
730 1567 838 1632 latiori
857 1567 957 1634 etiam
974 1567 1010 1632 id
1026 1569 1117 1634 setrlu
1132 1570 1185 1644 fit,
1208 1573 1299 1657 quod
1313 1575 1356 1636 de

322 1673 508 1750 Maeotide,
535 1671 576 1733 de
591 1691 657 1758 quo
672 1669 714 1736 cs.
729 1668 878 1734 Oberlin.
894 1671 936 1733 ad
951 1667 1084 1734 Vibium
1099 1675 1197 1758 Sequ.
1219 1695 1253 1758 p.
1270 1691 1354 1754 279.

323 1779 364 1840 H.
380 1775 477 1846 Don,
500 1769 630 1835 Tataria
651 1773 741 1834 Tana
755 1772 775 1834 l.
791 1771 903 1836 Darna·

396 1875 602 1958 deiectus)
650 1875 733 1956 Apte
750 1869 928 1956 sequentia,
955 1869 1096 1956 impetus
1120 1871 1257 1938 notione
1282 1876 1354 1939 lub-

320 1979 421 2064 polita
445 1977 558 2038 verbe.
608 1970 827 2056 Praecipitem
852 1973 982 2036 cursum
1004 1971 1055 2036 illi
1080 1973 1230 2040 tribuunt
1252 1974 1354 2040 etiam

321 2078 390 2151 alii,
415 2093 448 2140 et
462 2074 730 2160 Dionyl.v.664.
754 2075 847 2147 adeo,
869 2068 982 2172 ayyai,
1003 2072 1124 2160 inquit,
1144 2073 1263 2164 τὴλσθι
1278 2101 1356 2170 μορ.

405 2198 481 2245 vota.

317 2200 541 2363 pupiano)
589 2274 666 2342 l’ari
682 2277 794 2348 modo.
818 2272 950 2363 pariter.
982 2277 1106 2341 Sallust.
1123 2277 1219 2342 Catil.
1234 2280 1286 2360 [a.
1302 2284 1353 2364 5.]

319 2401 424 2446 aonam
445 2401 502 2464 ego
522 2381 624 2444 vitam
646 2391 833 2463 mortemque
856 2380 950 2442 iuxta
974 2377 1122 2473 aeflumo.
1165 2399 1349 2444 ventanae.

317 2477 444 2544 ltoitari
476 2477 609 2542 videtur
635 2479 749 2541 Noster
772 2476 907 2542 voluille
932 2477 1066 2542 Livium
1086 2493 1117 2556 5,
1140 2482 1173 2550 6.
1196 2495 1230 2558 5.
1257 2484 1350 2544 iuxta

318 2583 419 2648 Menae
434 2593 528 2662 atque
541 2579 660 2672 aestate
674 2577 753 2640 bella
767 2599 877 2660 gerere.
901 2577 959 2642 ubi
973 2583 1065 2642 iuxta
1081 2601 1121 2642 ex
1138 2579 1347 2664 praepositio·

317 2701 361 2746 ne
377 2679 553 2764 degenerat
566 2676 602 2740 in
619 2675 823 2742 adverbium.
851 2695 874 2742 r.
896 2699 1090 2745 oaouovrra
1104 2683 1180 2745 MS.
1219 2683 1271 2744 De
1286 2683 1347 2746 hac

317 2776 451 2846 dicendi
478 2778 583 2841 forma
609 2778 652 2844 cf.
677 2780 777 2843 Corte
805 2779 846 2841 ad
867 2781 991 2843 Sallust.
1014 2801 1043 2846 c.
1067 2783 1088 2844 l.
1122 2779 1180 2845 ubi
1202 2798 1237 2845 et
1258 2784 1349 2847 bunc

315 2883 424 2948 Melae
437 2883 549 2944 locum
562 2877 731 2966 adposuit,
756 2881 921 2944 Drabenb.
938 2882 979 2943 ad
994 2879 1066 2943 Liv.
1083 2893 1144 2962 41,
1162 2885 1196 2956 6,
1219 2905 1274 2948 ιο.
1311 2887 1348 2946 ln

316 2981 385 3070 ipsa
408 2997 517 3046 autem
539 3003 575 3046 re
602 2978 800 3045 dissentiunt
824 2979 897 3052 alii,
936 2997 969 3044 et
988 2980 1121 3062 Dionys.
1143 3006 1174 3044 v.
1191 2982 1262 3058 667
1280 2984 1348 3070 sqq.

317 3083 457 3171 glaciem
489 3105 529 3146 ex
557 3080 657 3146 variis
688 3081 813 3146 effectio
839 3079 951 3144 vivide
985 3080 1158 3156 describit,
1195 3086 1251 3146 etsr
1278 3083 1348 3148 Hill

315 3206 390 3272 pag.
411 3185 491 3265 246.
517 3183 558 3246 de
580 3181 673 3269 aquia
687 3183 729 3244 ad
743 3179 830 3267 ripae
845 3179 985 3266 intelligi
1002 3186 1082 3246 vult.
1107 3181 1300 3264 Dionysium
1315 3201 1349 3248 et

319 3282 376 3354 hic,
388 3285 532 3347 reddunt
547 3279 660 3347 brien.
676 3305 707 3345 v.
724 3297 782 3361 55.
805 3297 838 3345 et
852 3281 1008 3347 Priscian.
1025 3305 1057 3346 v.
1074 3287 1157 3363 655.
1189 3287 1291 3368 Quod
1304 3287 1347 3350 de

318 3381 459 3451 brumali
480 3381 589 3468 rigore
612 3381 793 3468 praemittit
813 3384 943 3456 Noster,
975 3383 1172 3448 confirmant
1192 3382 1249 3448 alii
1270 3407 1346 3471 pro·

317 3483 428 3556 liuiua.
468 3483 540 3548 Vid.
564 3485 721 3548 llerodot.
737 3493 774 3562 4,
801 3495 855 3561 aa.
886 3485 1003 3550 Strabo
1020 3501 1053 3563 7.
1075 3509 1106 3570 p.
1124 3503 1206 3548 cto.
1221 3485 1243 3548 s.
1260 3503 1346 3564 507.

318 3605 460 3675 quorum
475 3581 574 3649 etiem
589 3582 780 3647 testimoniis
794 3583 867 3648 usua
882 3585 925 3648 ell
937 3586 1077 3650 Eustath.
1087 3588 1127 3649 ad
1136 3584 1271 3669 Dionys.
1281 3608 1310 3652 c.
1322 3591 1344 3652 l.

317 3690 424 3754 Neue
438 3687 513 3750 sunt
527 3683 643 3751 Ovidii
656 3686 807 3772 querelae
822 3683 856 3746 in
873 3684 960 3770 epist.
977 3709 1016 3750 ex
1028 3689 1178 3768 Pontoa,
1193 3703 1227 3765 7,
1245 3688 1343 3774 ysqq.

316 3787 370 3854 cf.
391 3785 492 3853 etiam
510 3785 700 3850 Macrobius
720 3788 881 3850 Sanarnal.
898 3803 932 3863 7.
961 3807 1015 3852 re.
1042 3804 1076 3852 et
1095 3785 1143 3851 ibi
1164 3789 1344 3854 Pontanur.

317 3891 474 3956 Ceterum
496 3903 602 3952 totum
620 3889 709 3950 hunc
730 3889 860 3960 locum.
893 3904 931 3951 ut
954 3886 1016 3952 alia
1036 3889 1214 3975 quaedam,
1240 3911 1344 3974 parvo

315 3987 509 4056 direnmine
523 3985 655 4074 repetiit
669 3988 848 4050 lornandee
864 3989 905 4052 de
920 3992 988 4052 reb.
1006 3991 1102 4054 Geth.
1118 4011 1146 4054 c.
1167 4009 1221 4071 19.

387 4090 682 4172 Sauromatae)
731 4085 878 4163 Asiatici.
906 4088 1032 4156 Latinis
1053 4091 1112 4156 sec.
1127 4088 1212 4154 Plin.
1229 4102 1265 4171 4.
1284 4103 1341 4171 ⁹5.

311 4190 412 4257 sta.
434 4191 614 4255 Sarmatae.
662 4187 751 4256 Hinc
782 4205 955 4280 utramque
988 4207 1120 4278 gentem
1153 4189 1341 4274 Scythicam
