2764 4958
348 357 414 434 ιω
614 359 774 420 nouus
814 363 1112 422 cxccnrrcts

344 529 367 598 l.
385 555 417 597 v.
433 533 618 611 Tritonia;)
648 535 701 597 vel
721 534 807 618 quorl
829 534 874 596 ibi
894 536 1023 600 educate
1045 534 1150 610 fuerit,
1174 531 1308 624 (tantan.
1322 553 1348 616 9.

345 649 406 716 35.
423 633 467 713 f.)
492 635 547 698 ctsr
563 637 732 699 Tritonem
749 636 884 698 fluvium
905 639 938 698 in
953 639 1064 701 multis
1082 640 1159 702 locis
1175 655 1297 722 ponunt.
1319 651 1349 698 nt

343 738 408 798 iam
422 735 510 819 supra
524 737 645 804 notaui.
668 735 725 796 nbi
739 756 779 800 ex
797 735 919 802 Ortelio
934 738 966 800 h.
982 759 1014 801 v.
1031 741 1136 822 plures
1153 741 1223 803 addi
1235 739 1349 823 poliunt,

344 839 509 902 Orteliano
531 835 671 899 recensui
687 841 783 898 etiarn
800 837 911 912 Nilus,
937 859 1033 920 quem
1047 853 1079 902 et
1094 841 1173 904 olim
1193 843 1232 904 tn
1246 841 1350 902 dictunt

342 937 431 1002 luille
466 939 594 1000 tradunt
621 939 811 1020 Lycophron
838 960 871 1002 v.
897 941 981 1018 576.
1021 941 1143 1005 Plinius
1161 953 1192 1020 5.
1218 961 1268 1006 lo.
1286 939 1303 1002 l.
1322 959 1349 1018 9.

341 1041 448 1104 Schol.
466 1039 614 1122 Apollon.
636 1039 700 1102 tth.
715 1041 754 1100 ad
770 1051 804 1117 4,
823 1041 906 1120 269.
933 1041 1019 1104 unde
1034 1044 1129 1104 etium
1146 1043 1212 1104 Nili
1232 1044 1287 1105 filia
1300 1041 1350 1100 ttti·

341 1161 440 1204 nerva
459 1143 589 1202 iactatur
608 1141 690 1220 apud
705 1141 853 1203 Ciceron.
870 1142 910 1204 do
926 1155 990 1204 nat.
1009 1145 1105 1206 Deor.
1125 1163 1157 1228 3.
1177 1159 1231 1223 23.
1255 1156 1284 1205 et
1298 1143 1351 1203 Fir·

341 1244 463 1304 micum
478 1243 517 1302 de
532 1259 628 1302 error.
645 1239 725 1322 proi.
740 1242 828 1326 relig.
845 1262 875 1324 p.
887 1255 948 1323 49.
964 1243 1015 1306 ed.
1028 1246 1167 1308 Wower.
1198 1243 1246 1308 cf.
1260 1255 1350 1306 notula

340 1345 379 1405 ad
397 1343 579 1426 rimpeliurn
599 1360 630 1422 p.
654 1357 732 1417 117.
784 1342 921 1405 Aliunde
942 1357 1048 1407 tamen
1069 1347 1121 1408 alii
1143 1343 1260 1432 coularn
1278 1363 1351 1425 repe·

340 1457 431 1514 tunt,
469 1443 521 1504 vel
548 1441 636 1524 quod
667 1443 752 1524 apud
777 1445 946 1506 Tritonem
974 1447 1081 1508 Deutn
1107 1445 1201 1510 fuerit
1228 1448 1351 1514 educata,

339 1544 551 1630 (Apollodor.
571 1557 603 1621 5,
625 1561 678 1612 ro,
697 1541 754 1629 3.)
787 1545 840 1607 vel
857 1564 873 1605 a
895 1539 997 1632 rptrtir
1016 1565 1096 1610 voce
1116 1549 1242 1611 Aeolica
1256 1546 1274 1608 l.
1290 1547 1351 1608 Cre·

338 1643 418 1706 tenir
438 1647 459 1706 i.
475 1664 502 1706 e.
522 1657 634 1727 eaput.
657 1646 744 1726 qnod
761 1664 779 1706 e
796 1646 882 1707 lovis
895 1647 997 1729 capite
1012 1663 1083 1710 nata
1098 1647 1205 1720 luerit,
1229 1647 1306 1731 qnod
1320 1645 1351 1708 ad

280 1768 283 1774 ¹
337 1748 522 1810 Homerum
538 1741 792 1808 transferendum
812 1759 902 1828 putat
918 1747 1033 1828 Heyne
1051 1749 1091 1812 sd
1111 1750 1148 1814 ll.
1170 1761 1205 1830 4.
1222 1760 1300 1828 5¹5·
1325 1759 1351 1808 et

337 1847 496 1911 Heliodns
519 1847 553 1908 in
575 1845 701 1932 Theog.
725 1869 762 1910 v.
787 1858 870 1932 924.
899 1849 1037 1912 indicare
1066 1851 1212 1924 videtur,
1247 1849 1299 1911 ubi
1320 1843 1351 1908 tl.

337 1952 537 2032 interpretes.
591 1947 673 2008 Sunt
691 1963 808 2019 tamen,
829 1949 885 2030 qul
905 1968 922 2010 a
939 1949 1023 2036 τρεῖν
1039 1951 1197 2023 detinent,
1217 1965 1253 2013 ut
1267 1949 1351 2013 Phor·

335 2065 434 2113 nutus
448 2051 487 2112 de
503 2049 576 2111 Nat.
593 2051 689 2112 Deos.
707 2070 733 2111 c.
746 2065 804 2112 20.
831 2051 927 2130 idque
941 2053 1021 2113 adeo
1037 2051 1249 2116 Homericum
1264 2046 1351 2112 cenlet

337 2151 444 2217 Schol.
461 2151 498 2211 ad
514 2151 551 2211 ll.
569 2161 602 2227 8.
620 2164 677 2234 39.
701 2171 774 2212 cum
792 2147 982 2214 recentiores
995 2155 1064 2215 eins
1079 2155 1197 2217 natales
1212 2157 1249 2216 ad
1262 2153 1351 2214 Trito

334 2275 412 2317 nem
432 2248 577 2314 celerant.
629 2251 691 2313 Sed
708 2251 783 2314 vide
801 2251 841 2314 de
855 2254 1056 2336 cognominis
1071 2254 1171 2317 buius
1185 2253 1270 2316 caula
1290 2253 1351 2312 bret

236 2347 255 2406 “.
334 2369 369 2418 et
390 2355 482 2436 plnra
504 2351 587 2433 spnrl
610 2351 717 2414 Schol.
741 2352 875 2414 Homeri
891 2373 918 2416 c.
940 2354 961 2416 l.
994 2353 1196 2418 Eustatbium
1215 2357 1254 2418 ad
1275 2354 1308 2414 ll.
1325 2362 1351 2428 4,

336 2467 422 2534 515.
438 2474 469 2535 p.
487 2472 531 2513 m.
549 2463 633 2531 585.
661 2453 767 2534 ibique
780 2449 923 2514 Politutn
937 2455 977 2514 T.
996 2467 1028 2534 3.
1049 2475 1082 2537 p.
1101 2467 1210 2536 ¹⁰94·
1232 2469 1264 2519 et
1276 2455 1350 2514 illurn

333 2556 372 2617 ad
389 2553 497 2634 ortytr.
515 2566 547 2631 3,
564 2565 647 2632 373.
667 2574 697 2636 p.
715 2573 761 2615 rn.
777 2565 859 2632 135.
893 2556 1042 2616 Servium
1063 2558 1308 2619 etTnnbnntnn.
1322 2551 1350 2614 rd

333 2644 445 2742 Vir'gil.
462 2656 543 2718 Aen.
562 2669 595 2726 α,
617 2667 658 2732 17
669 2675 697 2718 ι.
724 2655 749 2716 F
752 2653 871 2742 ulgent.
887 2655 923 2715 in
937 2654 1094 2742 Allegoria
1112 2659 1225 2746 virgil.
1239 2679 1270 2742 p.
1282 2667 1350 2734 753.

401 2849 663 2948 faciuntque
669 2853 688 2937 )
738 2857 764 2919 l.
788 2875 817 2919 e.
849 2857 1004 2920 adiiciunt
1026 2859 1140 2932 fidem,
1168 2857 1303 2930 iaciunt,
1325 2865 1350 2916 ot

219 2947 222 2954 ¹
332 2955 436 3021 fabulo¹
451 2959 603 3027 credatur,
624 2955 644 3018 l.
662 2957 744 3018 credi
762 2953 866 3038 point,
882 2957 923 3020 de
937 2979 998 3039 qua
1011 2959 1165 3040 loquendi
1181 2960 1282 3024 forma
1296 2958 1350 3041 plu·

331 3061 420 3123 ribus
434 3057 555 3122 disserit
565 3056 688 3119 Duker.
699 3057 735 3117 ad
748 3058 829 3120 Flor.
844 3072 876 3137 3.
899 3059 952 3129 ιδ,
968 3061 1001 3124 6.
1026 3060 1153 3143 Nempe
1167 3083 1242 3125 cum
1256 3061 1350 3122 detivt

331 3165 379 3226 rei
397 3162 481 3224 valet
498 3159 693 3229 confirmare,
718 3157 758 3220 de
774 3177 837 3240 quo
853 3156 892 3222 cf.
908 3159 947 3221 nd
964 3159 1084 3246 Nepot.
1099 3164 1216 3249 Agefil.
1232 3175 1265 3242 a,
1282 3173 1313 3242 3.

406 3359 609 3441 natalem)
657 3359 759 3422 Prout
786 3359 922 3421 aliorum
946 3381 1073 3446 quoqne
1098 3365 1247 3428 Deorum
1270 3359 1349 3426 credi

331 3463 449 3526 cierunt
471 3459 499 3522 le
514 3459 653 3522 habnille
674 3461 808 3532 natales.
834 3461 889 3542 qni
904 3465 1000 3524 etiarn
1022 3465 1054 3526 in
1070 3465 1266 3528 calendariis
1288 3461 1349 3524 anti

292 3603 296 3612 ‚
331 3565 402 3644 quis
421 3563 626 3631 notabantur,
652 3563 783 3642 perinde
799 3575 837 3622 ut
854 3563 970 3625 natales
986 3565 1158 3627 hominum
1175 3565 1346 3650 praebebas

330 3663 443 3726 sellum
469 3665 573 3734 diem,
612 3675 648 3722 ut
673 3663 708 3723 ln
733 3681 800 3745 cap.
820 3679 855 3742 9.
883 3665 1004 3747 patebit
1035 3666 1076 3730 de
1100 3669 1265 3754 Aegyptio
1292 3661 1349 3748 Api

332 3783 357 3826 ι.
383 3782 580 3825 ononovrvs
599 3763 677 3825 MS.

403 3961 583 4026 ludicris
590 3963 609 4046 )
635 3963 827 4045 Spectaculis
843 3964 954 4029 Livius
975 3985 1004 4040 t,
1022 3985 1056 4050 9.
1076 3961 1199 4056 [immo
1214 3957 1349 4052 r‚5.in.]

330 4063 431 4130 Tacit.
448 4065 561 4128 dunel.
584 4085 613 4138 t.
633 4075 691 4150 54.
725 4082 894 4130 onasvcvs
915 4067 992 4133 MS.
1043 4069 1142 4134 Plane
1157 4074 1193 4134 in
1214 4070 1309 4134 omitt
1331 4085 1349 4130 n
