2852 4946
350 387 414 457 410
488 377 492 384 ’
622 380 782 440 Nouae
819 380 1119 440 exeoertcte

351 550 391 616 cs.
410 549 523 616 Strabo
542 561 597 634 14.
615 551 752 636 514611.Ι
771 552 793 617 s.
814 555 898 628 671.
925 554 1107 618 1101111110.
1125 555 1146 618 l.
1197 551 1275 615 Hinc
1294 565 1360 612 vero

350 651 464 741 passim
483 655 605 717 llbotlii
619 657 758 717 maxime
775 657 999 740 cognationem
1015 676 1088 719 cum
1106 657 1164 718 bac
1178 655 1250 717 urbe
1264 653 1362 713 iactant

351 770 483 840 propter
502 775 710 819 communem
733 758 890 841 originem
911 777 951 820 ex
974 759 1074 842 Argia.
1119 755 1169 820 cf.
1185 754 1291 834 Polyb.
1307 773 1330 814 c.
1343 753 1360 814 l.

351 858 425 920 Liv.
442 872 500 936 37,
518 859 577 936 56.
596 873 629 933 7.
679 861 717 920 ln
736 860 1011 941 maritimie'ponit
1027 859 1225 922 Ptolemaeut
1239 869 1269 933 5.
1286 866 1315 931 8.
1335 864 1362 914 et

350 959 543 1024 artorstimam
564 973 658 1022 vocat
678 961 807 1022 Tacitus
823 967 908 1023 Ann.
926 975 961 1030 0.
976 972 1034 1038 58.
1051 957 1072 1022 1.
1097 962 1131 1021 in
1148 979 1210 1041 quo
1226 955 1362 1020 consentit

350 1061 502 1142 Xenoph.
527 1061 567 1122 de
591 1062 703 1144 exped.
726 1083 754 1132 1,
775 1073 884 1140 0114.
937 1063 1036 1144 Quorl
1058 1063 1098 1122 aul
1117 1062 1263 1124 Pinarum
1282 1052 1363 1135 (ltu

350 1183 445 1249 vopou
462 1163 580 1246 vulgo)
602 1163 705 1225 llatuit
719 1161 925 1246 Theophrast.
936 1165 970 1224 in
985 1163 1053 1226 hill.
1069 1163 1200 1245 plantat.
1212 1179 1243 1232 tt.
1261 1173 1290 1240 5.
1310 1159 1363 1220 fin

348 1262 500 1325 Pinarum
523 1263 569 1322 ibi
590 1265 684 1348 legas.
713 1263 774 1326 five
798 1265 989 1343 Pyramum,
1015 1285 1033 1326 a
1056 1283 1134 1326 vero
1162 1265 1219 1325 sttu
1243 1261 1362 1330 recedit3

348 1365 422 1447 quia
437 1384 502 1425 non
517 1367 627 1446 procul
647 1387 663 1426 a
679 1367 763 1428 Solio
778 1380 842 1427 erat
856 1367 973 1428 fluvius
989 1366 1137 1436 Latmus.
1156 1364 1282 1446 (Strabo
1296 1383 1319 1424 c.
1329 1361 1364 1434 1.)

349 1464 371 1528 1.
391 1465 530 1536 Lamus,
551 1466 709 1543 (Ptolem.
728 1481 760 1545 5,
785 1471 840 1546 8.)
874 1467 961 1548 quod
989 1467 1099 1528 verius
1128 1486 1246 1528 nomen
1274 1460 1365 1526 censet

348 1567 502 1628 Mannert
524 1568 558 1627 in
584 1567 700 1652 Geogr.
723 1569 794 1630 Vol.
811 1570 845 1632 6.
870 1569 906 1630 P.
925 1583 957 1630 2.
979 1589 1011 1650 p.
1032 1569 1090 1645 69.
1130 1565 1365 1652 Theophrastum

346 1681 455 1730 tamen
482 1667 620 1750 sequitur
649 1671 836 1752 Apollonius
861 1667 1015 1749 Dyscolua
1048 1672 1081 1729 in
1108 1669 1180 1732 hitt.
1207 1678 1364 1731 comment.

346 1789 415 1853 cap.
432 1781 493 1849 45.
531 1769 625 1832 Error
640 1771 714 1831 inrle
727 1783 823 1852 patet,
838 1771 922 1852 quod
940 1770 978 1832 ab
994 1769 1173 1834 Alexandro
1189 1773 1272 1831 iuxta
1286 1769 1366 1830 illum

346 1873 484 1933 fluvium
506 1886 683 1956 pugnatum
702 1869 789 1934 fuisse
805 1873 939 1934 addunt.
991 1873 1139 1934 innotuit
1154 1874 1289 1934 maxime
1302 1868 1367 1931 urbe

347 1964 527 2064 Soloecismi
546 1973 647 2035 verbo
669 1974 702 2033 in
724 1974 904 2043 rhetoricis.
930 1971 985 2034 etsi
1005 1974 1136 2054 quidam
1157 1975 1197 2035 ad
1215 1973 1309 2054 Cypri
1325 1989 1368 2030 ur·

346 2073 422 2137 bem
442 2072 558 2136 referre
579 2075 708 2144 malint,
744 2089 778 2136 et
803 2087 887 2136 certe
910 2073 1044 2134 dubium
1073 2071 1165 2135 saciat
1190 2076 1334 2139 Suitlaec.
1348 2071 1366 2132 1.

238 2258 243 2266 .
344 2177 408 2240 Sed
425 2174 464 2238 cs.
480 2177 590 2238 Sallier
606 2175 654 2237 stu
668 2177 712 2238 lee
728 2189 812 2238 moto
826 2172 996 2238 Solecismc
1009 2190 1042 2237 et
1054 2173 1250 2238 Barbarilme
1263 2177 1295 2236 in
1308 2171 1366 2234 bill.

344 2277 385 2338 tle
403 2276 583 2339 l'acatlemie
599 2279 638 2339 de
652 2277 740 2338 Paris
758 2279 798 2339 Τ.
816 2291 848 2353 5.
864 2297 895 2358 p.
915 2289 986 2356 818
1003 2275 1063 2358 sqq.
1090 2279 1193 2359 etqui
1216 2277 1368 2339 nominau-

343 2391 397 2438 tur
415 2379 448 2438 in
467 2379 600 2462 Allgem.
616 2380 719 2439 Welt·
731 2375 843 2440 Gesch.
859 2378 929 2440 Vol.
945 2387 980 2456 4.
1001 2399 1034 2459 p.
1050 2379 1135 2455 650.
1189 2379 1280 2438 Tulit
1294 2377 1367 2437 vitot

344 2480 476 2548 doctoa,
506 2482 541 2538 in
563 2479 677 2560 quibua
699 2478 927 2560 Chrysippum,
956 2479 1117 2548 Stoicum.
1143 2478 1366 2543 Philemonem·

342 2593 471 2661 poetam
488 2581 659 2652 comicum,
683 2595 716 2642 et
735 2580 875 2648 Aratum,
901 2578 1128 2642 astronomum.
1154 2573 1367 2662 (Straboni.)

343 2681 470 2744 Incolae
496 2694 651 2742 vocantur
674 2676 808 2755 Σολεῖς,
841 2683 875 2741 in
899 2680 1009 2762 Cypro
1032 2675 1164 2760 Σόλιοι,
1192 2683 1242 2742 uti
1267 2679 1368 2742 diserte

342 2795 480 2842 monent
503 2783 640 2866 Diogen.
665 2783 768 2844 Laert.
790 2801 817 2844 c.
838 2783 859 2845 l.
885 2781 996 2844 Strabo
1021 2791 1075 2859 14.
1098 2801 1130 2863 p.
1146 2791 1236 2860 470.
1258 2781 1278 2846 1.
1295 2783 1368 2858 685.

342 2898 452 2946 auctor
465 2884 550 2945 vitae
567 2885 669 2956 Arati,
697 2877 837 2945 Euslath.
854 2903 881 2944 c.
904 2883 925 2944 l.
978 2883 1158 2964 Utrumque
1179 2895 1287 2946 umen
1308 2898 1369 2964 pro·

341 2983 461 3047 miscue
477 3005 515 3045 ex
527 2986 635 3046 numis
655 2982 775 3066 profert
791 2981 907 3044 llascbe
923 2983 957 3043 in
975 2984 1050 3045 Lex.
1066 3003 1157 3046 uum.
1172 2985 1216 3046 T.
1232 2995 1268 3064 4.
1289 2985 1324 3045 P.
1341 2995 1367 3042 1.

340 3107 373 3171 p.
396 3097 488 3165 1358
504 3085 567 3168 sqq.
593 3099 626 3146 et
644 3081 772 3149 Σολιιυν
788 3083 918 3148 Ciliciae
935 3086 1032 3146 etiam
1049 3083 1260 3148 tribuendum
1276 3080 1370 3147 censet

340 3187 476 3250 Eckbel.
502 3189 537 3248 in
562 3185 703 3248 doctrina
727 3206 818 3247 num.
848 3185 886 3247 P.
911 3206 940 3247 t.
969 3185 1041 3247 Vol.
1059 3199 1091 3264 5.
1115 3205 1147 3267 p.
1165 3187 1226 3263 68.
1279 3181 1370 3269 Quod

340 3287 456 3352 Nosler
478 3287 567 3350 addit
593 3286 834 3369 Pompeiopolin
863 3271 967 3369 pbstea
988 3302 1132 3352 vocatam
1156 3285 1234 3356 esse.
1268 3287 1370 3350 confir·

338 3403 429 3452 mant
451 3389 581 3470 plurimi
600 3403 631 3451 et
654 3408 671 3450 a
692 3389 850 3470 Pompeio
870 3407 989 3448 nomen
1011 3389 1153 3454 ducunt.
1184 3407 1201 3448 a
1223 3408 1288 3470 quo
1304 3385 1371 3448 urbt

338 3491 504 3552 instaurata
524 3487 604 3559 suit.
631 3485 824 3575 (6111101091)
849 3488 1001 3570 Stephon.
1020 3486 1040 3550 s.
1058 3509 1088 3550 v.
1104 3481 1233 3565 Σόλοι)
1258 3491 1307 3550 uti
1328 3504 1370 3548 et·

339 3594 415 3654 dem
447 3591 487 3652 ‹le
521 3589 608 3652 causa
646 3591 818 3672 Eupatoria
853 3608 973 3651 nomen
1005 3588 1218 3669 Magnopolis
1248 3589 1369 3670 accepit.

339 3692 470 3773 (Strabo
494 3707 548 3754 tlt.
576 3712 607 3773 p.
634 3702 716 3771 588.
741 3689 762 3752 1.
785 3692 890 3768 556.)
915 3691 967 3752 vel
993 3689 1239 3770 Pompeiopolis.
1275 3691 1369 3767 (Plio.

340 3796 373 3864 6.
397 3811 429 3856 o.
447 3791 490 3870 f.)
531 3791 642 3854 Nollra
672 3811 689 3853 o
717 3791 843 3853 Graecis
873 3789 960 3851 scribi
991 3789 1069 3853 solet
1094 3783 1368 3878 llopntyiotinolttu

338 3894 471 3974 (Strabo
486 3913 513 3955 c.
528 3893 550 3954 1.
579 3893 742 3976 Appianuc
758 3897 791 3952 in
810 3891 997 3954 11111111τί110.
1020 3905 1101 3968 115.
1118 3895 1189 3968 -)
1211 3891 1268 3953 etsi
1289 3889 1369 3953 docti

339 3996 470 4079 quidam
486 3995 548 4054 viri
561 4015 601 4058 ex
613 3995 723 4056 nuruis
739 3991 919 4064 sollicitant,
943 3993 1064 4075 quippe
1077 3993 1111 4053 in
1127 3992 1243 4074 quibua
1257 3994 1368 4077 legitur

338 4098 459 4186 gentile
477 4089 800 4190 Hopnytotrollurwv.
835 4091 1015 4160 0611110110
1030 4095 1065 4157 iu
1074 4093 1150 4158 Lex.
1169 4113 1264 4157 num.
1282 4095 1321 4158 T.
1335 4103 1366 4172 3.
