2764 4954
323 415 385 480 270
594 401 756 466 noran
797 381 1098 461 axaoorrcaa

322 578 596 660 hippopotamurn
617 571 863 656 descripserant.
897 595 913 636 a
935 577 1078 640 Geialero
1099 579 1132 640 in
1154 580 1235 642 notis
1257 575 1336 638 MSS.

323 678 483 742 nominati
505 689 593 739 erant
614 675 789 738 Thevenot
810 697 932 760 voyage
951 681 992 740 Τ.
1014 697 1045 742 o.
1073 701 1104 762 p.
1128 692 1208 758 738.
1241 679 1337 740 Aldro·

323 781 451 844 vandua
466 780 506 840 de
518 779 714 860 quadruped.
733 798 760 847 r,
778 797 832 840 ru.
861 777 988 841 Ludols.
1006 781 1075 844 hist.
1094 783 1235 864 Aethiop.
1252 803 1276 848 ι,
1292 797 1337 840 ιι.

323 883 430 946 Belou
447 881 475 941 la
497 895 609 942 nature
627 880 682 940 des
706 879 846 960 poislono
866 879 937 943 Lib.
959 901 987 944 ι.
1011 901 1042 963 p.
1066 897 1121 958 r7.
1149 884 1297 946 Columna
1311 880 1339 938 in

206 995 215 1008 “
324 983 453 1066 aquatis.
469 995 501 1042 et
519 979 649 1043 terrestr.
670 981 797 1043 animal.
818 979 942 1043 observ.
965 1003 992 1046 c.
1014 997 1068 1060 15.
1086 1004 1117 1066 p.
1136 998 1190 1062 og.
1224 979 1340 1044 Marulla

324 1087 359 1148 in
378 1084 566 1167 Sammlung
586 1081 660 1142 aller
674 1079 887 1145 Reisebeschr.
909 1085 951 1146 T.
966 1097 1000 1160 5.
1021 1105 1053 1166 p.
1070 1087 1131 1164 96.
1163 1086 1261 1148 Kolbe
1277 1085 1341 1142 Vor-

323 1186 465 1272 gebiirge
489 1184 545 1246 der
565 1203 594 1266 g.
615 1183 783 1266 Hoffoung
803 1185 839 1245 P.
863 1203 892 1247 ι.
915 1205 947 1266 p.
970 1187 1050 1258 167.
1086 1189 1211 1270 Dapper
1232 1181 1341 1246 lleschr.

325 1307 393 1350 von
409 1283 516 1348 Astike
533 1305 564 1366 p.
588 1298 668 1362 123.
691 1298 723 1346 et
740 1285 793 1344 alii
813 1286 961 1366 quidam,
985 1288 1041 1368 qni
1058 1287 1214 1349 historiam
1231 1299 1344 1346 craturae

325 1385 583 1468 composnerunt.
635 1386 803 1470 Egregianr
834 1389 903 1448 eius
927 1389 1100 1472 imaginem
1126 1389 1253 1450 exhibet
1277 1387 1346 1448 Alla·

325 1490 422 1552 nrand
446 1490 479 1548 in
495 1487 623 1548 historio
642 1507 703 1547 van
720 1488 782 1549 den
800 1487 1060 1569 Hippopotanrus
1076 1524 1124 1538 -
1145 1491 1225 1552 door
1241 1485 1348 1550 Klock·

325 1611 394 1662 ner,
416 1588 572 1652 Anrslerd.
593 1599 698 1665 1775.
714 1599 750 1667 4.
778 1589 831 1650 cui
850 1589 925 1648 addi
946 1590 1048 1670 potest
1066 1590 1239 1672 Sparmann
1258 1591 1287 1648 in
1306 1587 1348 1646 iti·

325 1712 419 1761 nere,
452 1703 485 1751 et
506 1691 653 1770 inprimis
674 1689 795 1750 Busson
813 1689 932 1750 Natur·
946 1688 1057 1754 Gesch.
1080 1693 1136 1753 der
1156 1688 1349 1773 viersiisaigen

326 1795 445 1856 Tlriere
463 1793 500 1854 Ρ.
523 1811 576 1854 ιο.
593 1812 624 1874 p.
645 1802 704 1868 78.
722 1790 798 1870 (ed.
813 1789 939 1872 Beros.)
965 1791 1019 1850 nbi
1036 1791 1099 1874 ipse
1116 1792 1177 1875 sqq.
1194 1794 1350 1876 diligenter

326 1893 484 1976 descripsit
500 1893 639 1974 aliosque
656 1911 773 1975 magno
795 1910 930 1952 numero
953 1891 1110 1967 laudavit3
1140 1895 1257 1978 quibus
1278 1909 1352 1953 nunc

326 1997 399 2059 addi
430 1993 532 2078 potest
560 1995 695 2054 l'aillant
728 1991 819 2055 lleise
849 1994 883 2053 in
909 1989 1019 2054 Asrika
1037 1997 1078 2056 T.
1102 2016 1132 2060 r.
1154 2017 1188 2079 p.
1213 1993 1351 2072 ofisssqq.

325 2099 502 2160 Bochartus
518 2097 551 2172 in
571 2097 700 2158 Hieroz.
723 2096 759 2156 P.
781 2112 813 2156 o.
830 2093 886 2154 lib.
903 2107 938 2171 4.
957 2114 1025 2175 cap.
1046 2107 1100 2172 15.
1121 2098 1287 2158 contendit
1302 2093 1354 2155 else

327 2199 400 2262 lobi
425 2187 575 2266 stium.
602 2198 657 2258 etsi
673 2196 838 2259 Michaelis
861 2197 995 2259 omuino
1014 2195 1055 2260 da
1071 2197 1262 2261 animalibus
1285 2196 1356 2258 hanc

328 2317 443 2364 vocem
469 2299 631 2384 intelligit.

402 2499 760 2584 crocodilosque)·
795 2500 849 2563 Gr.
872 2493 1106 2587 Κροκόδειλος.
1132 2503 1224 2584 quod
1246 2519 1356 2564 nomen

327 2601 367 2666 ab
390 2604 520 2664 sonibus
544 2604 726 2684 impolitum
754 2599 856 2663 scribit
878 2603 1062 2665 Herodotus
1078 2621 1108 2674 a.
1125 2603 1185 2682 69.
1202 2625 1277 2667 cunt
1293 2615 1357 2663 ante

327 2703 474 2794 Χὰμψαι
495 2719 695 2767 vocarentur.
731 2697 956 2790 Κρωκόδειλος
968 2706 1065 2766 etiam
1082 2717 1208 2768 veteres
1225 2701 1357 2786 scripisse

326 2807 495 2870 contendit
518 2805 617 2868 Faber
637 2807 675 2866 acl
695 2805 876 2866 Phaedrum
898 2825 926 2874 r,
954 2817 1010 2883 25,
1036 2815 1071 2882 4.
1099 2805 1155 2865 ubi
1171 2808 1228 2868 alii
1251 2801 1359 2888 praese·

327 2921 404 2968 runt
426 2906 612 2969 corcodilus.
654 2905 705 2970 cf.
733 2908 932 2988 interpretes.
984 2907 1154 2989 Aegyptii.
1189 2907 1358 2970 secundum

327 3009 416 3078 alios,
443 3009 568 3077 Arabes,
595 3020 712 3070 vocant
734 2999 872 3098 Tsnsaa.
924 3008 974 3068 De
988 3006 1116 3069 historia
1133 3009 1203 3071 eiua
1225 3007 1361 3070 animalis

329 3109 449 3172 consuli
478 3108 604 3192 possunt
631 3107 803 3191 superiores
829 3121 986 3178 auctores,
1020 3120 1053 3170 et
1082 3109 1199 3190 quibus
1226 3110 1298 3171 usus
1321 3103 1360 3168 esl

328 3211 478 3274 Bochart.
505 3211 538 3271 in
563 3211 691 3274 Hieroz.
711 3213 752 3271 T.
771 3225 804 3272 2.
833 3209 887 3272 lib.
909 3221 964 3288 15.
989 3228 1056 3290 cap.
1081 3212 1136 3274 16.
1163 3227 1220 3286 ²7·
1275 3209 1360 3270 Lobo

328 3333 361 3394 p.
385 3324 464 3390 138.
482 3332 509 3373 c.
524 3311 547 3374 l.
570 3312 696 3371 nullum
713 3311 849 3372 fluvium
868 3325 991 3392 praeter
1011 3309 1123 3371 Nilum
1143 3330 1199 3374 eos
1216 3313 1300 3374 alere
1315 3309 1362 3370 ad·

261 3411 265 3418 ’
330 3393 452 3486 sirinat5
479 3412 529 3476 sed
549 3425 582 3474 et
597 3412 671 3472 alibi
691 3412 822 3494 reperiri
838 3431 877 3472 ex
893 3425 1039 3474 veterum
1056 3412 1134 3474 locis
1156 3413 1252 3474 docet
1270 3415 1362 3494 Span-

330 3514 419 3576 hem.
434 3516 473 3578 de
489 3512 546 3574 usu
561 3547 611 3560 -
626 3534 716 3577 num.
732 3514 773 3576 T.
789 3533 816 3576 t.
831 3533 863 3594 p.
879 3527 959 3589 177.
985 3514 1148 3574 Plurimos
1164 3516 1265 3576 etiarn
1282 3529 1364 3573 nunc

330 3617 364 3676 in
383 3615 458 3677 Nilo
477 3617 601 3699 degere.
627 3635 666 3676 ex
679 3633 743 3696 quo
757 3617 792 3675 in
808 3627 920 3675 terram
935 3612 1097 3696 exspatiari
1110 3613 1241 3686 soleant,
1266 3625 1364 3675 narrat

329 3713 440 3801 passim
459 3716 610 3789 Norden;
645 3730 676 3777 at
694 3714 777 3778 infra
798 3716 998 3778 catarrhactas
1020 3736 1087 3778 nso
1110 3717 1261 3798 reperiri,
1288 3717 1364 3776 adeo

331 3833 367 3882 ut
384 3818 500 3900 cupide
516 3838 570 3879 eos
586 3816 683 3879 visere
699 3817 999 3902 gestiantllegyptii,
1021 3816 1117 3878 Shaw
1132 3818 1166 3877 in
1183 3837 1308 3900 voyage
1321 3848 1364 3862 -

331 3920 373 3982 T.
392 3934 424 3980 u.
448 3939 480 4001 p.
502 3919 581 3994 167.
613 3939 709 4000 quem
734 3915 850 3980 refutat
870 3917 1009 3980 inscitiae
1035 3919 1069 3978 in
1093 3917 1155 3980 hoc
1178 3922 1368 3980 convictum

332 4021 471 4084 Sonnini
496 4018 627 4098 (lteisen
650 4022 682 4080 io
699 4021 885 4102 Aegypten)
908 4021 948 4082 T.
973 4041 1002 4082 t.
1024 4038 1057 4101 p.
1079 4035 1160 4100 197.
1193 4021 1248 4100 qui
1268 4024 1368 4100 Aegy·

332 4134 427 4206 ptum
444 4119 638 4206 superiorem
654 4120 693 4182 ab
710 4122 749 4183 iis
765 4123 872 4184 vexari
887 4121 967 4185 adeo
983 4133 1096 4194 narrat,
1116 4141 1212 4204 quam
1223 4121 1371 4184 Shawius
