2756 4964
223 423 582 486 mauruntum.
624 423 703 478 ιι.
747 421 840 480 ott.
882 419 959 492 tc.
1071 433 1113 500 9³

137 590 173 692 J
172 620 280 682 upra
288 597 310 682 )
363 601 394 678 §.
419 613 452 660 a.
486 569 543 656 ubi
563 594 656 657 haect
696 593 834 676 primum
846 585 886 686 se
907 593 1030 674 ingenti
1050 615 1116 657 am·

76 698 141 763 litu
162 703 333 764 incurvat.
373 699 530 782 lolelligit
551 695 653 758 finum
672 693 808 759 lfficum.
847 698 897 759 De
919 695 1048 780 siugulio
1069 717 1116 760 ro·

75 803 223 886 gionibns
246 800 332 863 inin
352 799 414 862 luia
431 800 519 864 locis.
559 795 608 860 Ab
627 818 663 860 ea
678 795 718 861 lc.
734 795 852 862 honte.
894 795 989 882 Syria
1012 796 1116 862 Phoe·

72 905 158 966 oioen
182 903 428 986 complectitur.

141 1072 294 1154 extra)
347 1067 416 1134 Alia
439 1071 563 1142 minor,
593 1085 673 1153 qnae
694 1069 777 1145 llaip
798 1067 935 1132 flumine
954 1081 989 1131 et
1007 1069 1116 1134 Tauro

71 1187 177 1237 monte
200 1171 407 1256 separabatur
425 1191 442 1234 a
457 1171 584 1236 maiori.
616 1190 641 1233 1.
662 1189 860 1233 onouovtva
877 1169 950 1234 MS.
968 1185 1002 1234 o.

141 1341 312 1425 Lycia)
361 1339 563 1422 Praepoliero
590 1339 703 1402 ordine
725 1342 830 1424 ponit.
881 1337 965 1402 Nam
984 1339 1115 1406 Ciliciae

69 1449 203 1528 propior
217 1443 265 1506 est
282 1443 491 1524 Pamphylia,
516 1461 609 1523 quam
628 1443 732 1520 Lycia.
772 1441 825 1502 Sic
841 1437 928 1524 supra
944 1442 1115 1511 Arabicum

68 1565 152 1607 mare
173 1545 308 1606 Perlico
331 1543 372 1604 ab
395 1544 517 1604 oriente
538 1542 713 1626 progreliue
731 1544 933 1624 'praemittin
960 1543 1116 1622 Hyrcania

67 1645 243 1718 &anfion
282 1663 317 1715 a,
336 1662 369 1728 5,
384 1653 420 1722 4.
443 1643 590 1705 Achaiam
607 1644 711 1716 Elidi3
745 1659 777 1713 Ω,
796 1658 828 1712 Ω,
847 1655 880 1722 5.
903 1643 1027 1708 Calatin
1048 1647 1114 1709 To·

67 1751 140 1810 mia.
177 1743 237 1811 cf.
253 1748 295 1806 ad
318 1765 347 1815 ι,
369 1746 485 1822 15.in.
523 1743 707 1806 Nunneliua
725 1757 825 1826 putat,
848 1747 1114 1810 coniunctionem

66 1849 99 1909 in
118 1849 170 1910 hia
195 1863 335 1908 tantum
356 1844 482 1908 duobos
501 1844 717 1926 interpofitam
739 1845 797 1908 hac
817 1865 889 1908 cura
904 1847 962 1930 τῆς
983 1843 1115 1932 &upilio-

65 1945 181 2032 λογίας
200 1949 361 2017 liberare,
392 1966 469 2028 quae
491 1947 525 2006 in
547 1945 609 2028 ipsa
630 1946 827 2032 lingulorum
846 1947 1041 2032 diligentiori
1060 1949 1114 2010 tlo-

67 2049 245 2134 icriptione
276 2049 454 2130 requiratur
461 2067 472 2120 ;
508 2047 587 2108 hinc
609 2047 733 2110 Cariam
756 2060 790 2111 et
812 2048 946 2129 reliquae
967 2050 1123 2133 regiones*

67 2154 182 2214 ordine
198 2150 261 2212 luo
277 2149 394 2232 politae
411 2149 524 2233 copula
537 2147 642 2210 omiffa
658 2146 754 2232 sequi.
805 2150 847 2210 At
862 2151 895 2212 in
913 2149 1065 2228 Hyrcania
1081 2163 1114 2212 et

66 2252 213 2315 cadufits
244 2253 402 2312 contraria
425 2251 510 2312 valet
528 2251 620 2313 ratio.
671 2247 793 2314 Vollttta
820 2253 895 2314 inde
918 2250 1036 2314 oletum
1061 2271 1112 2318 ex.-

67 2353 164 2415 cuiari
187 2351 282 2436 polle
307 2351 427 2424 censet,
452 2349 536 2432 quod
551 2351 756 2433 Pamphyliae
775 2372 827 2414 ora
851 2353 979 2414 litoralis
996 2353 1113 2434 Lyciae

67 2456 149 2516 olim
174 2453 281 2514 fuerit
303 2452 478 2526 adtributa;
508 2465 542 2512 et
560 2451 598 2512 stc
612 2453 810 2534 Stephanum
828 2455 955 2532 Lyciam
978 2455 1016 2516 ad
1035 2455 1112 2518 Cili·

67 2557 148 2617 ciam
175 2573 449 2616 commemorare.
501 2553 598 2637 Quod
624 2553 645 2613 fi
672 2555 767 2614 etiam
792 2556 996 2626 concedatur,
1030 2557 1111 2620 mire

66 2669 175 2718 tamen
192 2655 400 2736 Pomponius
413 2652 522 2715 miscet
541 2666 694 2734 tempora,
720 2655 880 2726 ordinem,
910 2675 1005 2736 quom
1029 2655 1111 2718 infra

67 2756 190 2827 tervat,
227 2755 284 2815 hic
308 2757 456 2825 invertit,
489 2755 681 2835 incertisque
703 2755 827 2838 legibue
850 2770 978 2840 vagatur
999 2777 1113 2838 parum

65 2855 263 2942 proieffiooi
280 2879 307 2925 ι,
321 2867 356 2938 4,
371 2869 405 2932 5.
422 2851 578 2917 satisfacit.
611 2856 707 2918 Certe
725 2858 858 2916 accurati
875 2855 1029 2939 scriptoria
1044 2877 1111 2940 par·

67 2975 115 3022 tea
135 2959 261 3020 melina
283 2953 428 3018 lullinere
450 2957 595 3018 debebat.
645 2955 777 3018 Exculet
793 2957 844 3018 hic
859 2960 951 3018 unice
969 2977 1110 3040 compra-

68 3059 164 3122 tenta
179 3059 360 3142 regionum
376 3071 409 3120 et
422 3058 569 3119 locorum
585 3057 766 3119 vicinorum
783 3055 905 3120 summa
921 3060 1090 3142 propolita.
1144 3125 1149 3130 ,

144 3228 322 3310 aliquot
345 3227 471 3308 popul
478 3228 490 3288 i
497 3225 515 3306 )
550 3225 678 3288 Praeter
697 3225 769 3288 illos
785 3223 917 3296 scilicet,
943 3246 1025 3309 quoe
1044 3227 1109 3292 iero

69 3333 272 3398 nominavit,
297 3325 331 3390 V
330 3341 443 3397 ettetos,
469 3327 684 3404 Cappadoces,
709 3325 844 3397 Pterios,
870 3323 923 3412 [cf.
942 3341 1009 3392 not.
1025 3321 1108 3414 crit]

71 3435 153 3512 quod
177 3431 257 3490 intle
279 3443 395 3510 patet,
411 3430 484 3509 quia
502 3429 700 3492 Mithridaten
723 3432 849 3510 proptio
870 3431 1031 3490 dicebatur
1054 3449 1109 3492 rex
1215 3503 1217 3508 ι

73 3535 172 3592 Ponti
180 3575 191 3599 ,
222 3546 260 3592 ut
285 3529 413 3591 haberet
436 3528 490 3588 iub
512 3528 541 3591 le
562 3529 681 3610 aliquot
701 3529 837 3611 populos
858 3531 935 3592 circa
956 3532 1108 3603 Pontum,

73 3635 241 3714 inquibus
260 3643 367 3692 tamen
389 3649 456 3714 uon
478 3628 607 3692 luerunt
625 3629 833 3710 Cappadoces
854 3632 906 3714 ¹vel
929 3631 1108 3712 Paphlago·

73 3755 141 3802 nes,
164 3735 290 3815 quippe
304 3749 384 3812 quoe
401 3731 501 3812 poilea
517 3732 648 3794 demum
666 3729 796 3814 subegit.
835 3731 877 3790 Et
893 3745 996 3794 tamen
1011 3735 1107 3794 etiam

76 3835 184 3897 Floruu
209 3847 242 3912 5,
260 3845 296 3909 5.
313 3833 358 3894 in.
379 3833 456 3893 dicit
470 3833 624 3894 Ponticas
637 3845 743 3912 gentes
759 3829 814 3892 sub
834 3830 897 3892 hoc
914 3832 1107 3904 Mithridate,

1 3927 2 3932 ¹
76 3949 103 3996 et
126 3937 199 3997 talie
225 3952 306 4016 ergo
331 3933 467 4016 intelligi
494 3934 590 3994 etiam
611 3933 724 4003 debet,
758 3933 813 4012 qui
842 3935 977 3994 occurrit
1001 3935 1107 3998 Actor.
1193 3957 1217 3986 m

76 4037 215 4118 Apostol.
232 4047 289 4112 ιδ,
307 4049 342 4096 o.
362 4025 536 4114 [harilao
561 4029 718 4108 Ποντικὸς
732 4031 784 4114 τῷ
798 4027 914 4117 γένει]
941 4035 992 4097 Sic
1006 4035 1107 4098 Tacit.

75 4141 186 4202 lunai.
211 4151 269 4216 15,
292 4155 347 4198 to.
368 4137 408 4198 de
425 4133 483 4197 illo
496 4134 599 4200 Ponto
616 4133 638 4198 l.
655 4135 797 4197 Ponticis
820 4134 864 4196 ita
879 4135 1037 4218 loquitur,
1071 4149 1107 4196 ut
