<?xml version="1.0" encoding="UTF-8"?>
<!DOCTYPE html PUBLIC "-//W3C//DTD XHTML 1.0 Transitional//EN"
    "http://www.w3.org/TR/xhtml1/DTD/xhtml1-transitional.dtd">
<html xmlns="http://www.w3.org/1999/xhtml" xml:lang="en" lang="en">
 <head>
  <title>
</title>
<meta http-equiv="Content-Type" content="text/html;charset=utf-8" />
  <meta name='ocr-system' content='tesseract 3.04.00' />
  <meta name='ocr-capabilities' content='ocr_page ocr_carea ocr_par ocr_line ocrx_word'/>
</head>
<body>
  <div class='ocr_page' id='page_1' title='image "./pomponiimelaede06melagoog_0045.png"; bbox 0 0 2828 4966; ppageno 0'>
   <div class='ocr_carea' id='block_1_1' title="bbox 53 239 1065 474">
    <p class='ocr_par' dir='ltr' id='par_1_1' title="bbox 53 239 1065 474">
     <span class='ocr_line' id='line_1_1' title="bbox 53 239 1065 474; baseline 0.01 -37"><span class='ocrx_word' id='word_1_1' title='bbox 53 239 60 474; x_wconf 64' lang='grc' dir='ltr'>Ι</span> <span class='ocrx_word' id='word_1_2' title='bbox 188 383 231 442; x_wconf 85' lang='lat' dir='ltr'>att</span> <span class='ocrx_word' id='word_1_3' title='bbox 260 385 393 444; x_wconf 81' lang='lat' dir='ltr'>aona.</span> <span class='ocrx_word' id='word_1_4' title='bbox 426 387 543 444; x_wconf 81' lang='lat' dir='ltr'>mat.</span> <span class='ocrx_word' id='word_1_5' title='bbox 585 387 664 443; x_wconf 71' lang='lat' dir='ltr'>nt.</span> <span class='ocrx_word' id='word_1_6' title='bbox 708 385 787 444; x_wconf 82' lang='lat' dir='ltr'>ot.</span> <span class='ocrx_word' id='word_1_7' title='bbox 829 387 908 458; x_wconf 73' lang='lat' dir='ltr'>aa.</span> <span class='ocrx_word' id='word_1_8' title='bbox 1022 405 1065 470; x_wconf 69' lang='lat'>35</span> 
     </span>
    </p>
   </div>
   <div class='ocr_carea' id='block_1_2' title="bbox 53 493 1065 2465">
    <p class='ocr_par' dir='ltr' id='par_1_2' title="bbox 53 493 1065 1150">
     <span class='ocr_line' id='line_1_2' title="bbox 53 493 1063 653; baseline 0.012 -33"><span class='ocrx_word' id='word_1_9' title='bbox 53 493 56 652; x_wconf 51' lang='grc' dir='ltr'><strong><em>μ</em></strong></span> <span class='ocrx_word' id='word_1_10' title='bbox 88 554 163 620; x_wconf 60' lang='lat' dir='ltr'>&amp;atra</span> <span class='ocrx_word' id='word_1_11' title='bbox 173 560 318 643; x_wconf 76' lang='lat' dir='ltr'>antipodes</span> <span class='ocrx_word' id='word_1_12' title='bbox 333 563 367 622; x_wconf 92' lang='lat' dir='ltr'>in</span> <span class='ocrx_word' id='word_1_13' title='bbox 385 562 493 623; x_wconf 86' lang='lat' dir='ltr'>altero</span> <span class='ocrx_word' id='word_1_14' title='bbox 513 557 745 642; x_wconf 83' lang='lat' dir='ltr'>hemisphaerio</span> <span class='ocrx_word' id='word_1_15' title='bbox 770 557 861 624; x_wconf 66' lang='lat' dir='ltr'>nuria*</span> <span class='ocrx_word' id='word_1_16' title='bbox 880 555 940 650; x_wconf 67' lang='lat' dir='ltr'>ripa</span> <span class='ocrx_word' id='word_1_17' title='bbox 960 553 1063 653; x_wconf 69' lang='grc' dir='ltr'><strong>αὖτὴν</strong></span> 
     </span>
     <span class='ocr_line' id='line_1_3' title="bbox 89 653 1064 750; baseline 0.014 -32"><span class='ocrx_word' id='word_1_18' title='bbox 89 653 200 744; x_wconf 70' lang='lat' dir='ltr'>luprrpar</span> <span class='ocrx_word' id='word_1_19' title='bbox 226 658 354 748; x_wconf 73' lang='grc' dir='ltr'>κείμενοι</span> <span class='ocrx_word' id='word_1_20' title='bbox 379 662 428 750; x_wconf 65' lang='grc' dir='ltr'>τῇ</span> <span class='ocrx_word' id='word_1_21' title='bbox 464 657 547 725; x_wconf 68' lang='grc' dir='ltr'>καθ’</span> <span class='ocrx_word' id='word_1_22' title='bbox 576 655 661 749; x_wconf 74' lang='grc' dir='ltr'>ἧμᾶς</span> <span class='ocrx_word' id='word_1_23' title='bbox 687 659 875 748; x_wconf 70' lang='grc' dir='ltr'><em>οἰκουμένη,</em></span> <span class='ocrx_word' id='word_1_24' title='bbox 915 666 1064 750; x_wconf 80' lang='lat' dir='ltr'>utsupra</span> 
     </span>
     <span class='ocr_line' id='line_1_4' title="bbox 89 759 1064 846; baseline 0.011 -24"><span class='ocrx_word' id='word_1_25' title='bbox 89 759 226 826; x_wconf 70' lang='lat' dir='ltr'>(lantes.</span> <span class='ocrx_word' id='word_1_26' title='bbox 265 762 314 826; x_wconf 84' lang='lat' dir='ltr'>Cl.</span> <span class='ocrx_word' id='word_1_27' title='bbox 331 763 464 826; x_wconf 75' lang='lat' dir='ltr'>Plinius</span> <span class='ocrx_word' id='word_1_28' title='bbox 482 783 510 826; x_wconf 87' lang='lat' dir='ltr'>c.</span> <span class='ocrx_word' id='word_1_29' title='bbox 528 763 549 826; x_wconf 91' lang='lat' dir='ltr'>l.</span> <span class='ocrx_word' id='word_1_30' title='bbox 573 775 606 824; x_wconf 86' lang='lat' dir='ltr'>et</span> <span class='ocrx_word' id='word_1_31' title='bbox 627 764 660 824; x_wconf 91' lang='lat' dir='ltr'>in</span> <span class='ocrx_word' id='word_1_32' title='bbox 682 765 794 846; x_wconf 84' lang='lat' dir='ltr'>primia</span> <span class='ocrx_word' id='word_1_33' title='bbox 813 763 985 830; x_wconf 73' lang='lat' dir='ltr'><strong>Martianus</strong></span> <span class='ocrx_word' id='word_1_34' title='bbox 1005 769 1064 832; x_wconf 84' lang='lat' dir='ltr'>Ca·</span> 
     </span>
     <span class='ocr_line' id='line_1_5' title="bbox 88 861 1065 948; baseline 0.017 -31"><span class='ocrx_word' id='word_1_35' title='bbox 88 861 182 940; x_wconf 67' lang='lat' dir='ltr'>pllalrl.</span> <span class='ocrx_word' id='word_1_36' title='bbox 197 867 226 928; x_wconf 85' lang='lat'>6.</span> <span class='ocrx_word' id='word_1_37' title='bbox 243 885 273 946; x_wconf 90' lang='lat' dir='ltr'>p.</span> <span class='ocrx_word' id='word_1_38' title='bbox 293 866 373 944; x_wconf 81' lang='lat'><strong>196.</strong></span> <span class='ocrx_word' id='word_1_39' title='bbox 397 868 456 947; x_wconf 86' lang='lat' dir='ltr'>qui</span> <span class='ocrx_word' id='word_1_40' title='bbox 474 864 513 924; x_wconf 87' lang='lat' dir='ltr'>ab</span> <span class='ocrx_word' id='word_1_41' title='bbox 528 865 566 926; x_wconf 87' lang='lat' dir='ltr'>iia</span> <span class='ocrx_word' id='word_1_42' title='bbox 580 865 745 946; x_wconf 72' lang='lat' dir='ltr'>antipodas</span> <span class='ocrx_word' id='word_1_43' title='bbox 762 865 971 948; x_wconf 85' lang='lat' dir='ltr'>explicatione</span> <span class='ocrx_word' id='word_1_44' title='bbox 985 867 1065 934; x_wconf 82' lang='lat' dir='ltr'>facta</span> 
     </span>
     <span class='ocr_line' id='line_1_6' title="bbox 88 961 1062 1052; baseline 0.015 -34"><span class='ocrx_word' id='word_1_45' title='bbox 88 961 204 1046; x_wconf 76' lang='lat' dir='ltr'>lilingoit.</span> <span class='ocrx_word' id='word_1_46' title='bbox 241 967 366 1028; x_wconf 81' lang='lat' dir='ltr'>Vaterea</span> <span class='ocrx_word' id='word_1_47' title='bbox 384 967 547 1034; x_wconf 84' lang='lat' dir='ltr'>omnino.</span> <span class='ocrx_word' id='word_1_48' title='bbox 574 967 659 1045; x_wconf 89' lang='lat' dir='ltr'>quod</span> <span class='ocrx_word' id='word_1_49' title='bbox 678 964 810 1050; x_wconf 81' lang='lat' dir='ltr'>cogabat</span> <span class='ocrx_word' id='word_1_50' title='bbox 826 969 871 1028; x_wconf 80' lang='lat' dir='ltr'>rai</span> <span class='ocrx_word' id='word_1_51' title='bbox 892 969 1062 1052; x_wconf 76' lang='lat' dir='ltr'><strong>ignoratio,</strong></span> 
     </span>
     <span class='ocr_line' id='line_1_7' title="bbox 85 1061 1062 1150; baseline 0.018 -33"><span class='ocrx_word' id='word_1_52' title='bbox 85 1061 226 1144; x_wconf 76' lang='lat' dir='ltr'>italaepeda</span> <span class='ocrx_word' id='word_1_53' title='bbox 243 1068 511 1130; x_wconf 85' lang='lat' dir='ltr'>antichthonibua</span> <span class='ocrx_word' id='word_1_54' title='bbox 533 1067 694 1146; x_wconf 83' lang='lat' dir='ltr'>loquutur,</span> <span class='ocrx_word' id='word_1_55' title='bbox 720 1079 757 1126; x_wconf 92' lang='lat' dir='ltr'>ut</span> <span class='ocrx_word' id='word_1_56' title='bbox 778 1085 859 1136; x_wconf 80' lang='lat' dir='ltr'>eam.</span> <span class='ocrx_word' id='word_1_57' title='bbox 886 1089 980 1150; x_wconf 89' lang='lat' dir='ltr'>quam</span> <span class='ocrx_word' id='word_1_58' title='bbox 1000 1092 1062 1136; x_wconf 88' lang='lat' dir='ltr'>noa</span> 
     </span>
    </p>

    <p class='ocr_par' dir='ltr' id='par_1_3' title="bbox 53 1164 1061 2465">
     <span class='ocr_line' id='line_1_8' title="bbox 53 1164 1061 1249; baseline 0.017 -28"><span class='ocrx_word' id='word_1_59' title='bbox 53 1169 54 1190; x_wconf 67' lang='lat'>¹</span> <span class='ocrx_word' id='word_1_60' title='bbox 84 1164 199 1228; x_wconf 83' lang='lat' dir='ltr'>loolimua</span> <span class='ocrx_word' id='word_1_61' title='bbox 211 1181 328 1236; x_wconf 87' lang='lat' dir='ltr'>terram,</span> <span class='ocrx_word' id='word_1_62' title='bbox 345 1169 393 1228; x_wconf 92' lang='lat' dir='ltr'>illi</span> <span class='ocrx_word' id='word_1_63' title='bbox 410 1169 592 1249; x_wconf 89' lang='lat' dir='ltr'>obponant.</span> <span class='ocrx_word' id='word_1_64' title='bbox 618 1169 670 1229; x_wconf 85' lang='lat' dir='ltr'>Sic</span> <span class='ocrx_word' id='word_1_65' title='bbox 681 1187 755 1228; x_wconf 88' lang='lat' dir='ltr'>cum</span> <span class='ocrx_word' id='word_1_66' title='bbox 770 1166 852 1230; x_wconf 86' lang='lat' dir='ltr'>Mela</span> <span class='ocrx_word' id='word_1_67' title='bbox 869 1169 982 1234; x_wconf 84' lang='lat' dir='ltr'>Cicero</span> <span class='ocrx_word' id='word_1_68' title='bbox 995 1193 1021 1236; x_wconf 89' lang='lat' dir='ltr'>c.</span> <span class='ocrx_word' id='word_1_69' title='bbox 1037 1175 1061 1238; x_wconf 88' lang='lat' dir='ltr'>l.</span> 
     </span>
     <span class='ocr_line' id='line_1_9' title="bbox 53 1265 1061 1354; baseline 0.017 -34"><span class='ocrx_word' id='word_1_70' title='bbox 53 1333 54 1344; x_wconf 21' lang='lat'>2</span> <span class='ocrx_word' id='word_1_71' title='bbox 83 1265 267 1352; x_wconf 76' lang='lat' dir='ltr'>olptlugorai</span> <span class='ocrx_word' id='word_1_72' title='bbox 286 1270 370 1350; x_wconf 87' lang='lat' dir='ltr'>apud</span> <span class='ocrx_word' id='word_1_73' title='bbox 395 1267 563 1330; x_wconf 81' lang='lat' dir='ltr'><strong>Plutarch.</strong></span> <span class='ocrx_word' id='word_1_74' title='bbox 588 1268 628 1330; x_wconf 84' lang='lat' dir='ltr'>dc</span> <span class='ocrx_word' id='word_1_75' title='bbox 655 1268 776 1349; x_wconf 73' lang='lat' dir='ltr'>placitis</span> <span class='ocrx_word' id='word_1_76' title='bbox 797 1269 1061 1354; x_wconf 78' lang='lat' dir='ltr'>philosophorum</span> 
     </span>
     <span class='ocr_line' id='line_1_10' title="bbox 53 1369 1061 1460; baseline 0.008 -32"><span class='ocrx_word' id='word_1_77' title='bbox 53 1385 54 1460; x_wconf 36' lang='grc' dir='ltr'>ζ</span> <span class='ocrx_word' id='word_1_78' title='bbox 84 1376 103 1438; x_wconf 76' lang='grc'>5.</span> <span class='ocrx_word' id='word_1_79' title='bbox 114 1383 136 1440; x_wconf 83' lang='grc'>9.</span> <span class='ocrx_word' id='word_1_80' title='bbox 151 1397 189 1411; x_wconf 90' lang='grc'><strong>-</strong></span> <span class='ocrx_word' id='word_1_81' title='bbox 209 1371 248 1430; x_wconf 87' lang='lat' dir='ltr'>ita</span> <span class='ocrx_word' id='word_1_82' title='bbox 269 1389 324 1432; x_wconf 85' lang='lat' dir='ltr'>eoa</span> <span class='ocrx_word' id='word_1_83' title='bbox 348 1371 529 1452; x_wconf 78' lang='lat' dir='ltr'>designant,</span> <span class='ocrx_word' id='word_1_84' title='bbox 560 1383 596 1428; x_wconf 89' lang='lat' dir='ltr'>ut</span> <span class='ocrx_word' id='word_1_85' title='bbox 616 1369 752 1430; x_wconf 84' lang='lat' dir='ltr'>anllralia</span> <span class='ocrx_word' id='word_1_86' title='bbox 774 1369 863 1452; x_wconf 81' lang='lat' dir='ltr'><strong>plaga</strong></span> <span class='ocrx_word' id='word_1_87' title='bbox 884 1385 915 1432; x_wconf 87' lang='lat' dir='ltr'>et</span> <span class='ocrx_word' id='word_1_88' title='bbox 934 1375 1061 1440; x_wconf 82' lang='lat' dir='ltr'>adversa</span> 
     </span>
     <span class='ocr_line' id='line_1_11' title="bbox 82 1465 1061 1558; baseline 0.019 -40"><span class='ocrx_word' id='word_1_89' title='bbox 82 1465 171 1549; x_wconf 77' lang='lat' dir='ltr'>nltip&#39;ia</span> <span class='ocrx_word' id='word_1_90' title='bbox 186 1471 285 1532; x_wconf 85' lang='lat' dir='ltr'>nustria</span> <span class='ocrx_word' id='word_1_91' title='bbox 303 1486 386 1533; x_wconf 85' lang='lat' dir='ltr'>tarra</span> <span class='ocrx_word' id='word_1_92' title='bbox 409 1471 551 1553; x_wconf 76' lang='lat' dir='ltr'>intelligi</span> <span class='ocrx_word' id='word_1_93' title='bbox 573 1465 677 1551; x_wconf 85' lang='lat' dir='ltr'>poffit.</span> <span class='ocrx_word' id='word_1_94' title='bbox 722 1467 773 1533; x_wconf 83' lang='lat' dir='ltr'>cf.</span> <span class='ocrx_word' id='word_1_95' title='bbox 793 1471 914 1554; x_wconf 84' lang='lat' dir='ltr'>Lipfiua</span> <span class='ocrx_word' id='word_1_96' title='bbox 931 1475 963 1534; x_wconf 91' lang='lat' dir='ltr'>in</span> <span class='ocrx_word' id='word_1_97' title='bbox 979 1478 1061 1558; x_wconf 82' lang='lat' dir='ltr'><strong>phy·</strong></span> 
     </span>
     <span class='ocr_line' id='line_1_12' title="bbox 82 1564 1060 1652; baseline 0.02 -32"><span class='ocrx_word' id='word_1_98' title='bbox 82 1564 161 1650; x_wconf 78' lang='lat' dir='ltr'>lalogia</span> <span class='ocrx_word' id='word_1_99' title='bbox 178 1571 301 1636; x_wconf 74' lang='lat' dir='ltr'>saniem,</span> <span class='ocrx_word' id='word_1_100' title='bbox 326 1589 360 1642; x_wconf 68' lang='grc' dir='ltr'>ῃ,</span> <span class='ocrx_word' id='word_1_101' title='bbox 390 1589 448 1650; x_wconf 85' lang='lat'>²9·</span> <span class='ocrx_word' id='word_1_102' title='bbox 478 1571 535 1631; x_wconf 90' lang='lat' dir='ltr'>ubi</span> <span class='ocrx_word' id='word_1_103' title='bbox 557 1573 688 1652; x_wconf 87' lang='lat' dir='ltr'>quidem</span> <span class='ocrx_word' id='word_1_104' title='bbox 711 1573 745 1631; x_wconf 92' lang='lat' dir='ltr'>in</span> <span class='ocrx_word' id='word_1_105' title='bbox 771 1571 854 1632; x_wconf 84' lang='lat' dir='ltr'>Mala</span> <span class='ocrx_word' id='word_1_106' title='bbox 876 1573 915 1635; x_wconf 83' lang='lat' dir='ltr'>da</span> <span class='ocrx_word' id='word_1_107' title='bbox 934 1575 1060 1642; x_wconf 79' lang='lat' dir='ltr'>adversa</span> 
     </span>
     <span class='ocr_line' id='line_1_13' title="bbox 53 1670 1060 1755; baseline 0.016 -30"><span class='ocrx_word' id='word_1_108' title='bbox 53 1751 54 1754; x_wconf 7' lang='grc' dir='ltr'><strong>Ἴ</strong></span> <span class='ocrx_word' id='word_1_109' title='bbox 81 1676 139 1736; x_wconf 82' lang='lat' dir='ltr'>tent,</span> <span class='ocrx_word' id='word_1_110' title='bbox 158 1670 188 1732; x_wconf 81' lang='lat' dir='ltr'>ala</span> <span class='ocrx_word' id='word_1_111' title='bbox 201 1674 341 1755; x_wconf 84' lang='lat' dir='ltr'>obpofito</span> <span class='ocrx_word' id='word_1_112' title='bbox 358 1672 459 1734; x_wconf 82' lang='lat' dir='ltr'>nobie</span> <span class='ocrx_word' id='word_1_113' title='bbox 473 1691 531 1734; x_wconf 86' lang='lat' dir='ltr'>axa</span> <span class='ocrx_word' id='word_1_114' title='bbox 545 1673 628 1754; x_wconf 87' lang='lat' dir='ltr'>apud</span> <span class='ocrx_word' id='word_1_115' title='bbox 646 1671 833 1735; x_wconf 82' lang='lat' dir='ltr'>Ciceronem</span> <span class='ocrx_word' id='word_1_116' title='bbox 851 1693 877 1736; x_wconf 90' lang='lat' dir='ltr'>c.</span> <span class='ocrx_word' id='word_1_117' title='bbox 893 1673 914 1737; x_wconf 93' lang='lat' dir='ltr'>l.</span> <span class='ocrx_word' id='word_1_118' title='bbox 936 1697 973 1738; x_wconf 85' lang='lat' dir='ltr'>ax</span> <span class='ocrx_word' id='word_1_119' title='bbox 990 1681 1060 1740; x_wconf 81' lang='lat' dir='ltr'>vul·</span> 
     </span>
     <span class='ocr_line' id='line_1_14' title="bbox 53 1771 1060 1854; baseline 0.017 -30"><span class='ocrx_word' id='word_1_120' title='bbox 53 1771 55 1846; x_wconf 56' lang='grc' dir='ltr'>ᾗ</span> <span class='ocrx_word' id='word_1_121' title='bbox 80 1771 116 1844; x_wconf 70' lang='lat' dir='ltr'>gat</span> <span class='ocrx_word' id='word_1_122' title='bbox 132 1773 235 1849; x_wconf 87' lang='lat' dir='ltr'>quidem</span> <span class='ocrx_word' id='word_1_123' title='bbox 258 1775 337 1837; x_wconf 85' lang='lat' dir='ltr'>olim</span> <span class='ocrx_word' id='word_1_124' title='bbox 365 1775 509 1836; x_wconf 87' lang='lat' dir='ltr'>lectione</span> <span class='ocrx_word' id='word_1_125' title='bbox 535 1774 680 1854; x_wconf 83' lang='lat' dir='ltr'>explicat.</span> <span class='ocrx_word' id='word_1_126' title='bbox 731 1773 780 1835; x_wconf 82' lang='lat' dir='ltr'>Ad</span> <span class='ocrx_word' id='word_1_127' title='bbox 803 1773 930 1838; x_wconf 79' lang='lat' dir='ltr'>australe</span> <span class='ocrx_word' id='word_1_128' title='bbox 959 1777 1060 1840; x_wconf 86' lang='lat' dir='ltr'>hemi-</span> 
     </span>
     <span class='ocr_line' id='line_1_15' title="bbox 80 1865 1061 1958; baseline 0.017 -33"><span class='ocrx_word' id='word_1_129' title='bbox 80 1865 200 1944; x_wconf 78' lang='lat' dir='ltr'>lplurium</span> <span class='ocrx_word' id='word_1_130' title='bbox 213 1875 273 1958; x_wconf 80' lang='lat' dir='ltr'>ipse</span> <span class='ocrx_word' id='word_1_131' title='bbox 290 1877 377 1936; x_wconf 82' lang='lat' dir='ltr'>Mala</span> <span class='ocrx_word' id='word_1_132' title='bbox 396 1877 488 1936; x_wconf 89' lang='lat' dir='ltr'>ducit</span> <span class='ocrx_word' id='word_1_133' title='bbox 502 1875 535 1934; x_wconf 90' lang='lat' dir='ltr'>in</span> <span class='ocrx_word' id='word_1_134' title='bbox 551 1875 662 1956; x_wconf 83' lang='lat' dir='ltr'>primia</span> <span class='ocrx_word' id='word_1_135' title='bbox 682 1893 709 1944; x_wconf 85' lang='grc' dir='ltr'>ι,</span> <span class='ocrx_word' id='word_1_136' title='bbox 727 1892 761 1954; x_wconf 87' lang='lat'>9.</span> <span class='ocrx_word' id='word_1_137' title='bbox 798 1875 863 1958; x_wconf 88' lang='lat' dir='ltr'>Qui</span> <span class='ocrx_word' id='word_1_138' title='bbox 880 1879 1061 1942; x_wconf 86' lang='lat' dir='ltr'>antichtho-</span> 
     </span>
     <span class='ocr_line' id='line_1_16' title="bbox 53 1971 1061 2060; baseline 0.016 -34"><span class='ocrx_word' id='word_1_139' title='bbox 53 1997 55 2054; x_wconf 34' lang='grc' dir='ltr'>ὗ</span> <span class='ocrx_word' id='word_1_140' title='bbox 79 1987 109 2026; x_wconf 83' lang='lat' dir='ltr'>tu</span> <span class='ocrx_word' id='word_1_141' title='bbox 124 1971 151 2031; x_wconf 88' lang='lat' dir='ltr'>ab</span> <span class='ocrx_word' id='word_1_142' title='bbox 167 1979 293 2040; x_wconf 73' lang='lat' dir='ltr'>antoecis</span> <span class='ocrx_word' id='word_1_143' title='bbox 312 1975 538 2060; x_wconf 80' lang='lat' dir='ltr'>distinguunt,</span> <span class='ocrx_word' id='word_1_144' title='bbox 570 1988 607 2034; x_wconf 91' lang='lat' dir='ltr'>ut</span> <span class='ocrx_word' id='word_1_145' title='bbox 627 1975 766 2038; x_wconf 83' lang='lat' dir='ltr'>Achillea</span> <span class='ocrx_word' id='word_1_146' title='bbox 781 1977 896 2039; x_wconf 77' lang='lat' dir='ltr'>Tatius</span> <span class='ocrx_word' id='word_1_147' title='bbox 919 1980 952 2039; x_wconf 88' lang='lat' dir='ltr'>iu</span> <span class='ocrx_word' id='word_1_148' title='bbox 973 1981 1061 2042; x_wconf 82' lang='lat' dir='ltr'>Arati</span> 
     </span>
     <span class='ocr_line' id='line_1_17' title="bbox 53 2059 1060 2160; baseline 0.017 -34"><span class='ocrx_word' id='word_1_149' title='bbox 53 2059 54 2138; x_wconf 56' lang='grc' dir='ltr'>ἶ</span> <span class='ocrx_word' id='word_1_150' title='bbox 78 2067 235 2145; x_wconf 75' lang='lat' dir='ltr'>phaenomena</span> <span class='ocrx_word' id='word_1_151' title='bbox 253 2099 285 2160; x_wconf 89' lang='lat' dir='ltr'>p.</span> <span class='ocrx_word' id='word_1_152' title='bbox 309 2099 320 2137; x_wconf 84' lang='lat' dir='ltr'>a</span> <span class='ocrx_word' id='word_1_153' title='bbox 331 2091 395 2155; x_wconf 82' lang='lat'>55.</span> <span class='ocrx_word' id='word_1_154' title='bbox 424 2077 471 2160; x_wconf 83' lang='lat' dir='ltr'>(in</span> <span class='ocrx_word' id='word_1_155' title='bbox 491 2077 617 2138; x_wconf 86' lang='lat' dir='ltr'>Patavii</span> <span class='ocrx_word' id='word_1_156' title='bbox 634 2072 779 2156; x_wconf 87' lang='lat' dir='ltr'>Uranol.)</span> <span class='ocrx_word' id='word_1_157' title='bbox 801 2077 860 2138; x_wconf 86' lang='lat' dir='ltr'>hoa</span> <span class='ocrx_word' id='word_1_158' title='bbox 877 2077 1060 2146; x_wconf 81' lang='lat' dir='ltr'>borealibua</span> 
     </span>
     <span class='ocr_line' id='line_1_18' title="bbox 79 2168 1059 2256; baseline 0.009 -18"><span class='ocrx_word' id='word_1_159' title='bbox 79 2168 187 2250; x_wconf 61' lang='lat' dir='ltr'>abarana</span> <span class='ocrx_word' id='word_1_160' title='bbox 211 2177 329 2241; x_wconf 82' lang='lat' dir='ltr'>faciunt</span> <span class='ocrx_word' id='word_1_161' title='bbox 353 2197 458 2240; x_wconf 88' lang='lat' dir='ltr'>zonae</span> <span class='ocrx_word' id='word_1_162' title='bbox 488 2177 624 2239; x_wconf 89' lang='lat' dir='ltr'>australia</span> <span class='ocrx_word' id='word_1_163' title='bbox 649 2179 784 2249; x_wconf 63' lang='lat' dir='ltr'>incolam</span> <span class='ocrx_word' id='word_1_164' title='bbox 824 2181 1059 2256; x_wconf 87' lang='lat' dir='ltr'>antichthonaa,</span> 
     </span>
     <span class='ocr_line' id='line_1_19' title="bbox 79 2274 1061 2366; baseline 0.012 -32"><span class='ocrx_word' id='word_1_165' title='bbox 79 2274 111 2346; x_wconf 77' lang='lat' dir='ltr'>qni</span> <span class='ocrx_word' id='word_1_166' title='bbox 126 2294 152 2335; x_wconf 83' lang='lat' dir='ltr'>er</span> <span class='ocrx_word' id='word_1_167' title='bbox 169 2277 310 2343; x_wconf 86' lang='lat' dir='ltr'>diametro</span> <span class='ocrx_word' id='word_1_168' title='bbox 338 2280 499 2340; x_wconf 78' lang='lat' dir='ltr'>similibus</span> <span class='ocrx_word' id='word_1_169' title='bbox 521 2280 555 2340; x_wconf 90' lang='lat' dir='ltr'>in</span> <span class='ocrx_word' id='word_1_170' title='bbox 577 2279 668 2342; x_wconf 79' lang='lat' dir='ltr'>zonis</span> <span class='ocrx_word' id='word_1_171' title='bbox 695 2278 855 2352; x_wconf 85' lang='lat' dir='ltr'>habitaut;</span> <span class='ocrx_word' id='word_1_172' title='bbox 888 2285 974 2362; x_wconf 89' lang='lat' dir='ltr'>quod</span> <span class='ocrx_word' id='word_1_173' title='bbox 994 2285 1061 2366; x_wconf 86' lang='lat' dir='ltr'>qui·</span> 
     </span>
     <span class='ocr_line' id='line_1_20' title="bbox 79 2367 552 2465; baseline 0.036 -39"><span class='ocrx_word' id='word_1_174' title='bbox 79 2367 122 2431; x_wconf 82' lang='lat' dir='ltr'>luo</span> <span class='ocrx_word' id='word_1_175' title='bbox 137 2377 163 2436; x_wconf 88' lang='lat' dir='ltr'>in</span> <span class='ocrx_word' id='word_1_176' title='bbox 180 2379 256 2443; x_wconf 82' lang='lat' dir='ltr'>llela</span> <span class='ocrx_word' id='word_1_177' title='bbox 274 2383 411 2465; x_wconf 84' lang='lat' dir='ltr'>probari</span> <span class='ocrx_word' id='word_1_178' title='bbox 432 2381 552 2463; x_wconf 84' lang='lat' dir='ltr'>nequit.</span> 
     </span>
    </p>
   </div>
   <div class='ocr_carea' id='block_1_3' title="bbox 76 2528 1061 3620">
    <p class='ocr_par' dir='ltr' id='par_1_4' title="bbox 76 2528 1061 3620">
     <span class='ocr_line' id='line_1_21' title="bbox 119 2528 1060 2615; baseline 0.007 -25"><span class='ocrx_word' id='word_1_179' title='bbox 119 2528 262 2612; x_wconf 79' lang='lat' dir='ltr'>plagae)</span> <span class='ocrx_word' id='word_1_180' title='bbox 313 2533 414 2593; x_wconf 89' lang='lat' dir='ltr'>Hanc</span> <span class='ocrx_word' id='word_1_181' title='bbox 435 2551 550 2594; x_wconf 83' lang='lat' dir='ltr'>vocem</span> <span class='ocrx_word' id='word_1_182' title='bbox 572 2531 686 2615; x_wconf 86' lang='lat' dir='ltr'>elegit,</span> <span class='ocrx_word' id='word_1_183' title='bbox 712 2531 863 2612; x_wconf 88' lang='lat' dir='ltr'>quoniam</span> <span class='ocrx_word' id='word_1_184' title='bbox 884 2532 990 2594; x_wconf 86' lang='lat' dir='ltr'>Latini</span> <span class='ocrx_word' id='word_1_185' title='bbox 1012 2535 1060 2598; x_wconf 84' lang='lat' dir='ltr'>vi·</span> 
     </span>
     <span class='ocr_line' id='line_1_22' title="bbox 77 2619 1058 2716; baseline 0.008 -28"><span class='ocrx_word' id='word_1_186' title='bbox 77 2619 151 2688; x_wconf 69' lang='lat' dir='ltr'>lutat</span> <span class='ocrx_word' id='word_1_187' title='bbox 159 2635 271 2716; x_wconf 82' lang='lat' dir='ltr'>propria</span> <span class='ocrx_word' id='word_1_188' title='bbox 289 2632 450 2714; x_wconf 80' lang='lat' dir='ltr'>usurpalle</span> <span class='ocrx_word' id='word_1_189' title='bbox 466 2633 526 2694; x_wconf 89' lang='lat' dir='ltr'>hoc</span> <span class='ocrx_word' id='word_1_190' title='bbox 539 2633 739 2700; x_wconf 83' lang='lat' dir='ltr'>vocabulum.</span> <span class='ocrx_word' id='word_1_191' title='bbox 757 2645 802 2703; x_wconf 88' lang='lat' dir='ltr'>ut,</span> <span class='ocrx_word' id='word_1_192' title='bbox 819 2633 903 2713; x_wconf 79' lang='lat' dir='ltr'>qnod</span> <span class='ocrx_word' id='word_1_193' title='bbox 924 2631 1058 2716; x_wconf 83' lang='lat' dir='ltr'>spatium</span> 
     </span>
     <span class='ocr_line' id='line_1_23' title="bbox 77 2721 1061 2815; baseline 0.013 -29"><span class='ocrx_word' id='word_1_194' title='bbox 77 2721 94 2778; x_wconf 72' lang='lat' dir='ltr'>{a</span> <span class='ocrx_word' id='word_1_195' title='bbox 108 2731 174 2791; x_wconf 86' lang='lat' dir='ltr'>coelo</span> <span class='ocrx_word' id='word_1_196' title='bbox 195 2737 436 2815; x_wconf 81' lang='lat' dir='ltr'>appellaverunt</span> <span class='ocrx_word' id='word_1_197' title='bbox 459 2754 587 2802; x_wconf 81' lang='lat' dir='ltr'>zonam,</span> <span class='ocrx_word' id='word_1_198' title='bbox 613 2735 645 2794; x_wconf 92' lang='lat' dir='ltr'>id</span> <span class='ocrx_word' id='word_1_199' title='bbox 669 2734 701 2792; x_wconf 93' lang='lat' dir='ltr'>in</span> <span class='ocrx_word' id='word_1_200' title='bbox 726 2745 804 2793; x_wconf 83' lang='lat' dir='ltr'>terra</span> <span class='ocrx_word' id='word_1_201' title='bbox 824 2731 960 2796; x_wconf 81' lang='lat' dir='ltr'>subiecta</span> <span class='ocrx_word' id='word_1_202' title='bbox 974 2737 1061 2798; x_wconf 81' lang='lat' dir='ltr'>dixe·</span> 
     </span>
     <span class='ocr_line' id='line_1_24' title="bbox 76 2819 1061 2918; baseline 0.005 -23"><span class='ocrx_word' id='word_1_203' title='bbox 76 2819 111 2886; x_wconf 63' lang='lat' dir='ltr'>lut</span> <span class='ocrx_word' id='word_1_204' title='bbox 125 2831 244 2913; x_wconf 78' lang='lat' dir='ltr'>plagam.</span> <span class='ocrx_word' id='word_1_205' title='bbox 295 2837 334 2896; x_wconf 85' lang='lat' dir='ltr'>ld</span> <span class='ocrx_word' id='word_1_206' title='bbox 356 2835 447 2916; x_wconf 88' lang='lat' dir='ltr'>qnod</span> <span class='ocrx_word' id='word_1_207' title='bbox 472 2834 576 2918; x_wconf 85' lang='lat' dir='ltr'>colligi</span> <span class='ocrx_word' id='word_1_208' title='bbox 592 2834 671 2896; x_wconf 88' lang='lat' dir='ltr'>clara</span> <span class='ocrx_word' id='word_1_209' title='bbox 691 2832 791 2914; x_wconf 85' lang='lat' dir='ltr'>potest</span> <span class='ocrx_word' id='word_1_210' title='bbox 812 2853 849 2894; x_wconf 84' lang='lat' dir='ltr'>ax</span> <span class='ocrx_word' id='word_1_211' title='bbox 873 2833 970 2897; x_wconf 88' lang='lat' dir='ltr'><strong>Ovid.</strong></span> <span class='ocrx_word' id='word_1_212' title='bbox 990 2837 1061 2900; x_wconf 87' lang='lat' dir='ltr'>Ma·</span> 
     </span>
     <span class='ocr_line' id='line_1_25' title="bbox 78 2931 1059 3016; baseline 0.005 -22"><span class='ocrx_word' id='word_1_213' title='bbox 78 2937 119 2987; x_wconf 58' lang='lat'>212·</span> <span class='ocrx_word' id='word_1_214' title='bbox 135 2953 157 3000; x_wconf 86' lang='lat'>1.</span> <span class='ocrx_word' id='word_1_215' title='bbox 170 2947 223 3012; x_wconf 70' lang='lat'>48.</span> <span class='ocrx_word' id='word_1_216' title='bbox 247 2937 304 2996; x_wconf 90' lang='lat' dir='ltr'>ubi</span> <span class='ocrx_word' id='word_1_217' title='bbox 323 2955 401 2996; x_wconf 85' lang='lat' dir='ltr'>cunr</span> <span class='ocrx_word' id='word_1_218' title='bbox 423 2935 563 2996; x_wconf 75' lang='lat' dir='ltr'>dixisset:</span> <span class='ocrx_word' id='word_1_219' title='bbox 590 2947 685 3016; x_wconf 78' lang='lat' dir='ltr'>utque</span> <span class='ocrx_word' id='word_1_220' title='bbox 706 2931 788 2994; x_wconf 80' lang='lat' dir='ltr'>duaa</span> <span class='ocrx_word' id='word_1_221' title='bbox 808 2933 923 2994; x_wconf 79' lang='lat' dir='ltr'>dextra</span> <span class='ocrx_word' id='word_1_222' title='bbox 940 2937 1059 2999; x_wconf 86' lang='lat' dir='ltr'>coelum</span> 
     </span>
     <span class='ocr_line' id='line_1_26' title="bbox 77 3028 1059 3129; baseline 0.018 -47"><span class='ocrx_word' id='word_1_223' title='bbox 77 3029 210 3116; x_wconf 68' lang='lat' dir='ltr'>utilemque</span> <span class='ocrx_word' id='word_1_224' title='bbox 218 3033 359 3129; x_wconf 70' lang='lat' dir='ltr'>finssra</span> <span class='ocrx_word' id='word_1_225' title='bbox 381 3037 482 3096; x_wconf 80' lang='lat' dir='ltr'>Parte</span> <span class='ocrx_word' id='word_1_226' title='bbox 490 3028 605 3124; x_wconf 78' lang='lat' dir='ltr'>secant</span> <span class='ocrx_word' id='word_1_227' title='bbox 627 3055 740 3104; x_wconf 78' lang='lat' dir='ltr'>auriae,</span> <span class='ocrx_word' id='word_1_228' title='bbox 764 3035 887 3094; x_wconf 78' lang='lat' dir='ltr'>adiicit:</span> <span class='ocrx_word' id='word_1_229' title='bbox 913 3038 1059 3100; x_wconf 83' lang='lat' dir='ltr'>totidem·</span> 
     </span>
     <span class='ocr_line' id='line_1_27' title="bbox 77 3133 1061 3216; baseline 0.003 -19"><span class='ocrx_word' id='word_1_230' title='bbox 77 3145 107 3197; x_wconf 65' lang='lat' dir='ltr'>qu</span> <span class='ocrx_word' id='word_1_231' title='bbox 122 3133 215 3214; x_wconf 77' lang='lat' dir='ltr'>plagae</span> <span class='ocrx_word' id='word_1_232' title='bbox 237 3140 347 3198; x_wconf 80' lang='lat' dir='ltr'>tellure</span> <span class='ocrx_word' id='word_1_233' title='bbox 375 3151 570 3216; x_wconf 81' lang='lat' dir='ltr'>premuntur.</span> <span class='ocrx_word' id='word_1_234' title='bbox 618 3137 703 3196; x_wconf 90' lang='lat' dir='ltr'>Hinc</span> <span class='ocrx_word' id='word_1_235' title='bbox 725 3155 849 3216; x_wconf 86' lang='lat' dir='ltr'>quoque</span> <span class='ocrx_word' id='word_1_236' title='bbox 869 3136 946 3196; x_wconf 85' lang='lat' dir='ltr'>dicit</span> <span class='ocrx_word' id='word_1_237' title='bbox 972 3139 1061 3199; x_wconf 85' lang='lat' dir='ltr'>lulli·</span> 
     </span>
     <span class='ocr_line' id='line_1_28' title="bbox 76 3230 1056 3326; baseline 0.008 -32"><span class='ocrx_word' id='word_1_238' title='bbox 76 3245 165 3310; x_wconf 62' lang='lat'>12542,</span> <span class='ocrx_word' id='word_1_239' title='bbox 185 3253 215 3316; x_wconf 75' lang='lat'>3,</span> <span class='ocrx_word' id='word_1_240' title='bbox 237 3253 270 3301; x_wconf 72' lang='grc' dir='ltr'>Ω.</span> <span class='ocrx_word' id='word_1_241' title='bbox 303 3237 535 3300; x_wconf 79' lang='lat' dir='ltr'>Mithridatem</span> <span class='ocrx_word' id='word_1_242' title='bbox 558 3258 625 3296; x_wconf 84' lang='lat' dir='ltr'>eom</span> <span class='ocrx_word' id='word_1_243' title='bbox 647 3235 723 3296; x_wconf 82' lang='lat' dir='ltr'>coeli</span> <span class='ocrx_word' id='word_1_244' title='bbox 743 3236 874 3316; x_wconf 83' lang='lat' dir='ltr'>plagam</span> <span class='ocrx_word' id='word_1_245' title='bbox 895 3230 1056 3326; x_wconf 81' lang='lat' dir='ltr'>dumuiffc.</span> 
     </span>
     <span class='ocr_line' id='line_1_29' title="bbox 77 3336 1061 3428; baseline 0.007 -34"><span class='ocrx_word' id='word_1_246' title='bbox 77 3341 264 3401; x_wconf 50' lang='lat' dir='ltr'>ittoaovrva</span> <span class='ocrx_word' id='word_1_247' title='bbox 285 3337 369 3400; x_wconf 78' lang='lat' dir='ltr'>MS.</span> <span class='ocrx_word' id='word_1_248' title='bbox 425 3336 575 3428; x_wconf 74' lang='lat' dir='ltr'>coelestes</span> <span class='ocrx_word' id='word_1_249' title='bbox 597 3351 703 3398; x_wconf 77' lang='lat' dir='ltr'>tantan</span> <span class='ocrx_word' id='word_1_250' title='bbox 724 3337 820 3398; x_wconf 85' lang='lat' dir='ltr'>etiam</span> <span class='ocrx_word' id='word_1_251' title='bbox 843 3336 957 3417; x_wconf 83' lang='lat' dir='ltr'>plagas</span> <span class='ocrx_word' id='word_1_252' title='bbox 980 3340 1061 3402; x_wconf 83' lang='lat' dir='ltr'>dixit</span> 
     </span>
     <span class='ocr_line' id='line_1_30' title="bbox 77 3429 1058 3518; baseline 0.013 -28"><span class='ocrx_word' id='word_1_253' title='bbox 77 3429 257 3503; x_wconf 65' lang='lat' dir='ltr'>Eleaticum.</span> <span class='ocrx_word' id='word_1_254' title='bbox 282 3457 340 3506; x_wconf 72' lang='grc' dir='ltr'>ιας</span> <span class='ocrx_word' id='word_1_255' title='bbox 358 3449 417 3516; x_wconf 75' lang='grc' dir='ltr'>4ο.</span> <span class='ocrx_word' id='word_1_256' title='bbox 446 3453 482 3498; x_wconf 90' lang='lat' dir='ltr'>ut</span> <span class='ocrx_word' id='word_1_257' title='bbox 503 3437 610 3518; x_wconf 78' lang='lat' dir='ltr'>pallam</span> <span class='ocrx_word' id='word_1_258' title='bbox 632 3439 684 3498; x_wconf 87' lang='lat' dir='ltr'>alii</span> <span class='ocrx_word' id='word_1_259' title='bbox 705 3436 743 3500; x_wconf 84' lang='lat' dir='ltr'>fic</span> <span class='ocrx_word' id='word_1_260' title='bbox 765 3456 880 3502; x_wconf 85' lang='lat' dir='ltr'>vocem</span> <span class='ocrx_word' id='word_1_261' title='bbox 896 3437 1058 3516; x_wconf 84' lang='lat' dir='ltr'>adhibent,</span> 
     </span>
     <span class='ocr_line' id='line_1_31' title="bbox 78 3536 730 3620; baseline 0.023 -34"><span class='ocrx_word' id='word_1_262' title='bbox 78 3536 126 3604; x_wconf 73' lang='lat' dir='ltr'>pud</span> <span class='ocrx_word' id='word_1_263' title='bbox 139 3539 165 3596; x_wconf 83' lang='lat' dir='ltr'>lit</span> <span class='ocrx_word' id='word_1_264' title='bbox 178 3560 228 3620; x_wconf 85' lang='lat' dir='ltr'>per</span> <span class='ocrx_word' id='word_1_265' title='bbox 242 3561 431 3602; x_wconf 85' lang='lat' dir='ltr'>conrrexuua</span> <span class='ocrx_word' id='word_1_266' title='bbox 446 3561 551 3602; x_wconf 84' lang='lat' dir='ltr'>rerum</span> <span class='ocrx_word' id='word_1_267' title='bbox 567 3540 730 3601; x_wconf 78' lang='lat' dir='ltr'>similium.</span> 
     </span>
    </p>
   </div>
   <div class='ocr_carea' id='block_1_4' title="bbox 53 3679 1059 4260">
    <p class='ocr_par' dir='ltr' id='par_1_5' title="bbox 53 3679 1059 3774">
     <span class='ocr_line' id='line_1_32' title="bbox 53 3679 1059 3774; baseline 0.005 -27"><span class='ocrx_word' id='word_1_268' title='bbox 53 3743 55 3770; x_wconf 68' lang='lat'>‚</span> <span class='ocrx_word' id='word_1_269' title='bbox 119 3687 364 3772; x_wconf 79' lang='lat' dir='ltr'>incognitus)</span> <span class='ocrx_word' id='word_1_270' title='bbox 415 3692 538 3751; x_wconf 85' lang='lat' dir='ltr'>Tamen</span> <span class='ocrx_word' id='word_1_271' title='bbox 560 3689 614 3751; x_wconf 88' lang='lat' dir='ltr'>lib.</span> <span class='ocrx_word' id='word_1_272' title='bbox 639 3703 671 3768; x_wconf 80' lang='lat'>3.</span> <span class='ocrx_word' id='word_1_273' title='bbox 696 3681 739 3774; x_wconf 89' lang='lat' dir='ltr'>[c.</span> <span class='ocrx_word' id='word_1_274' title='bbox 759 3703 792 3758; x_wconf 79' lang='lat'>7,</span> <span class='ocrx_word' id='word_1_275' title='bbox 810 3679 867 3772; x_wconf 89' lang='lat'>7.]</span> <span class='ocrx_word' id='word_1_276' title='bbox 899 3689 1059 3770; x_wconf 85' lang='lat' dir='ltr'>Taproba-</span> 
     </span>
    </p>

    <p class='ocr_par' dir='ltr' id='par_1_6' title="bbox 78 3789 1058 3872">
     <span class='ocr_line' id='line_1_33' title="bbox 78 3789 1058 3872; baseline 0.004 -21"><span class='ocrx_word' id='word_1_277' title='bbox 78 3799 120 3844; x_wconf 80' lang='lat' dir='ltr'>nn</span> <span class='ocrx_word' id='word_1_278' title='bbox 135 3795 267 3872; x_wconf 69' lang='lat' dir='ltr'>pandam</span> <span class='ocrx_word' id='word_1_279' title='bbox 284 3791 421 3854; x_wconf 79' lang='lat' dir='ltr'>infulam</span> <span class='ocrx_word' id='word_1_280' title='bbox 439 3792 497 3852; x_wconf 82' lang='lat' dir='ltr'>elle</span> <span class='ocrx_word' id='word_1_281' title='bbox 513 3793 604 3862; x_wconf 91' lang='lat' dir='ltr'>dicit,</span> <span class='ocrx_word' id='word_1_282' title='bbox 627 3804 660 3852; x_wconf 88' lang='lat' dir='ltr'>et</span> <span class='ocrx_word' id='word_1_283' title='bbox 674 3811 711 3852; x_wconf 86' lang='lat' dir='ltr'>ax</span> <span class='ocrx_word' id='word_1_284' title='bbox 728 3789 899 3869; x_wconf 85' lang='lat' dir='ltr'>Hipparchi</span> <span class='ocrx_word' id='word_1_285' title='bbox 921 3790 1058 3855; x_wconf 87' lang='lat' dir='ltr'>tellimo·</span> 
     </span>
    </p>

    <p class='ocr_par' dir='ltr' id='par_1_7' title="bbox 53 3867 1054 3976">
     <span class='ocr_line' id='line_1_34' title="bbox 53 3867 1054 3976; baseline 0.021 -43"><span class='ocrx_word' id='word_1_286' title='bbox 53 3867 54 3944; x_wconf 75' lang='lat' dir='ltr'>l</span> <span class='ocrx_word' id='word_1_287' title='bbox 80 3883 108 3938; x_wconf 72' lang='lat' dir='ltr'>uo</span> <span class='ocrx_word' id='word_1_288' title='bbox 121 3893 231 3966; x_wconf 80' lang='lat' dir='ltr'>primam</span> <span class='ocrx_word' id='word_1_289' title='bbox 251 3909 378 3976; x_wconf 82' lang='lat' dir='ltr'>partam</span> <span class='ocrx_word' id='word_1_290' title='bbox 401 3893 486 3954; x_wconf 85' lang='lat' dir='ltr'>urbia</span> <span class='ocrx_word' id='word_1_291' title='bbox 507 3893 642 3953; x_wconf 81' lang='lat' dir='ltr'>alterius.</span> <span class='ocrx_word' id='word_1_292' title='bbox 679 3893 712 3952; x_wconf 84' lang='lat' dir='ltr'>si</span> <span class='ocrx_word' id='word_1_293' title='bbox 730 3893 814 3951; x_wconf 82' lang='lat' dir='ltr'>orbis</span> <span class='ocrx_word' id='word_1_294' title='bbox 835 3891 959 3951; x_wconf 84' lang='lat' dir='ltr'>alterius</span> <span class='ocrx_word' id='word_1_295' title='bbox 984 3893 1004 3952; x_wconf 90' lang='lat' dir='ltr'>i.</span> <span class='ocrx_word' id='word_1_296' title='bbox 1024 3911 1054 3958; x_wconf 87' lang='lat' dir='ltr'>e.</span> 
     </span>
    </p>

    <p class='ocr_par' dir='ltr' id='par_1_8' title="bbox 53 3967 1057 4075">
     <span class='ocr_line' id='line_1_35' title="bbox 53 3967 1057 4075; baseline 0.003 -26"><span class='ocrx_word' id='word_1_297' title='bbox 53 3967 54 4050; x_wconf 76' lang='lat' dir='ltr'>l</span> <span class='ocrx_word' id='word_1_298' title='bbox 80 3989 140 4049; x_wconf 59' lang='lat' dir='ltr'>dvult</span> <span class='ocrx_word' id='word_1_299' title='bbox 159 3995 295 4069; x_wconf 77' lang='lat' dir='ltr'>austrini,</span> <span class='ocrx_word' id='word_1_300' title='bbox 338 3994 503 4074; x_wconf 83' lang='lat' dir='ltr'>temperati</span> <span class='ocrx_word' id='word_1_301' title='bbox 530 4014 598 4075; x_wconf 86' lang='lat' dir='ltr'>para</span> <span class='ocrx_word' id='word_1_302' title='bbox 623 3993 740 4074; x_wconf 86' lang='lat' dir='ltr'>prima,</span> <span class='ocrx_word' id='word_1_303' title='bbox 776 4011 831 4052; x_wconf 90' lang='lat' dir='ltr'>cur</span> <span class='ocrx_word' id='word_1_304' title='bbox 858 3991 1057 4075; x_wconf 86' lang='lat' dir='ltr'>incognitam</span> 
     </span>
    </p>

    <p class='ocr_par' dir='ltr' id='par_1_9' title="bbox 54 4091 1054 4260">
     <span class='ocr_line' id='line_1_36' title="bbox 54 4091 1054 4182; baseline 0.002 -26"><span class='ocrx_word' id='word_1_305' title='bbox 54 4099 162 4156; x_wconf 55' lang='lat' dir='ltr'>summ</span> <span class='ocrx_word' id='word_1_306' title='bbox 181 4115 291 4160; x_wconf 82' lang='lat' dir='ltr'>aonam</span> <span class='ocrx_word' id='word_1_307' title='bbox 325 4111 534 4182; x_wconf 83' lang='lat' dir='ltr'>temperatam</span> <span class='ocrx_word' id='word_1_308' title='bbox 559 4095 644 4158; x_wconf 85' lang='lat' dir='ltr'>Mela</span> <span class='ocrx_word' id='word_1_309' title='bbox 669 4092 788 4178; x_wconf 73' lang='lat' dir='ltr'>negas?</span> <span class='ocrx_word' id='word_1_310' title='bbox 836 4091 974 4156; x_wconf 82' lang='lat' dir='ltr'>sivero</span> <span class='ocrx_word' id='word_1_311' title='bbox 1001 4094 1054 4167; x_wconf 84' lang='lat' dir='ltr'>all,</span> 
     </span>
     <span class='ocr_line' id='line_1_37' title="bbox 671 4195 749 4260; baseline 0 0"><span class='ocrx_word' id='word_1_312' title='bbox 671 4195 700 4260; x_wconf 81' lang='lat' dir='ltr'>C</span> <span class='ocrx_word' id='word_1_313' title='bbox 726 4208 749 4260; x_wconf 79' lang='lat'><em>2</em></span> 
     </span>
    </p>
   </div>
   <div class='ocr_carea' id='block_1_5' title="bbox 53 4323 55 4452">
    <p class='ocr_par' dir='ltr' id='par_1_10' title="bbox 53 4323 55 4452">
     <span class='ocr_line' id='line_1_38' title="bbox 53 4323 55 4386; baseline 0 0"><span class='ocrx_word' id='word_1_314' title='bbox 53 4323 55 4386; x_wconf 87' lang='lat' dir='ltr'>l</span> 
     </span>
     <span class='ocr_line' id='line_1_39' title="bbox 53 4403 54 4452; baseline 0 0"><span class='ocrx_word' id='word_1_315' title='bbox 53 4403 54 4452; x_wconf 80' lang='lat' dir='ltr'>t</span> 
     </span>
    </p>
   </div>
   <div class='ocr_carea' id='block_1_6' title="bbox 0 0 1418 4966">
    <p class='ocr_par' dir='ltr' id='par_1_11' title="bbox 0 0 1418 4966">
     <span class='ocr_line' id='line_1_40' title="bbox 0 0 1418 4966; baseline 0 4"><span class='ocrx_word' id='word_1_316' title='bbox 0 0 1418 4966; x_wconf 95' lang='lat' dir='ltr'> </span> 
     </span>
    </p>
   </div>
  </div>
 </body>
</html>
