2852 4946
206 451 560 512 tritomum.
601 453 682 508 Lt.
723 451 841 511 exn.
882 449 961 522 M·
1042 463 1105 530 595

63 629 118 692 hic
137 625 310 690 Amanirlea
328 639 436 710 portae
451 619 651 712 potissimum
674 625 823 688 constitui
840 619 975 709 poffint.
1000 637 1107 689 aucto·

65 751 132 798 rea.
160 731 185 789 ii
201 732 355 798 martirue.
382 731 439 810 qui
454 728 494 790 cle
509 730 599 790 Darii
619 727 734 792 itinere
754 741 786 790 et
809 727 937 789 transitu
957 725 1108 812 exposue-

66 844 163 900 runt,
196 829 274 891 haec
304 843 434 892 notant:
476 831 643 912 incipiunt
683 829 752 912 poll
782 829 882 913 Aegae
915 825 937 892 s.
971 829 1110 914 Aegaeae

68 931 203 1016 (Strabo
225 942 279 1008 tsy.
304 951 335 1012 p.
352 928 438 1010 465.
454 929 475 994 s.
492 933 597 1010 676.)
620 931 709 992 haud
725 931 835 1014 procul
853 931 890 990 ab
907 929 984 1000 liro.
1014 949 1110 1012 quare

69 1035 188 1095 Dario·
210 1031 330 1093 diversa
347 1033 398 1093 via
422 1033 498 1094 inde
518 1033 556 1095 ab
576 1031 692 1112 Assyria
712 1030 888 1116 progressus
911 1035 944 1094 iu
963 1031 1111 1096 Ciliciam

69 1155 146 1196 cum
179 1152 232 1195 eae
266 1131 445 1215 superasset,
483 1134 521 1194 ad
561 1133 656 1195 illum
687 1133 853 1215 pervenit,
889 1135 1008 1196 interea
1036 1153 1112 1197 cum

61 1234 251 1299 ‚Alexander
273 1253 312 1294 ex
333 1234 442 1298 Cilicia
466 1255 523 1318 per
542 1235 682 1316 Syriacae
703 1235 792 1316 pylaa
815 1235 848 1296 in
872 1236 996 1314 Syriam
1017 1255 1113 1318 pene·

51 1321 186 1398 inaltet.
215 1336 383 1411 (Arrianus
397 1355 424 1398 c.
441 1337 463 1399 l.
488 1337 601 1418 titique
619 1349 711 1398 antea
727 1337 928 1416 memorati.)
967 1337 1113 1418 Syriacae

72 1451 231 1498 vocantur
253 1437 348 1498 etiam
375 1437 511 1500 omnino
537 1439 571 1499 iu
600 1437 658 1499 ltac
683 1437 862 1500 narratione
888 1431 993 1502 πύλαι
1019 1435 1050 1504 ἐν
1071 1437 1116 1524 ati

70 1535 226 1624 Κιλικίᾳ,
253 1551 289 1596 ut
305 1558 322 1599 a
338 1537 547 1610 Callisthene,
573 1541 628 1622 qui
646 1535 831 1600 interfuerat
845 1541 1042 1624 expeditioni
1057 1539 1115 1614 illi,

73 1641 158 1723 apud
174 1639 289 1718 Polyb.
305 1659 334 1702 c.
348 1641 371 1703 l.
404 1639 457 1702 vel
480 1659 519 1702 ex
541 1641 683 1711 transitu,
710 1659 804 1722 quem
829 1641 864 1702 in
886 1643 1008 1722 Syriam
1030 1658 1117 1724 pate·

72 1739 248 1811 iaciebant,
275 1753 441 1813 notantur,
467 1742 515 1802 uti
531 1741 613 1825 apud
631 1743 753 1804 Atrion.
769 1741 809 1803 de
830 1743 944 1827 expeti.
962 1745 1051 1806 Alex.
1065 1743 1114 1808 Μ.

76 1859 110 1914 c,
129 1853 163 1918 5.
180 1843 226 1902 in.
253 1855 295 1912 et,
326 1843 413 1924 quod
434 1862 473 1905 ex
493 1843 547 1904 illa
566 1845 745 1906 narratione
760 1856 864 1925 patet.
891 1843 930 1905 ab
952 1845 1012 1906 hac
1027 1857 1116 1926 parte

73 1941 161 2006 haud
185 1943 296 2024 procul
320 1941 379 2005 llso
402 1943 632 2026 aperiebantur.
681 1943 873 2008 Pollerioree
894 1959 1038 2008 auctores
1059 1947 1117 2008 hae

75 2047 164 2130 pylae
179 2044 349 2106 Amauidaa
370 2047 536 2129 ignorant;
570 2067 609 2108 ex
631 2045 860 2110 recentioribus
880 2043 1004 2129 prolixe
1021 2047 1060 2108 cle
1077 2047 1117 2110 iis

77 2143 223 2228 exposuit
245 2145 394 2208 Pococke
414 2147 456 2210 T.
478 2163 511 2210 2.
532 2168 565 2231 p.
586 2168 631 2212 m.
654 2149 738 2225 256.
769 2166 809 2208 ex
827 2148 989 2210 veteribus
1009 2149 1117 2212 minut

78 2249 235 2309 distincte.
297 2245 365 2328 lpse
386 2265 463 2310 vero
488 2248 629 2312 Amanus
653 2249 800 2311 inclaruit
822 2249 989 2311 Alexandri
1011 2249 1058 2311 M.
1084 2262 1117 2312 et

76 2349 167 2412 Darii
190 2347 337 2418 transitu.
370 2362 408 2409 ut
434 2347 589 2433 superiora
616 2351 749 2422 docent,
782 2363 816 2413 et
837 2349 1002 2414 Ciceronis
1024 2369 1118 2434 expe·

78 2451 203 2512 ditione
219 2464 253 2510 et
272 2449 406 2512 victoria
424 2451 463 2512 de
485 2452 715 2534 praedonibua,
748 2452 855 2534 quales
876 2466 908 2515 et
928 2453 1027 2515 hodie
1042 2472 1119 2516 eum

78 2549 223 2614 insellare
245 2551 390 2612 adfirmat
412 2551 561 2616 Pococke
576 2574 603 2617 c.
618 2554 639 2618 l.
692 2555 818 2616 incolae
838 2550 1008 2643 'Apnur'rnr
1035 2554 1120 2637 apud

80 2653 300 2735 Stephanum
327 2653 477 2716 Ciceroni
492 2655 527 2716 in
544 2675 615 2737 epp.
630 2651 670 2716 arl
687 2653 800 2718 divers.
814 2671 847 2725 a.
864 2675 920 2718 to.
938 2653 1010 2716 sunt
1024 2658 1120 2719 Ama·

81 2744 213 2844 aienses.
266 2752 384 2825 Hodie,
414 2755 500 2836 quod
519 2757 613 2817 tradit
628 2756 731 2818 Belou
754 2758 788 2817 in
806 2753 961 2820 observat.
980 2773 1013 2827 2.
1038 2771 1120 2832 1⁰7·
1238 2771 1241 2777 “

81 2875 114 2938 p.
136 2856 218 2918 162.
245 2853 354 2918 usitate
370 2869 502 2917 vocatur
521 2857 637 2920 Monte
656 2857 777 2937 Negro.
817 2857 967 2920 Mannert
983 2877 1010 2920 c.
1027 2858 1048 2920 l.
1068 2857 1121 2919 ad·

82 2953 145 3019 sert
165 2953 390 3039 Almadaghy5
423 2955 554 3042 Bothek
572 2959 607 3022 iu
622 2956 811 3022 Erdbeschr.
829 2977 897 3022 von
912 2957 1006 3024 tien
1026 2959 1067 3024 T.
1084 2971 1120 3040 3.

82 3077 113 3142 p.
129 3069 189 3138 ¹73.
207 3069 241 3119 et
259 3070 340 3137 175.
361 3057 487 3126 Lulurtt.

157 3257 343 3346 Statim)
392 3261 443 3324 De
463 3259 610 3328 locorum
632 3261 870 3348 propinquitate
891 3259 1058 3334 contiuua,
1084 3273 1121 3324 ut

82 3382 149 3448 cap.
171 3375 229 3442 13.
249 3375 283 3442 5.
305 3375 338 3425 et
354 3359 441 3428 alibi.
671 3373 676 3384 ¹

156 3561 464 3647 Myriandros)
524 3563 580 3630 Gr.
606 3559 821 3656 Mopinvspoc.
872 3565 982 3646 Syriae
1006 3563 1122 3629 urbem

81 3680 201 3732 vocant
215 3667 300 3729 Plin.
316 3681 349 3737 a.
369 3679 450 3731 112.
463 3662 483 3728 s.
498 3679 580 3756 toa.
610 3679 643 3747 5.
664 3680 718 3747 ιθ.
734 3666 756 3730 s.
773 3683 833 3731 22.
858 3667 1037 3748 Stephanus
1045 3666 1078 3732 h.
1087 3686 1122 3732 r.

79 3770 259 3842 Martianue
275 3766 403 3850 Capella
422 3765 479 3828 lib.
497 3767 532 3833 6.
551 3789 584 3851 p.
606 3787 619 3833 ι
627 3786 689 3849 99.
739 3767 782 3831 At
803 3769 837 3830 iu
860 3766 972 3831 Cilicia
993 3779 1124 3851 ponunt

82 3873 195 3952 Scylax
214 3889 247 3951 p.
265 3878 327 3947 4⁰·
341 3865 441 3930 lluds.
474 3867 587 3933 Strabo
606 3865 851 3952 14·p.465.s.
872 3869 956 3944 676.
984 3869 1071 3949 quod
1090 3881 1123 3931 et

81 3973 136 4034 hic
156 3991 198 4035 ex
221 3970 364 4032 confinio
389 3967 588 4054 intelligitur.
640 3971 683 4032 tt
698 3989 800 4051 qutun
820 3969 939 4030 limitet
957 3969 1123 4050 ntriueque

79 4074 222 4158 regionis
248 4071 350 4154 portia
378 4070 511 4151 Syriaci·
533 4067 572 4135 ab
598 4069 666 4154 ipso
691 4069 845 4136 Strabone
877 4065 989 4132 diserte
1015 4069 1125 4132 conlll·

80 4189 229 4248 tuantur,
256 4173 394 4237 omnim
416 4171 524 4258 potine
540 4183 655 4262 putem
670 4170 712 4237 ‘ab
729 4171 784 4237 illo
800 4171 846 4235 ibi
862 4168 1014 4234 recenseri
1029 4169 1124 4234 urbe·
