2852 4946
335 440 399 512 tot
440 465 444 476 -
607 431 769 491 norea
807 433 1110 492 nxaonrrcan

338 605 502 696 periculo,
527 603 613 686 quod
633 603 712 666 adiit
733 603 910 667 Alexander
927 605 975 670 M.
1002 607 1080 668 dum
1102 608 1295 670 amoenitate
1315 609 1389 668 eiua

342 723 466 794 captae.
491 707 605 788 plenus
626 706 768 787 pulveris
784 727 818 768 ro
835 705 954 769 sudoris
970 710 1004 768 in
1026 706 1248 793 praefrigidam
1271 728 1389 789 aquam

343 811 374 875 le
395 811 586 892 proiecerat,
620 819 656 867 ut
678 821 804 870 narrant
824 810 921 868 etiam
942 809 1050 872 lullin.
1073 830 1126 877 ιι.
1144 822 1177 886 a.
1199 823 1232 888 3.
1259 823 1294 870 et
1313 811 1391 872 Plu·

342 913 442 976 tarch.
457 914 491 972 in
509 909 596 971 Alex.
613 907 660 970 hl.
678 929 744 990 cap.
760 929 770 972 t
780 928 815 989 9.
850 909 954 972 Notae
972 930 1067 994 porro
1085 909 1153 971 lunt
1170 911 1293 990 epulae.
1316 915 1390 992 qni·

342 1014 406 1077 hut
428 1011 465 1074 ad
490 1011 604 1073 ostium
619 1007 788 1090 Cleopatra
809 1027 973 1093 exceperat
988 1013 1176 1074 Antonium.
1203 1013 1392 1088 (Plutarch.

344 1119 380 1177 ln
397 1114 538 1176 Antonio
553 1131 581 1174 c.
599 1111 657 1174 26.
687 1109 810 1193 loseph.
828 1114 861 1172 in
879 1115 998 1194 antiqu.
1016 1113 1087 1174 lud.
1105 1125 1158 1192 ¹4·
1177 1116 1250 1190 25.)
1287 1115 1393 1196 Quod

345 1229 473 1280 auctore
493 1213 605 1276 Solino
628 1231 695 1293 cap.
710 1219 770 1294 [μ.
785 1211 806 1275 l.
825 1225 882 1292 53,
909 1215 1040 1295 quidam
1063 1235 1102 1276 ex
1122 1216 1215 1276 alveo
1232 1214 1397 1296 Choaspin

348 1316 483 1379 derivari
507 1315 721 1384 tradiderunt,
753 1311 869 1376 relutat
892 1312 1019 1378 Salmas.
1042 1335 1073 1397 p.
1097 1335 1141 1376 m.
1165 1329 1249 1397 543.
1273 1315 1397 1396 Bithy·

346 1420 419 1480 niae
433 1417 569 1478 fluvium
586 1413 660 1476 facit
675 1415 852 1498 Stephanus
868 1413 888 1479 l.
904 1438 936 1478 v.
960 1407 1091 1488 liddon,
1118 1419 1171 1498 qui
1191 1417 1209 1474 lt
1226 1416 1269 1478 est
1290 1417 1398 1486 idem.

349 1531 517 1600 corruptus
526 1515 578 1585 eli.
591 1529 623 1577 et
635 1511 785 1591 Κιλικίας
801 1537 872 1578 cum
883 1517 1048 1580 Hollienio
1064 1539 1097 1599 p.
1112 1517 1186 1594 176.
1199 1519 1399 1601 legendum.

288 1663 291 1670 ·
349 1619 466 1686 Nostro
487 1619 565 1680 olim
581 1619 733 1678 virtutem
752 1617 876 1679 inlitam
894 1617 954 1680 effe
976 1620 1145 1702 putabant.
1174 1631 1210 1679 ut
1231 1621 1402 1702 podagrae

348 1723 540 1784 mederetur.
568 1718 700 1798 (Strabo
714 1739 740 1782 c.
760 1721 781 1782 l.
808 1721 935 1782 Vitruv.
953 1731 987 1798 8,
1006 1734 1039 1798 3.
1065 1721 1148 1782 Plio.
1167 1734 1223 1798 51.
1241 1733 1277 1798 8.
1296 1719 1319 1782 l.
1341 1721 1403 1804 α.)

248 1799 254 1812 .
350 1823 431 1887 Attis
448 1821 547 1882 hodie
565 1819 608 1882 eli
623 1821 732 1881 Kara-
744 1821 797 1891 Su,
825 1822 846 1882 i.
863 1841 892 1883 e.
914 1839 993 1902 aqua
1010 1821 1110 1906 nigra.
1137 1823 1205 1882 aliia
1220 1821 1404 1892 Boradan.

348 1926 399 1986 uti
415 1920 509 1986 refert
524 1921 668 1983 Oberlin.
685 1923 723 1982 ad
741 1921 870 1982 Vibium
888 1941 919 2004 p.
937 1924 996 2000 96.
1035 1925 1083 1984 De
1096 1924 1193 2004 priori
1208 1919 1246 1984 cl.
1267 1923 1405 1986 Freins-

351 2026 439 2088 hent.
458 2025 496 2085 ad
515 2023 605 2086 Curt.
622 2043 649 2084 c.
672 2024 694 2084 l.
744 2023 779 2082 ln
796 2022 903 2084 tabula
924 2023 1037 2084 Taliata
1054 2024 1191 2084 fluvium
1207 2026 1408 2090 nominavit

352 2123 516 2196 Paeoniae,
540 2126 595 2206 qui
609 2143 708 2207 prope
726 2123 845 2187 Mallon
863 2125 951 2196 fluit,
974 2124 1029 2188 eth
1043 2145 1060 2186 a
1075 2123 1194 2187 diversa
1209 2137 1314 2208 parte.

429 2327 474 2390 M
480 2326 593 2388 allon
601 2326 620 2408 )
672 2327 727 2389 Gr.
754 2321 898 2400 Μαλλδς
923 2325 945 2390 l'.
972 2323 1134 2404 Medion
1172 2327 1234 2389 hoc
1256 2329 1408 2409 quidem

354 2431 436 2512 apud
453 2431 590 2488 Dionem
605 2425 719 2507 Chrys.
734 2428 767 2488 in
782 2443 860 2491 orat.
869 2425 988 2490 Tarstca
1004 2430 1099 2491 altera
1115 2430 1156 2490 T.
1170 2445 1202 2490 o.
1217 2449 1248 2511 p.
1262 2441 1329 2506 57.
1350 2435 1407 2496 ed.

355 2527 470 2594 lleiak.
495 2523 639 2610 Simplici
656 2525 677 2590 λ
692 2530 804 2613 legunt
820 2527 914 2592 MSS.
925 2531 958 2590 in
968 2530 1131 2613 Stephano
1141 2528 1161 2592 l.
1172 2549 1205 2592 v.
1219 2526 1407 2618 Πύραμος.

354 2631 481 2696 Incolae
509 2624 700 2692 Μαλλῶται
724 2631 808 2710 apud
832 2630 1028 2712 Stephanum
1050 2644 1083 2693 et
1111 2633 1250 2693 Dionem
1279 2632 1409 2714 Chrys.

354 2753 383 2796 o.
407 2733 430 2795 l.
458 2751 529 2815 pag.
558 2743 617 2810 39.
641 2732 700 2808 56.
731 2730 884 2814 (simplici
909 2747 1015 2794 tamen
1037 2727 1079 2811 λ)
1111 2734 1219 2813 quales
1244 2729 1411 2798 feruntur

354 2829 465 2918 pallim
482 2832 606 2902 Cratee,
634 2831 774 2895 Procius.
826 2812 958 2917 Legitur
980 2833 1077 2895 etiem
1097 2836 1130 2894 in
1151 2833 1258 2896 numia
1279 2849 1317 2896 et
1344 2859 1411 2922 pro

355 2926 509 3002 Μαλλοί,
542 2936 597 3015 qui
614 2934 652 2994 ad
670 2933 793 2995 indiam
813 2936 990 3016 pertinent.
1016 2953 1054 2996 ex
1074 2933 1166 2997 MSS.
1182 2947 1269 2996 recte
1287 2957 1412 3002 emen·

356 3036 451 3098 dabat
473 3037 507 3095 iu
531 3036 660 3096 Arriano
683 3036 722 3096 de
744 3052 817 3115 exp.
844 3035 932 3097 Alex.
955 3035 1002 3096 M.
1025 3051 1057 3107 a,
1078 3047 1109 3113 5.
1129 3033 1152 3099 l.
1195 3037 1412 3114 Gronovius,

356 3138 414 3201 ubi
439 3155 525 3198 nunc
547 3135 754 3198 Schmiedero
777 3134 911 3198 debetur
934 3131 1135 3207 Μαλλωταὶ,
1170 3137 1222 3198 rel
1243 3142 1343 3220 quod
1369 3165 1414 3206 ex

357 3251 453 3302 notae
471 3237 590 3298 indicio
606 3237 659 3300 edi
680 3236 787 3298 voluit
805 3232 1005 3302 Μαλλωταί.
1039 3231 1248 3301 Μαλλὼτιδα
1264 3241 1309 3301 de
1327 3263 1414 3329 agro

358 3341 437 3402 dicit
447 3337 558 3402 Strabo
575 3357 602 3400 c.
617 3339 640 3401 l.
666 3339 705 3399 ln
721 3335 940 3401 conditoribus
954 3339 1251 3420 diroepantsoabo
1266 3341 1331 3406 lib.
1351 3359 1414 3430 14,

357 3461 391 3526 p.
407 3442 493 3523 464.
510 3439 529 3500 l.
549 3440 632 3516 675.
656 3453 689 3499 et
705 3439 883 3522 Stephanus
899 3439 931 3502 lr.
948 3461 980 3503 v.
1020 3441 1076 3502 llle
1094 3437 1216 3528 κτίσμα
1232 3438 1312 3503 lacit
1333 3449 1416 3510 Am.

358 3542 503 3626 philochi
521 3555 554 3602 et
570 3539 672 3622 Mopsi
687 3559 726 3602 ex
739 3541 887 3623 Apolline
903 3553 935 3603 et
951 3541 1080 3613 Mant03
1112 3542 1164 3602 hie
1178 3561 1194 3604 a
1213 3541 1318 3606 Mallo
1339 3547 1417 3610 nm.

358 3642 498 3727 pliciter,
533 3641 647 3722 quibua
668 3643 761 3702 aliam
787 3641 907 3704 caulam
930 3643 1017 3703 addit
1039 3641 1177 3704 Eullath.
1203 3644 1241 3702 ad
1265 3645 1416 3730 Dionys.

361 3765 394 3808 v.
411 3755 494 3822 875.
521 3736 587 3804 ἀπὸ
610 3737 767 3830 pullulo,
794 3763 875 3825 quoa
889 3759 995 3825 raptoe
1013 3743 1056 3803 ibi
1070 3763 1185 3806 corvua
1199 3744 1416 3825 deposuerat,

360 3841 512 3933 Ἀργείων
536 3840 692 3917 ἀποίκους
708 3857 800 3906 vocat
816 3846 936 3908 Arrian.
956 3862 988 3914 a.
1006 3857 1039 3922 5.
1057 3841 1079 3907 ί.
1103 3865 1142 3906 ex
1153 3863 1218 3926 quo
1233 3847 1417 3917 Strabonis

362 3945 515 4010 leotentia
535 3947 751 4009 confirmatur.
792 3945 1023 4028 Amphilochua
1043 3947 1131 4007 euim
1149 3943 1415 4037 Ἀμφιλοχικόυ

357 4039 471 4136 Ἀργος
492 4047 689 4117 condiderat,
715 4062 751 4108 ut
767 4045 862 4110 refert
881 4047 1067 4129 Apollodor.
1086 4061 1118 4127 5.
1137 4063 1170 4122 7.
1186 4045 1209 4108 f.
1236 4061 1270 4108 et
1288 4051 1330 4113 in
1346 4059 1415 4136 pri·

358 4151 422 4214 mie
438 4147 588 4226 Thucyd.
607 4165 639 4220 a.
658 4149 716 4227 68.
744 4168 818 4211 cum
840 4149 1099 4214 adnotationibus
1123 4149 1296 4214 doctorum
1318 4158 1414 4222 viro-
