2828 4966
351 463 392 510 ιο
528 511 532 522 ,
617 446 777 505 Nocte
818 419 1124 506 exrcer'rctc

351 618 512 692 τοσοῦτον
534 612 608 710 ἡμῖν
631 613 781 706 εἰρήσθω.
834 621 942 703 Quem
970 619 1080 682 locum
1103 637 1261 682 enarrans
1279 619 1375 700 simp?

353 729 420 790 ciue
436 726 489 795 ait,
516 722 720 786 Aristotelem·
733 739 835 782 unum
853 721 977 782 coelum
995 720 1055 782 eise
1076 720 1200 792 dixiffe,
1228 739 1301 782 non
1321 737 1375 800 qut

352 829 550 912 planetarum
574 822 686 908 globoe
701 819 905 903 sphaereeque
927 841 994 884 oon
1018 822 1134 892 unsset,
1161 841 1243 884 curn
1263 841 1323 882 eos
1343 822 1375 902 ip

297 923 303 936 ’
355 945 389 994 et
418 930 452 988 in
480 927 568 988 tibris
599 925 639 984 de
661 923 751 986 coelo
775 926 862 984 etin
886 923 1109 1005 Metnphyficie
1133 922 1209 985 iotie
1231 923 1375 1006 diligenti

355 1039 572 1094 enumeraret.
607 1022 658 1086 ied
690 1024 777 1103 quod
802 1025 899 1086 unius
925 1027 1041 1086 mundi
1064 1045 1129 1086 une
1154 1023 1239 1086 effet
1267 1021 1375 1085 coelest

356 1133 458 1216 regio.
518 1128 673 1206 Idemque
701 1123 790 1186 sensit
824 1126 879 1186 ilio
909 1126 982 1188 loco
1008 1125 1065 1188 lib.
1091 1142 1123 1189 o.
1156 1121 1211 1212 [c.
1238 1146 1269 1187 ι.
1293 1126 1340 1184 in.
1367 1145 1375 1182 ι

356 1223 471 1315 coelo]
494 1228 549 1288 ubi
572 1225 750 1289 Aristoteles
776 1225 898 1288 scribit:
930 1225 1005 1300 Πᾶς
1026 1219 1162 1312 οὐρανὸς
1178 1219 1236 1302 ,εἷς
1259 1220 1331 1289 ἐστι
1353 1245 1375 1284 rc

251 1379 274 1406 χ
357 1327 467 1407 ἀΐδιος.
505 1329 590 1390 Nam
612 1327 652 1389 de
665 1327 770 1397 coelo,
796 1346 862 1388 non
883 1328 923 1389 de
944 1329 1070 1390 mundo
1084 1327 1295 1390 Aristotelem
1316 1345 1375 1410 ege

356 1434 450 1516 plane
475 1431 651 1492 confirmet.
686 1445 898 1491 crtccourvt.
959 1428 1080 1491 Contra
1112 1431 1349 1491 Democritum

358 1535 446 1604 alios.
472 1534 528 1614 qui
548 1531 691 1591 infinitos
706 1528 766 1590 effe
780 1531 918 1590 mundos
941 1531 1156 1598 crediderunt,
1181 1531 1282 1592 Plato
1302 1547 1375 1590 unu

358 1633 461 1698 efferit
486 1633 521 1693 in
543 1633 677 1693 Timaeo
699 1623 751 1716 [p.
773 1631 857 1710 506.
881 1624 1037 1716 Bipout.]
1064 1645 1097 1692 et
1122 1631 1200 1692 inde
1227 1631 1349 1695 Cicero
1372 1629 1375 1687 i

358 1736 442 1799 libro
462 1734 502 1796 de
517 1731 720 1794 universitate
741 1731 831 1814 [cap.
848 1733 907 1812 4.]
930 1733 970 1795 ed
991 1732 1146 1804 verbum;
1180 1747 1216 1794 et
1240 1732 1320 1794 alibi
1346 1724 1374 1815 [r

359 1838 438 1922 Leg.
458 1854 488 1906 1,
507 1847 540 1911 7.
562 1833 646 1896 conl.
670 1833 711 1895 de
734 1849 799 1896 net.
825 1834 922 1896 neor.
939 1850 972 1903 o,
987 1828 1069 1921 δι]
1094 1831 1293 1895 universum
1317 1833 1375 1892 hur

359 1937 520 2002 mundum
539 1953 639 1996 unam
662 1948 696 1998 et
724 1953 932 1996 communem
954 1936 1119 1996 civitatem
1143 1935 1287 1997 deorum
1309 1947 1375 2011 atqr

360 2039 532 2102 hominum
548 2036 785 2098 existimandam
803 2035 890 2098 dicit.
927 2035 1050 2098 Plinius
1072 2035 1128 2113 [2.
1152 2029 1204 2122 r.]
1219 2029 1330 2127 furor
1349 2035 1375 2120 e)

360 2140 487 2222 iuquit,
523 2135 760 2198 innumerabiles
803 2129 970 2227 tradidiffe
1011 2135 1155 2199 mundos.
1217 2153 1374 2200 ororuuv

360 2241 471 2304 Vnum
492 2252 604 2308 vocet,
628 2237 715 2318 quod
735 2251 926 2319 perpetuum
948 2237 1008 2309 est,
1041 2238 1128 2318 quod
1149 2251 1240 2300 extre
1267 2237 1298 2300 ie
1325 2233 1375 2296 nih

362 2341 470 2404 habet.
497 2357 623 2400 eeruve
641 2356 859 2400 eventuuve.
906 2339 1025 2401 Seneca
1040 2339 1152 2402 Natur.
1167 2340 1301 2425 Quaest.
1318 2353 1349 2404 tt,
1367 2347 1375 2394 t

367 2441 488 2504 Unt‘tas
508 2435 553 2532 ιβ
567 2433 641 2528 fine
663 2427 863 2526 commiffitro
883 2441 1086 2500 continuatio
1107 2453 1138 2502 et
1158 2441 1298 2504 duonum
1322 2443 1375 2499 t‘utt

355 2531 396 2635 se
424 2541 656 2602 coniunctontm
684 2559 848 2617 corporum
879 2551 997 2604 tactus.
1021 2569 1073 2584 -
1127 2541 1236 2604 Unum
1266 2563 1331 2602 non
1357 2557 1374 2596 a

362 2661 522 2708 nanterum
539 2631 657 2730 refero,
683 2630 746 2730 sed
767 2638 812 2700 ad
832 2657 979 2702 naturam
999 2643 1139 2721 corporis
1157 2643 1247 2704 ncilla
1268 2663 1329 2721 ope
1348 2657 1374 2698 et

362 2757 472 2814 terna,
487 2732 549 2832 sed
569 2743 692 2803 ιιηίιαιι
702 2732 770 2834 sua
789 2741 997 2806 cohaerentis.
1033 2743 1091 2806 Er
1106 2745 1169 2805 hoc
1187 2757 1271 2808 uota
1293 2759 1373 2818 corps

361 2865 430 2908 rum
453 2863 508 2905 aer
530 2839 585 2936 ιβ.

437 3063 512 3106 uno
535 3043 720 3128 ambitu)
755 3045 878 3108 Piiniue
899 3041 954 3135 [o.
975 3041 1027 3132 1.]
1045 3057 1147 3118 extra,
1174 3047 1265 3111 iutra
1283 3052 1372 3106 cunct

361 3145 543 3223 eonrptexus
564 3147 596 3206 in
612 3135 667 3236 se,
704 3145 845 3229 idemque
871 3167 971 3209 rerum
993 3162 1129 3210 naturae
1146 3168 1227 3230 opus
1245 3162 1278 3210 et
1296 3159 1372 3208 retur

361 3237 578 3340 ipsaunaturc.
614 3247 778 3310 Vitruvius
797 3247 854 3311 lib.
870 3265 905 3328 9.
927 3243 975 3337 [c.
993 3259 1028 3327 4.
1044 3247 1064 3312 i.
1086 3244 1134 3335 r.]
1156 3251 1317 3312 muudum
1334 3237 1372 3305 eii

361 3350 406 3412 ait
427 3359 563 3410 uotum
578 3368 676 3409 renem
692 3349 924 3430 conceptionem
935 3340 1096 3442 summam
1116 3351 1295 3434 coelumque
1306 3343 1371 3438 stdt

360 3447 450 3512 ribus
474 3440 720 3538 conformatum.
756 3469 936 3512 rtortuve.
995 3452 1098 3536 Igitur
1120 3449 1316 3533 sphaericum
1339 3439 1371 3506 eli

359 3548 509 3614 Refertur
530 3550 568 3611 ad
589 3571 623 3612 ea
639 3549 734 3613 verba
753 3551 928 3632 prooemii:
962 3548 1053 3646 praee
1063 3548 1116 3643 fit
1131 3543 1249 3642 forma
1269 3549 1371 3612 Totius

360 3668 555 3713 ouvtrtrvc.
608 3651 695 3713 Haec
709 3652 804 3714 verbe
819 3649 888 3714 fatie
904 3650 1083 3723 ostendunt,
1110 3653 1228 3716 Meiem
1243 3655 1284 3715 de
1299 3645 1370 3712 coeit

359 3751 415 3814 hic
434 3749 534 3813 solum
552 3749 727 3814 sermonem
750 3751 929 3822 iustitoiffe,
962 3771 1035 3815 cum
1060 3755 1159 3826 dicat.
1187 3755 1268 3816 illud
1290 3763 1370 3812 extre

358 3855 471 3915 mitete
499 3849 641 3932 supreme
662 3851 691 3913 se
714 3867 889 3934 cuncteque
909 3853 967 3914 elia
993 3857 1172 3938 complecti.
1224 3854 1370 3918 Declaran

358 3953 394 4016 id
412 3971 537 4036 quoque
557 3965 590 4013 et
606 3972 658 4024 ea,
689 3973 768 4035 quae
790 3953 973 4034 sequuntur.
1011 3975 1224 4021 cttccoutvt.
1276 3949 1369 4018 couti

357 4073 462 4118 nuum
484 4071 519 4115 ec
539 4066 730 4137 perpetuum
757 4054 840 4115 inter
863 4053 892 4118 ie
916 4058 1057 4138 partibus
1078 4060 1235 4124 iunctum.
1265 4053 1369 4120 Puniu

360 4169 395 4230 Ω,
422 4176 453 4222 ι.
477 4153 569 4220 cuius
586 4149 786 4244 circumflexu
804 4167 955 4241 teguntur
972 4173 1099 4228 cuneta.
1127 4179 1295 4226 ceterive
1309 4149 1369 4221 MS
