2892 4950
342 411 409 496 546
612 407 772 469 uorsa
813 406 1117 466 sxncnrrcaa

348 591 487 655 Thraces
502 577 614 670 paline
629 581 779 643 dicuntur
793 583 827 642 iu
844 579 930 652 Aba,
955 593 992 642 ut
1010 581 1094 664 apud
1110 581 1258 663 Thucyd.
1273 591 1305 662 4,
1321 593 1372 659 75.

351 692 469 773 Scylac.
486 707 519 771 p.
531 695 589 764 54.
604 680 704 746 Hurls.
737 679 789 746 Cs.
804 683 843 744 ad
858 683 1006 764 Xenoph.
1021 683 1135 764 exped.
1150 685 1228 764 Cyri
1241 685 1274 753 6.
1290 699 1322 764 4.
1334 687 1374 746 in.

352 795 456 879 Regio
479 786 543 872 ipsa
560 771 645 848 varia
668 783 914 856 tulitnomina,
938 785 1112 864 inquibus
1135 783 1209 848 sunt
1223 784 1374 868 Bebrycia,

354 891 534 976 (Sallustius
551 891 586 950 iu
611 885 718 948 lsrdor.
741 887 950 970 orig.14,5.
985 885 1168 968 Stephanus
1189 887 1225 950 h.
1249 909 1282 949 v.
1317 887 1375 948 Ser·

354 1001 429 1060 vius
454 994 494 1056 ad
518 989 630 1074 virgil.
656 989 737 1050 sen.
754 997 787 1064 5,
816 1000 899 1065 373.
929 1000 962 1049 et
993 987 1026 1047 in
1054 989 1165 1072 primis
1195 987 1327 1072 Appian.
1347 987 1374 1048 in

356 1095 503 1161 Mithrid.
522 1111 549 1155 c.
578 1092 630 1168 s.)
663 1087 750 1150 unde
782 1085 967 1169 Bebrycium
1001 1109 1128 1170 regenam
1166 1093 1252 1172 apud
1286 1089 1374 1149 Valer.

354 1201 454 1264 Flacc.
468 1205 504 1275 4,
520 1211 581 1274 99.
614 1192 669 1272 qui
689 1208 763 1250 cum
782 1189 955 1272 Apollonio
970 1191 1222 1274 Argonautarum
1245 1205 1376 1272 tempore

357 1300 512 1378 Bebrycas
526 1293 636 1364 erosit,
669 1309 749 1373 quos
766 1309 805 1350 ex
821 1289 920 1368 Mysia
939 1289 1002 1350 huc
1018 1292 1193 1377 progressos
1213 1291 1274 1354 else
1294 1289 1377 1353 refert

356 1397 540 1485 Apollodor.
562 1413 591 1465 ι,
607 1412 641 1473 9,
661 1409 720 1455 uo.
746 1404 779 1453 et
792 1393 928 1452 Thracas
943 1411 981 1452 ex
995 1393 1136 1456 Troiano
1153 1393 1242 1456 bello
1254 1389 1379 1454 reversos

355 1504 433 1565 dicit
457 1498 632 1581 Appianas.
667 1490 717 1556 cf.
742 1497 838 1554 etiam
869 1492 997 1555 Berkel.
1020 1495 1058 1554 ad
1079 1495 1232 1577 stephan.
1255 1515 1287 1577 p.
1306 1501 1378 1570 214.

355 1600 567 1687 Mygdoniam
583 1597 705 1658 addunt
720 1593 906 1655 Ammianus
918 1611 975 1662 22,
993 1605 1027 1670 8.
1050 1609 1083 1656 et
1098 1595 1207 1660 lsrdor.
1226 1617 1253 1659 c.
1270 1597 1291 1658 l.
1317 1595 1380 1676 quis

359 1705 540 1788 Mygdones
560 1719 600 1760 ex
623 1695 810 1758 Marcerlonia
835 1695 899 1756 huc
921 1698 1116 1780 migrarunt,
1150 1718 1287 1779 quorum
1306 1695 1381 1758 sedes

358 1811 392 1868 in
412 1805 474 1866 hoc
496 1815 595 1863 tractu
618 1797 753 1880 adtingit
780 1799 875 1857 etiarn
898 1797 1010 1858 Strabo
1029 1815 1083 1861 12.
1108 1817 1140 1880 p.
1157 1811 1243 1877 538.
1268 1797 1288 1860 s.
1307 1797 1380 1874 564.

360 1909 453 1971 Plura
473 1904 604 1966 nomina
619 1897 764 1980 adposuit
783 1897 866 1959 Plin.
885 1909 916 1975 5,
934 1910 994 1977 4ο.
1013 1897 1033 1961 s.
1054 1915 1112 1977 32.
1137 1902 1170 1960 in
1188 1899 1304 1982 quibua
1318 1897 1381 1958 deii·

359 2012 485 2072 deretur
511 1999 748 2082 Mariarrdyrra,
782 2018 875 2080 quam
904 1997 1049 2082 adspersis
1072 2003 1204 2081 quidem
1228 1999 1382 2083 scripturae

360 2110 448 2174 vitiis
464 2115 720 2169 commemorant
735 2100 899 2180 Syncollus
913 2123 944 2183 p.
961 2103 1041 2165 126.
1057 2103 1136 2166 Van.
1165 2099 1381 2164 Ammianus.

359 2225 393 2276 et
415 2209 523 2276 tuder.
549 2206 628 2288 orig.
650 2214 704 2279 15,
728 2223 756 2264 r.
790 2199 846 2263 etli
869 2203 912 2262 ita
941 2223 998 2284 pro
1032 2203 1205 2265 Malianda
1231 2205 1266 2264 in
1290 2201 1382 2264 Plinio

359 2311 456 2376 etiam
472 2309 578 2392 legere
586 2303 678 2365 malit
689 2301 884 2365 Hsrduinus.
918 2304 1012 2365 Unde
1025 2305 1177 2384 Bithynia
1188 2306 1274 2367 dicta
1289 2302 1380 2371 suerit,

359 2414 399 2476 de
414 2429 453 2474 eo
470 2407 510 2470 cf.
522 2407 682 2488 Appianas
695 2423 721 2465 c.
737 2405 759 2466 1.
784 2402 962 2484 Stephanus
978 2417 1011 2466 et
1025 2402 1072 2466 ibi
1087 2405 1270 2470 Berkelius.
1297 2407 1381 2468 Exor-

357 2514 444 2575 ditur
466 2521 574 2571 autem
601 2504 687 2566 Mela
719 2503 758 2566 ab
784 2505 930 2566 interiori
955 2505 1163 2588 Hellesponto
1194 2523 1231 2572 et
1257 2507 1328 2569 inde
1350 2503 1380 2564 ab

356 2611 472 2692 Abydo
493 2609 532 2670 ad
547 2608 645 2668 Tium
667 2607 701 2664 in
717 2605 949 2690 Paphlagoniae
972 2611 1123 2678 confinio,
1149 2609 1243 2670 ficut
1263 2608 1381 2670 Marian·

312 2783 323 2794 ,
356 2715 462 2796 dynoe
477 2708 716 2790 complectatur,
742 2705 804 2776 rel,
828 2709 849 2768 li
867 2709 930 2771 hos
952 2708 1126 2779 excluseris,
1153 2711 1195 2770 ad
1214 2710 1383 2774 Heracleam

358 2833 467 2898 usque.
502 2807 554 2875 Cf.
569 2811 599 2886 §.
617 2821 650 2882 7.
700 2806 813 2870 Strabo
836 2825 889 2870 re.
913 2831 944 2891 p.
963 2823 1046 2890 337.
1064 2809 1084 2874 s.
1105 2810 1188 2888 565.
1213 2809 1383 2874 definitl’r·

357 2915 528 3001 phlagonia
553 2925 586 2970 et
608 2907 826 2988 Mariandynis
845 2911 884 2972 ab
904 2925 993 2983 ortu,
1024 2913 1166 2998 sangarii
1190 2913 1278 2975 osliis
1299 2926 1384 2990 usque

359 3021 398 3081 ad
418 3013 655 3081 chalcedonem
677 3029 694 3069 a
714 3009 954 3092 septemtrione,
987 3015 1187 3098 Propontide
1214 3015 1254 3076 ab
1277 3009 1385 3078 mersu,

359 3134 394 3184 et
403 3115 503 3197 Myra
516 3111 695 3194 etPhrygia
708 3111 746 3171 ab
760 3113 904 3175 meridie.
939 3114 981 3175 Et
993 3115 1032 3176 src
1044 3115 1097 3177 alii
1112 3115 1214 3177 morlo
1229 3113 1384 3176 latioribus

361 3221 461 3283 modo
481 3212 649 3278 artioribus
674 3213 817 3274 terminis
839 3215 1053 3286 concludunt,
1082 3231 1118 3278 ut
1137 3217 1321 3300 Geographi
1340 3213 1387 3272 do·

358 3332 442 3388 eant,
464 3332 497 3379 et
510 3315 701 3399 lingularum
716 3313 845 3374 urbium
865 3313 1103 3400 descriptiones,
1127 3336 1185 3399 pro
1200 3319 1312 3378 aetatis
1326 3313 1386 3374 suae

359 3423 493 3505 quisque
507 3417 646 3486 ratione,
672 3427 704 3474 et
719 3416 812 3475 variis
828 3419 1060 3482 mutationibus
1074 3419 1158 3481 bello
1177 3416 1386 3478 Mithridatico

361 3523 499 3585 maxime
515 3517 639 3586 inlatis,
666 3533 761 3594 quare
777 3517 874 3578 etiam
888 3519 999 3582 Strabo
1016 3522 1056 3582 de
1072 3519 1258 3582 difficultate
1274 3521 1307 3580 in
1323 3533 1388 3578 con·

361 3621 526 3686 diruendis
553 3617 698 3678 terminis
726 3621 868 3697 queritur
886 3635 940 3682 12.
963 3641 994 3702 p.
1013 3633 1097 3698 388.
1118 3620 1139 3684 s.
1157 3621 1241 3700 564.
1289 3621 1385 3701 Quam

361 3739 469 3788 autem
490 3718 652 3804 perlullrat
669 3717 722 3778 hic
742 3737 830 3780 oram
848 3720 949 3791 Mela,
981 3741 1051 3784 eam
1074 3725 1201 3804 proprie
1223 3727 1386 3783 tenuerunt

365 3823 481 3907 Thyni,
515 3832 551 3881 ut
573 3816 685 3880 diserte
708 3833 822 3881 monet
842 3821 966 3882 Plinius
980 3835 1013 3899 5,
1036 3833 1097 3904 45.
1121 3823 1142 3884 s.
1159 3838 1217 3903 52.
1248 3823 1386 3884 interiora

360 3923 515 4006 Bithyni,
548 3920 631 4003 quasi
650 3919 828 4002 Ili-Thyni
847 3925 984 4004 praefixo
1004 3925 1153 3993 articulo,
1183 3943 1264 4006 quos
1290 3937 1384 3984 tamen

361 4022 541 4112 promiscuo
566 4021 619 4082 hic
649 4020 760 4102 ponit,
794 4037 830 4084 ut
855 4020 951 4094 solet,
978 4041 1018 4085 ex
1043 4027 1178 4096 vicinia,
1209 4039 1243 4086 et
1267 4035 1385 4108 propter

361 4143 569 4194 communem
595 4122 755 4207 originem
780 4141 820 4186 ex
843 4124 992 4198 Thracia,
1025 4123 1233 4216 (strabum.
1260 4148 1293 4211 p.
1312 4133 1383 4204 373·
