2892 4950
357 427 420 498 ros
628 417 787 476 noste
827 417 1130 494 axaeasrcre

442 587 691 672 Maeandri)
729 589 783 652 Gr.
801 585 1006 676 Μαίανδρος,
1031 611 1123 672 quam
1141 584 1376 652 terminationem

369 695 424 758 Gr.
439 693 574 755 retinuit
589 691 739 774 Hyginus
754 694 788 752 in
803 693 971 773 prooemio
990 713 1022 774 p.
1038 707 1072 774 7.
1095 692 1147 754 ed.
1167 693 1281 754 Staret.
1302 689 1377 750 etse

368 795 545 862 Meerrdrus
558 791 796 854 dixithethicus
810 794 844 854 in
855 791 1018 878 Cosmogr.
1031 814 1063 876 p,
1073 809 1155 870 720.
1167 789 1229 877 (ed.
1240 785 1376 868 Gronov.)

337 939 344 950 .
367 901 416 970 uti
437 899 511 977 (per
527 895 561 970 ε)
583 895 688 958 editur
710 895 806 955 etiam
828 895 861 954 in
883 894 1031 956 Hierocle
1047 915 1078 976 p.
1098 892 1180 972 659.
1209 893 1327 956 Fluvios
1345 889 1378 951 ell

370 997 604 1062 celeberrimus.
640 997 689 1056 De
706 996 774 1057 eius
790 993 944 1065 lontibus,
962 993 1050 1056 cursu
1068 1008 1101 1058 et
1115 993 1200 1058 exitu
1217 991 1379 1056 consulendi

368 1097 441 1164 lunt
455 1097 566 1161 Strabo
588 1113 641 1158 ta.
658 1116 690 1178 p.
708 1109 791 1175 597.
808 1093 829 1158 s.
846 1110 930 1172 577.
965 1097 1078 1158 Livius
1094 1109 1153 1176 58,
1175 1110 1229 1174 13.
1247 1109 1278 1168 7.
1308 1093 1377 1154 l’lin.

370 1215 404 1280 5,
423 1215 480 1278 51.
491 1196 512 1259 s.
523 1214 582 1275 29.
605 1197 800 1259 Breviuealii
817 1194 1005 1268 describunt,
1020 1211 1074 1258 aut
1088 1193 1199 1280 palstm
1212 1205 1379 1257 memorent.

368 1302 493 1364 Plinius
510 1319 528 1360 e
543 1298 612 1359 lacu
629 1299 663 1360 in
680 1299 829 1360 Alacrene
847 1313 957 1359 monte
972 1319 1046 1359 cum
1062 1299 1174 1361 Selino
1188 1307 1281 1377 eug.
1297 1294 1315 1356 s.
1329 1307 1378 1372 9ο.

368 1416 402 1465 et
423 1397 581 1462 Martiano
597 1393 675 1482 Cap.
696 1400 729 1461 6.
753 1420 785 1482 p.
804 1415 888 1477 221.
912 1400 1013 1469 ducit,
1040 1401 1079 1461 de
1097 1419 1161 1482 qno
1179 1401 1305 1460 nomine
1323 1413 1380 1478 pro·

366 1505 429 1566 nro
444 1503 582 1584 deputat
597 1497 723 1567 sanun.
739 1501 773 1560 tn
789 1501 890 1562 sonu.
910 1521 941 1581 p.
959 1483 1003 1562 in.
1022 1497 1106 1578 586·
1143 1502 1218 1569 nn,
1238 1501 1269 1560 r..
1285 1497 1381 1580 qun.

368 1604 495 1673 Livius,
523 1599 628 1664 sontes
649 1602 718 1664 eius
740 1600 910 1686 ostendunt
932 1601 965 1662 in
980 1621 1048 1662 arce
1063 1601 1288 1672 Celaenarum,
1317 1614 1381 1680 quae

367 1703 430 1767 suit
444 1703 601 1788 Phrygiae
623 1701 698 1764 urbs
719 1703 883 1784 primaria,
914 1702 957 1762 ita
979 1716 1104 1774 tamen,
1137 1717 1175 1763 ut
1190 1707 1273 1764 varie
1292 1701 1382 1763 lotum

367 1806 544 1891 desrgneut.
593 1804 646 1866 Sic
667 1801 835 1870 uetando
857 1796 967 1883 λόφον
985 1804 1062 1864 dicit
1077 1804 1203 1880 ¹Strabo,
1228 1804 1382 1880 urbemque

368 1905 595 1993 cognominem
626 1905 778 1992 adponit,¹
811 1924 850 1964 ex
871 1923 935 1994 'qua
962 1905 1141 1966 Antiochus
1167 1908 1260 1968 Soter
1284 1901 1383 1963 incolas

367 2011 540 2090 Apameam
557 2007 699 2078 deduxit,
723 2005 916 2066 adsentiente
932 2005 1037 2067 Livio.
1074 2007 1258 2088 Xenophon
1274 2005 1310 2064 de
1325 2019 1382 2081 etp.

370 2108 445 2188 Cyri
458 2127 489 2179 t,
501 2124 533 2179 9,
544 2123 577 2182 7.
602 2127 703 2194 prope
714 2105 863 2184 Celaenas
880 2100 915 2168 ὲκ
928 2101 1185 2184 edessensisine
1200 2107 1274 2181 oriri
1290 2103 1383 2165 scribit.

367 2207 516 2272 Pococke
542 2209 640 2270 Tom.
659 2221 690 2287 5.
712 2229 745 2290 p.
766 2209 845 2272 116.
872 2205 1017 2288 Dr'ngler
1046 2207 1146 2268 hodie
1175 2207 1319 2290 adpellari
1340 2203 1382 2264 alt.

366 2311 494 2373 Testem
526 2307 624 2371 sontis
654 2297 823 2394 αὐτόπτην
853 2307 1008 2370 hebemus
1040 2307 1224 2369 Maximum
1257 2307 1382 2387 Tyrium

367 2413 423 2494 qui
445 2424 478 2486 8.
498 2409 519 2473 s.
540 2421 597 2486 38.
618 2422 651 2486 8.
685 2410 894 2472 Celaenarum
915 2407 968 2469 hic
989 2404 1085 2470 etlam
1101 2413 1301 2472 mentionem
1316 2405 1382 2471 lacit.

368 2525 402 2574 et
415 2531 454 2573 ex
470 2512 585 2572 eodem
601 2507 691 2571 fonte
702 2507 1251 2600 MaeandrumetMarsyamexcitat,
1266 2512 1383 2591 (puisun

368 2624 443 2672 aute
464 2611 575 2670 urbem
600 2622 713 2670 terram
739 2608 883 2680 subierit,
918 2613 1036 2673 iterum
1060 2611 1092 2670 in
1116 2610 1181 2694 ipsa
1203 2613 1281 2674 urbe
1304 2609 1328 2670 se
1345 2625 1385 2668 ex·

368 2711 486 2774 tollens
502 2711 627 2773 duobus
644 2712 705 2772 illis
727 2711 833 2772 fluviis
856 2725 888 2772 et
905 2731 1015 2792 aquam
1032 2725 1064 2774 et
1079 2713 1215 2774 nomina
1234 2708 1383 2774 distribuit.

370 2812 483 2877 Strabo
499 2825 672 2892 utrumqne
688 2813 823 2874 fluvium
839 2832 877 2873 ex
894 2832 959 2874 uno
974 2813 1042 2872 lacu
1056 2813 1174 2874 educit.
1228 2815 1310 2876 lline
1323 2825 1384 2871 vero

370 2904 524 3006 Marsyas
539 2913 731 2975 Celaenaeos
748 2926 880 2974 vocatur
896 2933 912 2974 a
929 2913 1072 2975 Martiale
1088 2933 1141 2984 to,
1153 2915 1214 2986 69,
1225 2934 1260 2994 9.
1293 2912 1386 2988 Livius

371 3033 449 3078 vero
482 3012 636 3092 Marsyam
669 3015 752 3074 haud
786 3014 897 3096 procul
922 3035 938 3075 a
963 3015 1127 3077 Maeandri
1161 3013 1303 3077 sontibus
1327 3008 1387 3072 oriri

240 3117 242 3122 ’
371 3128 485 3180 narrat.
517 3117 579 3178 Sed
596 3115 661 3178 vid.
679 3115 890 3177 schwartzius
907 3117 944 3176 arl
962 3115 1087 3178 Cellarii
1104 3115 1222 3201 Geogr.
1240 3131 1302 3178 ant.
1315 3115 1351 3174 T.
1362 3125 1387 3172 9.

371 3239 404 3302 p.
426 3216 505 3295 156.
533 3215 589 3290 nbi
611 3214 814 3278 dissensiones
837 3216 903 3278 illas
918 3229 1082 3277 anctorum
1104 3219 1273 3280 conciliare
1292 3215 1387 3278 studet.

371 3319 515 3400 Recepto
531 3315 654 3396 Marsya
675 3331 798 3386 auctus.
833 3337 929 3398 quem
951 3329 1057 3378 tamen
1076 3319 1109 3378 in
1127 3321 1247 3401 campis
1263 3309 1389 3379 consumi

371 3417 468 3482 resett
489 3417 574 3480 Max.
596 3419 728 3502 Tyrius.
761 3417 930 3501 Phrygiam
953 3418 1052 3500 petit.
1088 3437 1127 3480 ert
1148 3438 1208 3499 qua
1230 3423 1263 3480 in
1282 3417 1388 3480 Cariam

371 3521 477 3588 latiori
500 3518 635 3586 ambitu.
656 3519 743 3596 (vid.
766 3518 852 3601 supra
876 3520 914 3578 ad
934 3539 967 3580 v.
978 3517 1134 3596 Miletus)
1161 3517 1275 3590 fertur,
1306 3532 1389 3600 quam

373 3641 390 3682 a
406 3621 506 3698 LydIa
522 3620 731 3689 disterminat,
753 3619 889 3696 (Strabo,
909 3621 1053 3702 Quintus
1062 3618 1193 3682 Calaber
1208 3643 1235 3690 t,
1250 3633 1329 3698 983.
1340 3613 1389 3688 ··)

373 3733 407 3783 et
428 3719 566 3782 flexuoso
590 3717 677 3779 cursu
700 3721 732 3778 in
754 3739 838 3780 ruare
854 3720 1005 3788 excurrit.
1037 3723 1173 3803 receptis
1195 3737 1286 3782 antea
1310 3717 1390 3780 variis

374 3821 491 3890 fluviis,
517 3821 619 3880 veluti
637 3811 782 3910 Marsya,
812 3817 942 3881 Obrinrn
958 3834 990 3881 et
1006 3819 1107 3901 Orga.
1134 3821 1278 3906 (Plinius
1294 3833 1323 3898 5.
1341 3833 1388 3893 99.

372 3916 515 4002 Strabo.)
556 3921 650 4003 Quod
668 3919 830 3982 Pausanias
849 3935 880 3990 9,
898 3935 931 3986 7:
947 3931 979 3994 8.
1004 3921 1124 3994 scribit,
1152 3923 1291 4000 Marsyae
1312 3919 1390 3982 tibias

372 4017 409 4082 in
423 4021 630 4082 Maeandrum
647 4041 684 4084 ex
705 4020 825 4102 Marsya
846 4019 933 4083 fuisse
951 4023 1112 4095 devectas,
1144 4039 1176 4085 et
1193 4025 1269 4085 hinc
1283 4025 1314 4082 in
1330 4015 1389 4080 Mo·

372 4135 463 4206 pum.
489 4141 605 4202 exque
624 4124 656 4182 in
669 4125 837 4203 Sicyonios
853 4141 942 4208 agros
959 4125 1010 4203 (in
1021 4123 1261 4208 Peloponneso)
1280 4125 1389 4188 eiectae.
