2922 4958
310 364 375 432 6ιό
580 369 742 432 nom
780 370 1086 430 oxeoorrctu

316 543 377 606 buc
392 541 538 626 exposuit
552 543 699 607 Arrianuc
715 545 749 606 in
766 545 888 628 periplo
901 557 969 628 pfl
985 544 1028 628 sq.
1042 543 1142 608 Huds.
1167 541 1227 606 uhi
1239 561 1359 626 aquare

317 645 456 716 dulcem,
479 647 654 728 putredinis
670 648 848 708 immunem
865 649 1005 729 adeoque
1020 649 1125 710 levem
1140 644 1299 716 describit,
1320 657 1361 706 nt

318 747 426 814 Ponto
442 750 574 812 innatet.
623 748 779 812 Pullariae
801 749 967 810 confirmat
981 751 1076 811 etiam
1092 749 1227 829 Procop.
1250 748 1292 810 de
1317 747 1360 808 B.

319 848 405 914 Pers.
422 865 455 918 o.
473 863 530 928 30.
547 869 591 912 nr.
615 865 649 912 et
662 850 774 914 similia
786 848 888 912 adsert
904 851 987 912 Plin.
1006 866 1040 920 a.
1059 847 1175 914 root
1196 861 1277 928 ¹⁰3·
1319 849 1363 910 ln

320 962 361 1014 eo
378 963 521 1034 pugnant
536 964 696 1022 auctores,
711 953 805 1034 ·qood
825 953 917 1012 multi
931 951 1037 1014 lenem
1060 951 1281 1033 placidumque
1300 968 1366 1011 vod

321 1065 409 1118 cant.
435 1065 471 1114 ot
492 1053 601 1113 docuit
617 1051 767 1116 Nicolauc
781 1053 911 1115 Laeuo·
932 1055 967 1114 in
988 1051 1118 1114 miscell.
1134 1051 1252 1132 Epiph.
1267 1059 1305 1130 4,
1320 1058 1361 1128 A·

319 1152 372 1216 alii
389 1165 495 1218 contra
510 1153 645 1215 fluvium
658 1153 718 1216 elle
734 1155 850 1217 volunt
865 1151 1008 1240 τραχέα,
1029 1151 1138 1232 βίαιον
1158 1151 1284 1230 (Strabo
1301 1166 1361 1214 aa.

318 1272 353 1336 p.
369 1253 592 1334 545.s.5oo.)
614 1251 757 1342 δινήεντα
781 1255 949 1338 (Apollon.
967 1256 1075 1318 ilhod.
1092 1271 1126 1323 o.
1141 1255 1247 1332 401.)
1270 1253 1361 1330 rupi·

320 1352 397 1417 dum
416 1353 535 1436 (Ovid.
558 1356 691 1418 Metam.
718 1373 751 1431 7,
775 1355 832 1441 6.)
865 1357 986 1418 celerem
1007 1353 1174 1440 (Priscian.
1194 1373 1227 1416 v.
1245 1349 1359 1438 673.)

311 1445 525 1548 fremebundo
540 1449 632 1547 curso
652 1455 827 1538 (Ammian.
846 1473 904 1527 ao,
922 1454 972 1542 8.)
996 1472 1030 1519 et
1044 1457 1085 1518 lic
1105 1473 1212 1538 porro,
1236 1453 1279 1516 de
1295 1473 1360 1535 ‘1¹¹²

320 1555 527 1638 discrepantia
548 1558 649 1640 aliqua
676 1561 801 1622 notarit
822 1559 895 1622 Nic.
917 1558 1046 1621 Loensia
1066 1578 1094 1619 c.
1117 1557 1139 1620 l.
1165 1556 1254 1638 plura
1276 1554 1360 1615 Bur·

319 1676 427 1720 marin.
445 1661 480 1720 ad
499 1659 595 1720 Valet.
614 1661 713 1722 Flacc.
732 1672 765 1739 5,
787 1673 866 1738 ι8ο.
892 1663 947 1742 qui
966 1661 1055 1720 litem
1077 1659 1158 1720 hane
1177 1657 1300 1717 dirimit
1317 1673 1359 1716 ex

318 1759 414 1820 variis
431 1761 506 1820 anui
527 1763 734 1843 temporibur‚
759 1763 846 1844 quod
868 1761 956 1824 etde
973 1761 1041 1822 aliie
1058 1761 1178 1828 valeata
1209 1771 1357 1818 ceterum
1443 1781 1444 1788 ¹

319 1859 483 1922 Chartlino
515 1860 590 1924 telle
615 1864 760 1945 rapidum
787 1861 871 1926 serri.
910 1860 961 1925 Cs.
992 1860 1135 1924 Chardin
1164 1876 1287 1942 voyage
1311 1877 1356 1919 en

319 1959 412 2022 Perse
426 1963 466 2026 Τ.
488 1983 515 2026 ι.
532 1983 601 2047 pag.
625 1975 705 2044 143.
728 1965 791 2042 (ed.
813 1966 933 2043 1735.)
954 1977 988 2026 et
1012 1975 1170 2043 praeterea
1193 1958 1354 2022 Herodot-

318 2071 355 2139 4,
373 2071 433 2140 45.
469 2062 556 2124 Olim
572 2085 646 2126 eum
662 2067 836 2128 terminum
852 2065 938 2125 Aliae
955 2077 987 2125 et
1002 2063 1149 2144 Europae
1170 2059 1354 2130 llatuehent.

209 2179 213 2188 ·
318 2177 356 2226 nt
372 2177 405 2224 et
420 2177 510 2226 notat
531 2185 570 2227 ex
591 2165 736 2244 Aeschyli
758 2165 953 2228 Prometheo
978 2163 1081 2225 soluto
1097 2163 1218 2225 Arrian.
1239 2181 1273 2244 p.
1296 2179 1307 2220 ι
1315 2177 1353 2240 9.

317 2265 442 2346 aliique,
461 2266 495 2327 in
510 2267 623 2348 quibua
635 2269 834 2352 Agatheruer.
851 2288 879 2337 ι,
895 2287 923 2328 ι.
939 2279 1047 2328 auctor
1061 2264 1180 2346 Peripli
1195 2261 1292 2325 Ponti
1305 2263 1351 2323 in.

317 2367 409 2443 (Vol.
437 2385 466 2432 ι.
498 2368 614 2453 Geogr.
637 2367 754 2446 Huds)
785 2370 920 2450 Procop.
943 2367 983 2428 de
1011 2365 1050 2428 B.
1072 2365 1169 2427 Goth.
1196 2373 1231 2442 4,
1256 2377 1291 2425 o.
1320 2373 1354 2423 et

315 2467 350 2532 in
366 2469 493 2546 primic.
517 2469 572 2530 ubi
587 2471 689 2550 plura,
713 2491 752 2532 ex
766 2447 911 2530 veterum
928 2455 1023 2530 etia'm
1040 2467 1118 2528 locia
1131 2463 1243 2534 adfert,
1266 2474 1301 2542 4.
1316 2463 1352 2527 6.

314 2565 483 2648 Respicere
505 2567 564 2630 hoa
580 2571 726 2650 Europae
743 2571 895 2630 terminon
910 2567 948 2630 ab
964 2568 1108 2628 Herculia
1128 2566 1290 2627 columnis
1311 2565 1352 2624 ad

313 2665 430 2730 Phasin
445 2670 574 2732 videtur
588 2669 677 2732 Plato
692 2673 726 2732 in
740 2671 913 2734 Phaedone
927 2691 959 2752 p.
975 2677 1058 2746 247.
1082 2668 1146 2744 (ed.
1162 2667 1250 2749 Bip.)
1288 2665 1352 2727 an

205 2809 209 2820 ·
314 2787 381 2832 non
399 2769 510 2851 probat
528 2771 645 2854 Geogr.
662 2773 808 2834 Ravenn.
826 2787 857 2840 Ω,
876 2787 933 2834 oo.
961 2769 1012 2830 sed
1032 2787 1089 2850 pro
1104 2769 1204 2830 Tanai
1218 2778 1350 2851 pugnat.

314 2869 415 2934 Causa
432 2887 538 2932 autem
553 2869 635 2934 sorta
650 2873 825 2954 quaerenda
839 2871 882 2934 eil
903 2871 938 2932 in
958 2889 1015 2942 eo,
1043 2870 1130 2950 quod
1147 2867 1257 2930 Phafin
1271 2868 1352 2928 olim

314 2974 528 3056 navigationis
554 2975 726 3036 terminum
748 2973 923 3057 ponebant,
957 2971 1077 3052 dequo
1101 2966 1140 3032 ci.
1158 2967 1272 3030 Strabo
1294 2986 1352 3031 ιι.

312 3095 345 3157 p.
364 3089 447 3154 343.
466 3072 486 3137 s.
503 3085 588 3156 497.
609 3077 677 3152 (etsi
691 3075 744 3134 hic
758 3076 798 3136 de
814 3073 976 3136 Colchidis
991 3085 1077 3155 parte
1092 3071 1238 3152 explicat)
1263 3081 1354 3130 etex

314 3195 354 3236 eo
372 3175 512 3240 Eullath.
535 3177 573 3238 ad
593 3175 723 3255 Dionys.
741 3197 773 3239 v.
791 3177 875 3250 687.
928 3173 1059 3236 Accedit
1075 3174 1170 3234 etiam
1186 3173 1354 3253 Διςοιιιιι-

313 3292 416 3340 tarum
432 3279 604 3358 expeditio.
626 3297 686 3358 qua
703 3277 807 3338 Phafic
821 3275 975 3337 inclaruit.
1010 3275 1088 3336 Eine
1101 3272 1223 3334 accolae
1240 3267 1354 3332 verina

311 3381 512 3446 doctoralem,
544 3391 581 3438 ut
600 3397 699 3440 nexus
722 3379 831 3448 docet,
865 3387 1019 3438 vocantur
1035 3366 1191 3438 Φασιανοὶ
1210 3391 1226 3432 ιι
1243 3369 1353 3433 Xeno·

311 3481 434 3564 phonta
450 3483 489 3540 de
505 3498 575 3560 exp.
589 3479 666 3558 Cyri
682 3479 759 3557 46.
773 3492 806 3553 3.
830 3493 914 3540 etex
929 3477 1022 3538 hoca
1037 3477 1181 3537 Diodoro
1196 3481 1249 3555 ιιι.
1266 3487 1352 3551 129.

309 3595 344 3644 et
368 3581 445 3644 hinc
468 3575 612 3666 Φασιανὴ
634 3573 732 3666 χώρα
757 3579 831 3641 teile
851 3577 1014 3640 Eullathio
1033 3595 1061 3638 c.
1076 3577 1098 3639 l.
1133 3576 1225 3635 Latet
1244 3571 1352 3634 adhuc

308 3679 379 3746 eine
404 3701 521 3744 nomen
548 3683 583 3744 in
609 3680 769 3744 Phasianie
795 3679 925 3748 aribus,
950 3697 1027 3759 quac
1049 3677 1125 3738 inde
1148 3677 1351 3759 Argonautae

310 3798 487 3850 avexerunt
514 3795 545 3844 et
572 3795 793 3866 propagarunt.
838 3781 910 3842 vid.
936 3793 1060 3861 praeter
1090 3776 1168 3838 alioe
1195 3775 1352 3836 Martiali·

313 3900 446 3964 13272·
477 3885 608 3948 Petron.
629 3885 662 3944 in
684 3885 786 3962 Satyr.
805 3895 863 3962 93.
881 3882 926 3942 in.
950 3893 984 3942 et
1005 3877 1144 3940 Eullath.
1161 3876 1198 3938 ad
1216 3873 1352 3954 Dionys.

306 4006 339 4046 v.
367 3987 452 4066 689.
504 3966 595 4048 I'lura
620 3985 660 4048 de
684 3983 815 4046 Phafide
839 3979 978 4065 conlegit
996 3977 1147 4044 Stuckiua
1167 3977 1207 4039 ad
1225 3977 1353 4038 Arriani

305 4087 418 4171 peripl.
445 4105 514 4169 pag.
531 4097 578 4166 88
593 4083 656 4170 sqq.
707 4085 790 4150 Urba
813 4081 1023 4166 cognominia'
1037 4081 1091 4144 lita
1113 4091 1179 4143 erat
1199 4077 1238 4140 ad
1260 4075 1352 4140 ollia.

304 4185 468 4278 (Agathlaa
482 4187 537 4254 lib.
559 4208 588 4254 ι.
612 4207 645 4273 p.
658 4186 718 4263 68.
733 4181 831 4275 Ven.)
867 4180 918 4248 Gi.
934 4183 1095 4266 deincepr.
1139 4177 1209 4267 lpse
1231 4177 1352 4268 dorio·
