2764 4954
236 411 301 480 -292
511 395 670 458 NOTAE
711 399 1017 458 Exccn‘rrcrc

241 571 353 636 Strabo
370 568 482 641 refert,
508 571 600 634 nomi
615 590 673 652 per
691 571 829 658 legator,
851 584 890 634 ut
905 570 951 633 ibi
966 574 1001 634 in
1019 589 1191 636 commune
1206 588 1276 635 con·

242 674 408 745 sulcarent,
434 685 670 736 convenerunt.

321 870 519 940 perpetuo
545 853 755 938 parietis)
806 855 993 920 Herodotus
1017 855 1134 943 τοῖχος
1158 845 1277 924 ἔξωθεν

245 957 262 1026 ὁ
285 949 386 1034 ου’πὸς
408 957 513 1040 σφέας
536 955 702 1044 περιέργει.
740 956 852 1020 Strabo
875 953 929 1040 ἐφ’
952 955 1020 1034 ivor
1041 957 1173 1044 ποίχου.
1218 960 1278 1021 Pii-

245 1066 319 1124 niuc
343 1073 427 1122 extre
451 1080 578 1120 murum
603 1061 675 1121 alias
701 1059 918 1121 aedificiorum
940 1062 1040 1124 moles
1065 1059 1154 1124 fuiffe
1175 1058 1278 1132 refert,

243 1161 326 1226 forte
342 1162 541 1245 pyramidem
559 1161 655 1232 illam,
679 1159 719 1221 de
737 1179 798 1241 qur
820 1158 919 1244 sopra,
947 1163 1095 1226 innuens.

320 1343 542 1425 marmore)
572 1343 712 1405 Plinius:
736 1342 843 1422 lapide
856 1345 959 1426 polito
968 1336 1155 1435 fornicibus
1170 1359 1279 1409 tectus.

244 1449 446 1513 Herodotnr:
481 1438 586 1532 ὀροφὴ
609 1438 741 1507 πάντων
766 1441 894 1530 λιθίνη,
928 1441 1082 1534 καθάπερ
1108 1446 1138 1510 οἱ
1158 1446 1280 1533 τοῖχοι.

245 1550 375 1614 Strabo:
409 1541 597 1638 poroiidcrr
620 1542 812 1632 ἐσπέγοσπιιι
836 1534 971 1622 πλαξὶν.

319 1727 591 1813 onrbcgibus)
653 1730 778 1792 Eodem
812 1730 970 1794 vocabulo
1004 1732 1106 1793 utitur
1144 1732 1283 1796 Ovidius

247 1835 379 1899 Metam.
401 1845 433 1911 8.
458 1833 537 1895 161.
566 1829 655 1890 ducit
675 1833 709 1891 r'rr
729 1851 859 1892 errorem
878 1833 1044 1893 variarum
1063 1831 1196 1914 ambage
1215 1837 1283 1896 via·

158 1959 163 1970 ·
246 1958 325 2000 rum.
353 1955 376 1999 r.
391 1952 587 1995 ononovrvs
604 1931 680 1994 MS.
700 1947 732 1996 c.
776 1929 925 2009 Σκολιοές
941 1925 1034 2008 ὁδοὺς
1054 1935 1131 1996 dicit
1150 1935 1283 2009 Strabo;

246 2039 432 2100 Herodotus
455 2025 607 2124 ἑλιγμοὺς
625 2027 901 2112 ποικιλωτάτουςς
928 2035 968 2096 de
988 2034 1129 2097 ornent
1152 2037 1284 2120 Apollo·

246 2140 314 2201 dor.
342 2153 373 2218 3,
402 2151 456 2212 15,
480 2149 513 2212 8.
551 2129 776 2210 πολυπλόκοις
808 2133 953 2222 καμπαῖς
978 2132 1037 2222 τὴν
1064 2133 1283 2224 ἀγνοουμένην

247 2229 358 2312 ἔξοδον
382 2232 543 2300 ἀπέκλειε.
596 2235 781 2317 Comparari
801 2237 853 2298 hie
874 2239 984 2318 ntique
1001 2236 1102 2319 potest
1119 2239 1231 2322 virgil.
1249 2251 1283 2316 5,

247 2351 332 2418 583.
366 2339 466 2400 Ovid.
490 2337 621 2398 Metam.
640 2355 666 2398 c.
689 2337 710 2398 l.
763 2339 810 2399 Ita
832 2352 941 2400 cutem
963 2336 1028 2402 fere
1054 2339 1095 2402 de
1116 2341 1283 2403 Trinacrio

245 2439 338 2524 specu
355 2439 483 2502 Gratius
499 2437 653 2522 Cyneget.
672 2457 704 2501 ν.
719 2447 805 2522 451.

321 2613 556 2712 anfracto)
608 2621 779 2702 Frequenti
804 2621 1037 2707 interruptione
1061 2637 1094 2688 et
1119 2625 1284 2690 averrione

245 2745 288 2788 err
302 2723 422 2786 directo
443 2724 477 2783 in
496 2722 678 2804 obliquum.
705 2743 729 2786 r.
749 2743 943 2789 οιιονονινο
960 2727 1037 2789 Μ8.
1057 2741 1090 2790 2.

322 2907 563 2988 revocatis)
614 2909 704 2992 Quae
724 2909 758 2970 in
777 2929 916 2973 errorem
935 2911 1111 2984 ducuntur,
1131 2931 1219 2993 -qnae
1238 2932 1285 2976 re·

248 3011 384 3082 cedunt,
417 3007 588 3072 retrorsum
615 3009 796 3073 flectuntur.
856 3011 993 3074 Ovidius
1016 3031 1044 3075 c.
1070 3014 1092 3076 l.
1123 3030 1287 3095 comparat

249 3131 326 3174 cum
340 3111 529 3173 Maeandro:
550 3103 713 3197 rrssur'tque
722 3105 873 3199 fluitque.
897 3132 1067 3175 onrnvrvc
1078 3115 1157 3178 MS.
1190 3117 1285 3200 Quae

247 3213 330 3274 ultra
352 3213 523 3295 procedere
549 3210 707 3283 solebant,
741 3225 909 3294 antequam
931 3217 1063 3288 exierie;
1104 3218 1222 3287 finitio.
1248 3233 1286 3280 ut

247 3316 365 3376 reverti
391 3315 522 3398 cogerit.
564 3331 588 3374 ι.
612 3331 805 3377 οιιοιιονιυο
829 3315 906 3378 MS.
930 3329 964 3380 Ω.
1022 3317 1170 3380 Porticus
1198 3319 1285 3404 apud

245 3414 436 3480 Strabonem
461 3409 614 3504 rrpvrrror'.

412 3619 505 3695 Μ.
556 3615 710 3699 aliter)
760 3619 811 3680 De
830 3619 960 3681 iliorum
976 3621 1121 3684 moribus
1136 3621 1235 3683 multa
1250 3623 1283 3682 in

246 3718 360 3800 primic
380 3718 580 3788 Herodotus,
605 3718 717 3781 Strabo
739 3719 794 3784 lib.
819 3735 873 3796 17.
900 3722 1062 3785 Diodorus
1084 3721 1139 3786 lib.
1158 3737 1192 3788 ο.
1232 3726 1282 3786 De

246 3819 388 3882 dictione
400 3816 483 3912 fimo
504 3815 596 3882 obiiti
617 3820 684 3883 vid.
705 3833 774 3885 not.
793 3824 862 3883 crit.

321 4015 412 4065 arte
437 4004 693 4088 medicatos)
743 4005 1281 4098 Pliniuslib.16..[c.cr.s.rr.]

248 4099 370 4176 scribit,
400 4106 434 4166 in
455 4108 545 4186 Syria
563 4109 640 4192 picit
656 4127 757 4192 genus
777 4107 914 4174 cedrium
935 4113 1058 4184 vocari,
1086 4115 1176 4177 cuiue
1198 4127 1281 4176 tenta
