2922 4958
274 347 338 426 5⁶⁶
543 351 704 411 uocas
745 353 1049 412 exsccrrcaa

280 525 447 589 Cedrenns
468 530 502 586 in
519 527 588 589 httt
612 549 644 610 p.
667 542 747 606 133.
766 529 846 589 Van.
888 529 976 588 Tum
996 545 1075 589 vero
1093 523 1217 590 Astacus
1232 537 1330 588 antea

283 627 377 690 Olbia
398 627 510 696 suerit.
535 645 567 690 et
585 631 727 690 nominis
741 630 836 690 huius
852 627 938 689 causa
953 630 1028 690 inde
1045 628 1206 698 exstiterit,
1236 627 1331 708 quoti
1422 681 1423 686 ,

282 729 410 792 Astacus
426 729 571 811 Neptuni
594 745 627 791 et
643 730 755 791 Olbiae
773 733 854 792 filius
876 731 1018 791 attacum
1037 731 1150 790 urberu
1168 729 1329 791 condidit.

283 831 356 892 Vid.
382 832 607 911 Stephanush.
625 851 657 892 r.
687 847 720 893 et
742 833 779 892 ad
803 851 880 893 curn
904 830 1122 894 Berkeliuset
1144 831 1330 912 Stephanus
1424 853 1425 868 .

282 953 316 1014 p.
335 945 419 1010 592.
434 945 464 991 et
484 949 529 994 αα
536 945 564 1008 5.
607 934 689 994 Sunt
705 934 842 1014 denique
860 934 923 1002 alii,
947 935 1001 1014 qui
1017 933 1170 1004 Astacum.
1194 933 1328 994 Olbiam

284 1049 318 1094 et
341 1033 562 1094 Nicomediam
586 1032 741 1114 separant,
774 1036 808 1094 in
833 1035 882 1094 his
903 1035 1106 1096 Ptolemaeus
1123 1045 1156 1111 5,
1185 1053 1214 1095 r.
1245 1051 1327 1114 quae
1427 1082 1428 1120 .

284 1136 416 1215 quidem
433 1135 568 1218 intelligi
591 1155 656 1196 non
677 1135 817 1216 possunt,
844 1135 900 1195 nisr
917 1137 1043 1216 antiqua
1059 1149 1201 1216 tempora
1217 1155 1327 1196 recen·

285 1235 422 1296 tioribue
438 1234 559 1295 misceri
577 1249 609 1296 et
630 1238 732 1297 deleta
754 1239 879 1298 excitari
896 1237 1083 1305 statuamus.
1109 1257 1173 1316 qno
1192 1236 1327 1296 nomine

284 1337 488 1400 Ptolemaeus
503 1339 599 1396 etiam
616 1337 648 1396 in
667 1337 734 1398 aliis
756 1339 1011 1420 reprehenditur.
1062 1337 1217 1419 Exempla
1237 1335 1328 1396 dabit

285 1437 450 1500 Salmasius
471 1439 503 1496 in
527 1438 674 1498 Solinum
698 1460 731 1520 p.
755 1459 798 1501 m.
819 1452 913 1516 gussa
956 1439 1041 1500 Male
1066 1453 1172 1500 tamen
1194 1437 1327 1500 aliunde
1431 1474 1432 1500 r

286 1535 404 1598 intrusa
421 1538 471 1596 illa
487 1559 552 1598 non
569 1553 689 1600 temere
703 1542 820 1601 iudicat
836 1539 985 1601 Manuert
1001 1561 1033 1622 p.
1048 1549 1134 1616 58⁰·
1165 1538 1328 1600 Omnium
1432 1572 1433 1584 .

286 1641 426 1700 maxime
442 1653 524 1698 errat
543 1641 682 1710 Plinius,
708 1656 909 1702 cumcontra
932 1661 1044 1703 omnes
1064 1641 1285 1702 Nicomediam
1308 1657 1328 1700 a
1433 1670 1434 1688 .

288 1740 405 1801 Nicaea
435 1739 623 1824 distinguat,
662 1757 828 1824 utramque
868 1744 963 1803 etiam
999 1757 1097 1803 terrae
1131 1755 1224 1802 nrotu
1250 1759 1328 1802 con·

286 1839 401 1924 lapsam
417 1839 455 1900 ab
473 1841 631 1905 Hadriano
645 1841 793 1904 resectam
810 1841 898 1903 fuisse
916 1842 1028 1904 diserte
1042 1857 1145 1904 narret
1160 1842 1328 1904 Cedrenua

287 1963 321 2026 p.
344 1957 423 2020 197.
468 1941 573 2003 Restat
600 1945 713 2026 igitur,
740 1946 826 2025 quod
850 1947 902 2004 alii
927 1945 1073 2014 tradunt,
1102 1943 1328 2004 Nicomediam

288 2064 328 2105 ex
356 2043 461 2104 rillaco
482 2060 587 2104 natam
611 2042 716 2116 inisse,
751 2046 791 2106 de
816 2066 879 2126 quo
903 2048 1064 2127 deinceps.
1119 2045 1218 2128 Quod
1246 2060 1326 2104 vero

288 2145 403 2206 Nosler
426 2142 593 2204 olitanam
611 2142 723 2234 fluum
746 2148 843 2214 dixit.
877 2145 999 2208 secutus
1021 2145 1064 2208 est
1090 2143 1252 2227 antiquam
1274 2145 1328 2206 ad·

286 2247 510 2328 predationem,
545 2248 622 2307 dum
645 2247 729 2309 stetit
753 2248 846 2310 Olbia
870 2267 943 2308 cunr
965 2261 1079 2329 portu;
1116 2259 1148 2308 et
1171 2246 1211 2308 src
1229 2243 1328 2306 refert

288 2349 384 2408 etiam
410 2347 520 2424 Scylax
541 2367 610 2430 pag.
630 2360 687 2426 55.
708 2343 807 2410 Huds.
859 2349 966 2409 Poslea
983 2350 1081 2418 enim,
1110 2347 1214 2408 Melae
1230 2349 1327 2410 etiam

288 2461 406 2516 aetate,
433 2447 594 2508 Astacenus
614 2450 697 2508 sirius
713 2449 817 2510 dictus
835 2449 887 2510 eli.
924 2447 975 2512 Cs.
991 2450 1104 2512 Strabo
1125 2466 1178 2512 ια.
1197 2470 1229 2530 p.
1243 2461 1325 2528 388.

288 2546 311 2608 s.
329 2547 413 2624 563.
441 2547 562 2608 Plinius
579 2559 611 2624 5.
628 2563 688 2626 43.
704 2547 725 2610 s.
738 2563 796 2627 52.
819 2584 872 2596 -
908 2553 960 2613 sic
972 2564 1004 2612 et
1019 2549 1146 2611 Nicetes
1161 2552 1193 2609 in
1209 2550 1326 2610 annali·

289 2648 350 2708 hos
374 2649 413 2708 de
438 2643 549 2710 lsaacio
573 2649 695 2731 Angelo
718 2670 746 2720 r,
771 2663 802 2728 3.
827 2651 871 2711 in.
919 2653 962 2718 ll.
992 2643 1093 2741 Golfo
1114 2651 1150 2712 dt
1178 2649 1327 2714 Considio

290 2749 492 2830 (llardulnus
508 2751 545 2808 ad
563 2747 663 2831 Plio.)
686 2752 740 2811 vel
758 2737 873 2840 lsmit,¹
895 2754 982 2834 quod
997 2751 1041 2813 ell
1057 2751 1266 2813 Nicomediae
1279 2769 1327 2812 re·

290 2869 365 2912 cens
387 2869 519 2912 nomen.
552 2847 603 2915 Cs.
619 2851 771 2915 Pococlre
788 2853 829 2913 T.
846 2867 880 2934 3.
898 2874 929 2937 p.
946 2874 990 2917 m.
1012 2865 1092 2933 ¹4⁰·
1124 2844 1229 2946 lsmid
1249 2854 1328 2914 Zan-

288 2955 371 3016 noni
394 2954 427 3012 in
450 2953 564 3016 tabula.

365 3155 673 3239 promontorio)
710 3157 832 3219 Plinius
849 3167 881 3234 5.
896 3165 957 3237 43.
973 3155 994 3219 s.
1007 3169 1065 3236 52.
1082 3156 1138 3218 src:
1166 3154 1330 3218 Leucatas

288 3259 551 3340 promontorium.
576 3279 637 3340 quo
652 3259 825 3320 includitur
840 3257 1012 3350 Astacenus
1047 3279 1129 3319 auus.
1167 3259 1203 3317 ln
1220 3257 1330 3318 Ptole·

289 3377 383 3421 raraeo
403 3373 433 3434 5,
459 3381 484 3420 ι.
510 3359 562 3418 hic
577 3361 731 3420 indicatur
751 3356 896 3444 Ἀκρίτας
918 3351 1014 3446 ἄκρα.
1048 3361 1109 3420 Sed
1126 3360 1167 3420 de
1182 3355 1331 3439 Neptuni

292 3459 366 3522 sano
383 3461 463 3519 nihil
481 3473 622 3540 uterque.
675 3463 756 3542 Apte
777 3479 853 3523 vero
867 3451 959 3548 fert.
994 3460 1077 3540 quasi
1100 3458 1233 3520 ostentat
1252 3477 1330 3520 con·

292 3561 503 3645 spiciendum.
543 3561 661 3624 Contra
683 3583 710 3632 ι,
734 3581 787 3640 17,
811 3585 838 3624 r.
858 3561 1016 3622 deflexu:
1043 3561 1144 3640 cingit
1165 3559 1330 3620 oraculum

291 3663 458 3742 Apollinis.
496 3661 647 3724 Ceterum
670 3661 810 3748 solebant
826 3662 1044 3744 promontoria
1061 3661 1217 3743 Neptuno
1232 3661 1331 3722 maxi·

291 3785 345 3827 me
363 3762 550 3836 consecrare,
577 3766 695 3846 dequo
712 3762 750 3827 cs.
769 3765 806 3826 ad
827 3783 856 3835 a,
878 3777 933 3839 17,
954 3783 984 3826 t.

366 3965 536 4061 Astacon
545 3966 564 4050 )
613 3967 736 4030 Plinius
753 3979 785 4046 5,
802 3977 861 4047 43.
878 3965 898 4029 s.
919 3979 976 4044 gn.
999 3967 1033 4026 in
1049 3963 1117 4028 casu
1132 3977 1220 4026 recto
1236 3961 1331 4058 Asta·

290 4091 373 4135 eum.
415 4071 469 4136 Gr.
485 4061 669 4149 Ἄνακος,
701 4071 787 4134 unde
809 4062 1008 4159 'Acraupvdc
1032 4059 1172 4144 κόλπος,
1201 4065 1330 4150 dequo
