2892 4950
198 393 252 452 tn
278 392 415 450 rone.
445 393 551 448 nnc.
593 391 672 448 ut.
714 391 862 454 nxvu·
903 389 982 462 l·t·
1052 399 1114 465 σοι

65 567 333 650 promontorium
352 563 568 643 Corynaeum,
595 561 762 626 Mimanti·
783 561 1054 646 promontorium,
1078 575 1113 624 et

65 668 170 728 hodie
187 677 320 728 vocatur
337 667 446 726 Kara·
458 665 570 726 Bnnm
587 661 608 728 l.
635 679 671 726 ut
687 664 779 728 effert
795 663 945 730 Pococlte
959 665 1057 728 Tum.
1076 675 1111 744 3.

65 787 100 852 p.
121 779 182 846 5⁰·
206 763 445 830 Carcbottrnou.

144 965 435 1050 Smyrnaeum)
484 968 596 1030 Tacite
618 965 657 1030 fic
680 969 803 1040 innuit,
829 965 918 1032 luille
942 967 987 1030 ibi
1002 969 1111 1049 Smyr·

66 1089 155 1130 nam.
182 1089 206 1130 1.
223 1089 419 1130 unonovtva
433 1067 509 1132 MS.
525 1089 553 1132 1.
589 1071 644 1130 Uti
660 1066 732 1130 lacit
748 1072 781 1132 in
796 1070 875 1134 aliie.
903 1068 954 1135 cf.
967 1069 1055 1153 [upra
1069 1069 1110 1131 ad

72 1191 102 1240 t,
129 1186 184 1239 ια,
202 1183 235 1246 5.
259 1171 299 1230 tle
322 1169 499 1232 Antiochia.
541 1173 590 1232 De
614 1171 750 1252 Smyrna
776 1172 898 1254 potiora
922 1171 1015 1234 haec:
1052 1169 1107 1233 Gr.

67 1261 231 1358 Σμύρνα,
255 1271 308 1332 vel
326 1274 422 1331 etiam
439 1265 549 1352 paffim
566 1259 697 1358 Ζμύρνα
714 1274 748 1333 in
763 1271 935 1341 codicibus,
956 1271 1063 1334 numit
1076 1283 1110 1333 et

67 1371 241 1454 lapidibus.
296 1373 346 1432 De
372 1375 479 1433 nuntie
504 1371 572 1434 vid.
598 1369 718 1434 Ralche
739 1373 772 1433 in
797 1373 871 1434 Lex.
895 1391 988 1437 nunt.
1012 1373 1054 1437 Τ.
1069 1381 1107 1450 4.

66 1471 103 1535 Ρ.
123 1488 158 1536 2.
183 1492 215 1553 p.
239 1473 332 1535 1266
351 1471 413 1554 sqq.
447 1474 487 1534 de
516 1471 669 1554 inscriptt.
698 1493 836 1536 marmor
858 1473 965 1536 Oxon.
992 1496 1026 1536 n.
1046 1473 1107 1554 96.

65 1593 138 1657 pag.
164 1589 246 1636 120.
270 1571 488 1658 (ed.1763.)
514 1574 554 1634 rle
579 1573 703 1636 MSStie
727 1576 847 1656 Lipliur
868 1587 902 1636 et
924 1573 1046 1638 Ernesti
1068 1574 1109 1636 td

67 1675 173 1734 Tacit.
199 1676 285 1736 Ann.
305 1683 340 1754 4,
363 1675 423 1752 56.
449 1687 481 1736 et
509 1693 587 1755 quoe
612 1674 664 1736 hic
685 1677 848 1758 producit,
879 1665 1000 1756 'quibue
1026 1674 1108 1737 addo

68 1773 221 1836 Garaton.
236 1775 273 1836 ad
292 1775 393 1837 Cicer.
409 1795 469 1858 pro
484 1775 583 1837 Balbo
601 1795 668 1858 cap.
688 1795 744 1840 11.
770 1778 826 1857 qui
841 1774 978 1839 adserere
993 1775 1107 1839 lludet.

67 1875 144 1937 Utra
162 1874 313 1958 scriptura
327 1875 499 1958 probanda,
525 1877 720 1960 disputatum
737 1879 799 1938 iam
815 1876 857 1940 en
870 1877 958 1948 olim,
981 1889 1015 1940 et
1029 1875 1108 1937 hino

67 1991 237 2058 utramque
267 1977 430 2038 invaluille
457 1979 584 2059 adparet
608 1997 648 2038 ex
672 1979 769 2040 Sexto
797 1977 959 2057 Empirito
984 1972 1108 2038 advers.

67 2077 228 2140 lllathem.
252 2097 281 2146 1.
298 2096 332 2156 9.
350 2080 395 2140 in.
420 2076 515 2162 legm.
542 2079 621 2158 169.
651 2079 706 2140 etst
729 2097 785 2160 per
808 2079 833 2138 Z
854 2078 984 2140 damnat
1004 2077 1107 2140 Hero·

67 2179 184 2240 dianue
207 2179 292 2260 apud
315 2178 489 2240 Hermann.
511 2180 550 2240 de
572 2179 769 2240 emendanda
791 2179 845 2242 Gr.
867 2179 1041 2242 Grammat.
1061 2195 1108 2240 rt·
1154 2207 1157 2214 ¹

67 2281 157 2342 tione
178 2299 212 2360 p.
231 2291 315 2356 505.
356 2279 443 2342 Furti
464 2283 559 2341 etiam
575 2281 607 2340 Σ
629 2279 746 2342 incusat
767 2281 790 2341 Z
813 2279 895 2362 apud
918 2279 1048 2342 Lucitn.
1070 2278 1107 2340 itt

66 2382 190 2442 iudicio
218 2381 377 2442 vocalium
399 2401 465 2462 cap.
485 2399 520 2460 9.
560 2381 667 2443 lncula
694 2381 888 2466 Smynmens.
938 2379 1004 2442 Alia
1024 2377 1105 2461 post·

66 2481 284 2545 Conditorem
320 2482 409 2543 urbis
442 2479 516 2543 lacit
551 2481 719 2542 Tantalum
753 2481 948 2564 Stephanus,
988 2469 1107 2570 Thesea

65 2584 180 2644 lstdor.
201 2583 350 2664 Originn.
374 2595 426 2658 15,
448 2603 476 2644 1.
510 2582 657 2644 Aristides
674 2585 715 2646 T.
737 2605 765 2648 ι.
789 2605 822 2666 p.
843 2597 925 2658 270.
944 2582 995 2644 ed.
1012 2579 1104 2645 lebb.

65 2696 97 2744 et
119 2703 204 2764 quae
228 2683 323 2744 habet
339 2681 456 2746 Menti.
479 2684 513 2742 in
528 2680 717 2746 Τ6166.1.
772 2685 925 2766 Cymaeus
946 2681 1102 2746 Herodot.

65 2785 98 2846 in
116 2787 188 2846 rita
206 2784 342 2844 Homeri
356 2803 382 2846 c.
399 2801 431 2846 o.
471 2783 652 2856 Tantalum,
679 2775 806 2876 Thesea,
831 2785 884 2845 rel
901 2803 995 2844 mtmn
1010 2784 1106 2846 Ama·

65 2906 184 2948 tortum
204 2885 261 2967 ipst
284 2885 450 2965 Smyrnaei
470 2885 554 2967 apud
574 2885 676 2947 Tacit.
697 2885 806 2946 Annal.
823 2893 856 2962 4,
874 2884 932 2960 56.
970 2888 1106 2945 Amazo-

64 3008 135 3046 nem
162 2986 290 3047 Plinius
308 2997 340 3061 5,
358 3000 415 3064 31.
435 2983 454 3047 l.
473 3001 531 3070 29.
577 2983 790 3064 Colophonem
812 2984 968 3046 Herodot.
989 3002 1019 3054 1,
1047 2983 1103 3047 16.

65 3083 233 3173 (κτίζειν)
260 3089 345 3166 quod
367 3105 405 3148 ex
420 3087 476 3149 lib.
498 3107 527 3158 t,
549 3097 629 3162 ¹5⁰·
656 3086 696 3147 stc
718 3084 962 3168 intelligendum
982 3083 1039 3154 est,
1065 3093 1104 3142 ut

64 3190 186 3250 exactis
220 3187 356 3257 Aeoliis,
397 3185 504 3268 priscis
541 3186 670 3256 incolit,
704 3185 903 3269 Colophonii
932 3185 1104 3264 Smyrnam

66 3289 128 3351 luia
156 3288 271 3350 incolit
297 3289 496 3370 occuparint,
520 3285 673 3364 (Paulan.
692 3303 725 3364 7,
747 3299 780 3364 5.
797 3287 864 3364 in.)
896 3285 982 3346 undo
1005 3295 1104 3368 patet,

65 3391 220 3459 Aeolios,
255 3389 362 3469 quales
385 3387 515 3450 fuerunt
537 3388 686 3468 Cymaei,
715 3402 806 3450 antea
828 3385 975 3458 tenuille,
1006 3401 1103 3468 quaro

65 3494 168 3554 etiam
189 3491 327 3551 omnino
342 3490 466 3551 Aeolios
484 3489 666 3552 conditores
686 3505 780 3552 vocat
802 3488 944 3550 Velleius
960 3507 989 3557 1,
1010 3497 1045 3568 4.
1068 3493 1103 3568 4.

65 3595 219 3656 Primum
235 3608 356 3652 nomen
371 3587 433 3650 luit
445 3589 640 3660 Nauloclms,
656 3589 790 3652 alterum
806 3589 949 3669 Smyrna,
968 3585 1006 3648 ab
1014 3587 1106 3648 Ama·

64 3711 149 3758 zone
162 3693 302 3772 Smyrne,
318 3691 526 3774 (Stephanur)
546 3711 640 3772 qunm
656 3691 708 3751 alii
725 3691 776 3752 rel
792 3689 990 3752 conditorem
1005 3685 1104 3756 urbie,

65 3795 148 3873 (rid.
167 3796 271 3869 antea)
298 3793 351 3852 vel
365 3805 528 3854 auctorem
542 3791 684 3853 nominis
698 3793 819 3854 dicunt.
844 3788 969 3866 (Strabo
985 3796 1040 3869 14.
1057 3789 1103 3848 in.

64 3895 213 3958 Eunath.
235 3893 275 3954 ad
296 3891 429 3973 Dionys.
445 3913 478 3954 r.
495 3895 594 3970 818.)
644 3891 808 3973 Myrinam
828 3890 916 3951 addit
936 3886 1050 3952 Euleb.
1071 3887 1106 3948 in

65 4019 136 4062 can.
156 3995 281 4058 Chron.
301 4013 371 4079 pag.
393 4005 472 4073 135.
498 3992 555 4054 ubi
571 3989 610 4054 cf.
627 3992 774 4076 Scaliger.
812 3991 899 4054 Haec
918 3989 959 4052 do
978 3990 1108 4070 antique

66 4101 224 4181 Smyrna,
257 4113 339 4177 quae
363 4113 381 4158 t
404 4094 504 4177 Lydia
524 4093 628 4158 diruta
652 4113 710 4179 per
732 4102 818 4178 400.
836 4109 937 4156 tunot
958 4084 1107 4183 nnnyddt
