2770 4954
180 355 392 414 rurorrr.
422 355 530 412 Mur.
572 353 654 412 ιι.
696 354 730 415 c.
750 353 802 439 yt-
842 351 922 422 ea.
998 351 1075 422 ‘²49

102 528 251 608 procel
274 550 297 590 a
322 527 454 610 mari)
512 527 672 590 Sallustius
701 522 789 614 [sug.
807 545 874 607 cap.
891 512 970 608 ab]
995 535 1064 583 non

38 630 140 714 procul
155 648 175 690 a
193 630 273 691 mari
295 649 366 692 eam
386 627 447 692 esse
468 629 555 691 litam
579 628 727 692 ostencit.
778 628 860 688 Mosa
883 638 991 687 tamen
1012 639 1064 682 ear

39 729 133 800 urbes,
156 750 240 812 quae
256 732 335 793 mari
349 749 416 792 non
433 729 615 800 abluuntur,
639 727 804 812 proculab
820 746 859 790 eo
874 724 934 787 esse
949 721 1063 786 scribit.

39 849 245 894 ereccorrvr.
303 831 390 895 Cum
410 830 494 893 Mela
511 828 716 893 consentiunt
734 825 791 892 alii
809 817 963 890 auctorei.
998 823 1065 886 ·Sic

39 931 142 994 Strabo
157 951 186 994 c.
202 933 223 994 L
247 935 342 1014 ponit
358 927 388 994 ἓν
408 929 580 1020 μεσογαίᾳ,
604 933 728 994 Psiuiue
744 953 770 994 c.
786 931 809 992 i.
832 931 866 990 in
883 927 1066 989 mediterra-

40 1053 105 1102 neo.
126 1033 332 1096 Ptolemaeus
349 1033 483 1094 urbibus
494 1031 635 1096 accenset
653 1029 840 1122 μεσογείοις.
874 1027 944 1092 Nec
957 1026 1066 1088 minue

40 1133 127 1195 hodie
149 1133 359 1196 Constantina
381 1135 515 1218 longer
538 1138 617 1196 mari
638 1134 681 1196 esi
700 1148 833 1195 remota.
886 1131 976 1214 Quae
996 1121 1067 1208 qui·

39 1235 105 1296 dem
124 1237 338 1319 repugnantia
360 1236 405 1295 ita·
423 1233 538 1298 adfecit
554 1236 718 1320 Cuperum
735 1255 763 1298 c.
784 1235 806 1297 1.
830 1248 877 1301 ut,
901 1227 1066 1314 quomodo

39 1336 193 1396 conciliari
217 1335 335 1420 posset,
359 1333 389 1396 se
409 1355 477 1398 nou
492 1337 602 1400 videre
623 1334 783 1398 fateretur.
823 1333 999 1416 Erpeth'tur
1022 1341 1066 1389 te·

39 1455 124 1507 men,
160 1435 183 1495 fi
210 1437 406 1521 cogitemue,
439 1437 612 1524 Iugurthae
636 1450 669 1499 et
692 1435 875 1500 Adherbaiie
900 1431 1065 1496 exercitur.

38 1555 106 1618 qun
127 1536 220 1598 haud
246 1538 347 1624 longe
366 1558 383 1600 a
399 1541 479 1602 neri
503 1558 604 1622 prope
627 1538 747 1602 Cirtam
774 1533 940 1599 consedisse
962 1543 1068 1595 narrat

38 1637 190 1700 Sallustius
216 1657 244 1700 c.
269 1639 292 1703 1.
321 1640 405 1702 ieter
425 1639 548 1702 Cirtam
569 1655 603 1704 et
625 1659 711 1702 mare
732 1639 823 1700 castra
846 1633 1001 1706 habuisse,
1033 1643 1068 1694 et

39 1737 107 1800 hinc
126 1757 198 1802 nou
218 1739 315 1826 louge
337 1759 355 1801 a
375 1742 466 1804 mari.
517 1743 605 1804 Tum
626 1741 794 1825 particum
814 1741 920 1818 longe,
946 1731 1066 1818 procul,

39 1837 117 1927 post,
142 1854 241 1913 aute,
266 1855 304 1903 ue
326 1861 425 1922 nuper
447 1861 514 1904 noa
542 1841 665 1926 semper
686 1841 796 1903 artiori
816 1837 904 1902 seusu
930 1833 1068 1918 inteiligi

41 1939 170 2013 debent,
201 1956 242 2002 ut
270 1943 310 2004 ad
330 1943 512 2006 Sallustium
538 1944 649 2006 docuit
669 1941 780 2006 Corte.
831 1939 915 2002 Nam
941 1949 1068 1998 tautum

41 2051 82 2118 48
100 2043 282 2106 miliaribus
307 2043 447 2128 duglicir
473 2065 492 2106 a
519 2046 598 2107 mari
623 2057 781 2106 remotam
813 2039 903 2102 fuisse
935 2038 1067 2106 Cirtam.

43 2143 130 2203 evicit
144 2145 247 2208 Shaw
261 2146 303 2208 T.
324 2165 353 2208 r.
374 2145 502 2228 prfifi.
522 2144 579 2208 ubi
595 2146 684 2228 plura
700 2145 740 2208 de
759 2143 829 2207 situ.
863 2139 962 2225 Quod
978 2137 1090 2201 enim
1220 2193 1223 2202 .

42 2244 140 2319 weced
156 2245 292 2328 quidam
313 2246 477 2308 interdum
497 2247 655 2330 explicant
681 2267 780 2328 prope
799 2263 872 2307 cum
892 2242 1006 2306 Servio
1027 2237 1068 2300 ad

45 2343 145 2429 virgil.
167 2351 253 2409 Aen.
277 2347 310 2417 6,
338 2347 393 2410 ιδ.
419 2349 473 2410 vei
498 2349 594 2410 iuxta
612 2368 686 2410 cum
708 2349 824 2411 edoem
848 2345 886 2407 ad
908 2345 987 2406 deu.
1010 2359 1065 2410 ro.

46 2455 120 2523 835.
139 2447 228 2510 conl.
247 2447 321 2510 loeo
342 2449 443 2534 eclog.
469 2446 502 2520 6,
527 2449 582 2514 rii.
613 2469 675 2512 uec
696 2447 896 2530 improbante
925 2443 1068 2524 Heyuio,

45 2546 279 2631 ambiguitatem
294 2549 327 2608 id
343 2546 525 2612 versatilem
538 2547 662 2612 efficiet.
706 2551 807 2614 Recte
828 2549 925 2634 igitur
940 2545 1070 2607 monuit

45 2643 183 2710 Perizon.
207 2648 248 2710 ad
270 2649 390 2712 Sanctii
412 2651 554 2714 Minerv.
574 2668 604 2722 r,
625 2653 680 2715 16.
701 2665 771 2714 not.
785 2665 819 2726 7.
846 2647 901 2712 etsr
917 2643 1069 2728 despatio

46 2766 107 2808 uon
119 2749 219 2834 longo
233 2749 373 2822 dicetur,
399 2749 627 2834 separationem
648 2766 754 2814 tamen
769 2771 804 2812 ac
819 2751 1070 2813 remotionema

47 2845 108 2910 suco
131 2849 274 2934 adposito
299 2851 462 2914 denotare.
514 2853 651 2935 Adparet
681 2853 744 2916 hoc
764 2845 1009 2914 luculenuffime
1035 2847 1070 2908 iu

49 2951 149 3028 primia
162 2971 204 3013 ex
226 2953 406 3042 narratiorre
420 2951 525 3016 Mebe
545 2971 576 3024 a,
593 2967 625 3033 3,
643 2961 678 3031 5.
692 2945 779 3044 four
794 2945 909 3043 faces.
936 2946 1071 3042 abisam

51 3049 108 3127 igni
123 3051 234 3130 μνοσιιὶ
253 3051 472 3124 admoventur,
498 3043 654 3118 ucceudie.
703 3055 756 3118 Sic
771 3053 857 3136 quod
878 3054 918 3116 de
940 3052 1070 3114 interio-

52 3149 128 3214 ribue
149 3151 234 3221 Asrie
251 3153 346 3214 tradit
365 3175 394 3226 ι,
415 3167 449 3233 a,
471 3163 507 3238 4.
538 3155 579 3217 de
601 3153 684 3218 Afric
706 3156 820 3238 procui
840 3175 858 3216 e
877 3154 955 3216 meri
974 3149 1072 3214 refert

53 3250 158 3314 Sallust.
181 3255 255 3337 lug.
277 3273 304 3315 c.
323 3265 382 3335 89.
401 3253 422 3319 s.
439 3263 499 3338 94.
549 3255 669 3318 Procui
689 3257 818 3319 Emodo
834 3268 951 3318 moute
962 3253 1073 3317 Oxum

55 3349 228 3416 descendere
251 3355 331 3417 dicit
350 3347 465 3420 Avieni.
483 3377 517 3420 v.
535 3357 620 3437 926.
645 3356 706 3418 ubi
727 3352 907 3440 simpiciter
927 3355 962 3416 id
983 3355 1072 3417 adfir-

57 3467 133 3512 mant
155 3453 289 3535 Dionys.
309 3475 343 3518 v.
369 3466 454 3537 747.
476 3469 510 3520 et
527 3455 675 3520 Priscian.
697 3479 731 3521 v.
751 3470 836 3536 724.
888 3455 988 3540 Quod
1004 3455 1072 3536 qui·

57 3551 226 3618 demetiam
240 3557 423 3632 notandum
441 3557 485 3620 est
500 3571 608 3620 eontra
624 3558 795 3622 Claudium
811 3557 998 3619 verderium
1014 3557 1073 3617 iui-

59 3655 306 3732 annuntiatae
320 3659 512 3740 plerumque
522 3658 693 3731 censorem,
709 3661 742 3720 iu
757 3661 900 3722 censione
915 3660 947 3719 in
963 3671 1070 3721 aucto·

60 3771 100 3816 ter
116 3775 150 3838 p.
164 3766 220 3840 74.
249 3761 306 3840 qui
326 3758 404 3822 ideo
426 3761 525 3842 carpit
542 3761 649 3823 iocum
665 3775 697 3832 2,
712 3769 748 3840 4,
764 3777 799 3824 2.
824 3757 964 3831 Ursum,
991 3781 1073 3845 quae

61 3857 155 3932 procul
168 3879 190 3919 a
211 3860 291 3921 mari
309 3857 507 3924 habitantur.
557 3862 668 3943 Iunge
689 3875 796 3924 auteur
817 3875 850 3923 et
871 3863 981 3941 procul
999 3882 1072 3946 pro·

61 3953 163 4019 miscuo
174 3971 403 4041 ponuntur‚‘ut
419 3961 456 4021 io
468 3963 582 4029 eadem
594 3958 774 4025 uenatione
788 3961 870 4044 epod
888 3963 1020 4047 Eutrop.
1036 3981 1071 4042 9,

66 4067 112 4138 ιε.
125 4055 149 4123 Ι.
162 4077 196 4146 p.
219 4073 253 4126 et
265 4061 402 4133 rurum
411 4059 492 4132 iius.
509 4073 619 4148 cae.
655 4065 744 4145 Tum
762 4063 910 4132 curedo·
925 4065 967 4130 ad
982 4083 1071 4132 arare
