2892 4950
372 362 442 448 492'
644 362 804 423 uonna
844 361 1147 422 axaonrroan

374 540 428 604 ed.
448 537 574 614 1727.)
599 536 673 598 itali
689 525 806 627 Efefo.
845 537 895 598 De
911 485 1057 620 antiquae
1076 535 1165 599 urbie
1182 533 1310 621 vestigiis
1330 551 1389 616 pro·

374 641 470 702 iixiue
496 635 710 722 exposuerunt
741 635 955 708 Tournei'ort,
984 636 1134 700 Pococke
1166 638 1294 719 aliique.
1323 653 1390 718 quor

375 742 520 805 indicant
540 754 683 804 auctores
704 739 801 825 Angli
821 738 891 802 hist.
915 737 1053 803 univers.
1076 740 1175 804 Tom.
1191 723 1224 804 6.
1240 759 1306 826 ptg.
1321 749 1389 816 253.

374 865 409 910 ιι.
434 856 521 924 989.

454 1041 663 1126 templum)
695 1039 948 1116 Nobiiiffimnm‚
968 1045 1158 1116 maximum,
1175 1041 1392 1106 celeberrimum

375 1147 686 1233 pulcerrimumque,
722 1160 760 1206 ut
788 1159 883 1208 vocat
911 1146 1077 1228 Ampeliue
1100 1167 1169 1228 cap.
1188 1157 1222 1222 8.
1250 1135 1391 1230 περιώσιον

378 1240 513 1336 ἀνδράσι
542 1245 661 1336 θαῦμα
689 1245 842 1326 (Dionys.
868 1267 902 1310 v.
926 1252 1031 1327 899.)
1065 1245 1126 1311 τοῦ
1155 1239 1229 1310 οὔτι
1256 1239 1393 1328 θεώτεραι

378 1341 506 1436 ὄψεται
539 1339 619 1433 ἢὼς,
661 1342 730 1410 ou'd'
763 1341 993 1436 ἂφνειότερον,
1030 1348 1237 1428 (Callimach.
1264 1348 1296 1408 in
1318 1345 1393 1406 Dim.

377 1472 412 1514 v.
429 1451 534 1535 949.)
558 1462 591 1510 et
614 1447 705 1530 plura
725 1448 897 1512 eiusmodi.
948 1451 1033 1510 Hinc
1056 1451 1089 1510 in
1109 1465 1131 1526 7
1152 1449 1239 1513 orbiu
1260 1443 1393 1509 miraculir

375 1564 506 1638 ponunt
519 1549 615 1612 Philo
631 1549 766 1630 Byzant.
783 1569 810 1614 c.
828 1551 862 1615 6.
887 1563 996 1612 auctor
1008 1569 1164 1630 anonym.
1182 1551 1222 1612 de
1240 1542 1392 1610 incredibii

378 1673 447 1737 cap.
463 1669 498 1716 9.
513 1647 560 1714 in.
590 1650 680 1712 Galei
701 1649 808 1732 opuio.
828 1673 861 1734 p.
878 1662 938 1728 85.
965 1651 1086 1734 Hygin.
1109 1649 1174 1713 fab.
1194 1664 1278 1730 998.
1300 1648 1394 1726 aliique

376 1754 424 1817 ibi
445 1773 463 1816 a
484 1751 666 1814 Munokero
693 1752 806 1814 notati.
857 1752 1051 1815 Conditoree
1075 1750 1222 1813 feruntur
1242 1751 1327 1812 varii.
1365 1745 1395 1806 ln

377 1848 602 1938 antiquiffimis
627 1851 779 1936 adparent
803 1853 998 1923 Amazones.
1022 1853 1220 1937 (diapolim,
1247 1852 1352 1914 Anien.
1367 1847 1395 1905 in

376 1958 499 2042 perieg.
514 1976 547 2017 v.
565 1971 650 2035 992.
677 1951 799 2016 secutus
814 1951 947 2034 Dionys.
963 1975 995 2016 v.
1014 1965 1099 2033 898.
1113 1957 1186 2032 -)
1208 1953 1316 2036 quibus
1330 1964 1396 2009 aooe·

375 2061 429 2121 dit
444 2057 575 2128 Noster,
602 2069 636 2117 et
655 2055 804 2140 Hyginus
818 2052 983 2134 fabnao3.
997 2068 1030 2118 et
1045 2068 1130 2133 998.
1159 2057 1216 2138 qui
1232 2075 1270 2116 ex
1285 2055 1396 2116 Amazo-

377 2159 474 2224 nibue
498 2156 640 2220 Otrirnm
662 2155 809 2242 (Otreren
830 2169 868 2217 ut
888 2171 967 2220 ιι9.
990 2177 1029 2219 ex
1045 2157 1100 2218 Gr.
1117 2152 1293 2245 Ὀτρὴρρν)
1312 2147 1395 2214 nomi·

377 2275 452 2336 nau
489 2258 603 2340 Hippo
623 2257 709 2342 apud
731 2256 915 2321 callimach.
943 2259 977 2318 in
1003 2259 1099 2320 Dian.
1126 2279 1161 2321 v.
1190 2273 1274 2338 259.
1319 2251 1394 2314 Plura

378 2359 640 2444 subpeditabunt,
662 2357 836 2441 Spanhem.
851 2359 889 2419 ad
905 2357 1088 2422 callimach.
1104 2378 1131 2421 c.
1147 2359 1169 2422 l.
1198 2360 1352 2420 staveren.
1363 2345 1392 2410 td

345 2539 348 2545 Ι
378 2463 502 2548 Hygin.
519 2479 548 2523 o.
562 2460 585 2522 l.
608 2475 642 2521 et
655 2461 713 2540 qui
727 2459 767 2520 de
780 2459 995 2522 Amazonibus
1012 2456 1166 2542 scripsere.
1190 2461 1277 2524 Petit
1289 2463 1392 2542 p.382·

379 2577 413 2626 et
429 2562 548 2641 Guyon
568 2580 601 2642 p.
622 2560 691 2638 136
709 2557 772 2640 iqq.
823 2557 886 2620 Alii
906 2573 1031 2622 tantum
1049 2562 1088 2622 de
1108 2562 1274 2622 [imuiacro
1295 2559 1393 2620 nunu

378 2663 580 2745 intelligunt,
611 2659 697 2740 quod
720 2659 776 2720 inb
797 2656 904 2744 fagino
923 2673 1036 2724 trunco
1058 2659 1097 2722 ab
1119 2663 1157 2724 iia
1179 2663 1350 2724 dedicatum
1362 2647 1394 2712 ei

380 2763 555 2826 seeundum
579 2755 764 2824 callimach.
782 2779 815 2824 v.
836 2774 921 2840 989.
954 2761 1010 2823 etsi
1032 2755 1107 2848 νηὸν
1135 2765 1170 2822 in
1197 2765 1308 2825 eodem
1326 2768 1393 2818 nem

379 2867 474 2950 ponit
491 2859 624 2942 Dionyi.
640 2883 672 2924 v.
685 2873 770 2941 897.
805 2862 903 2946 Quod
920 2863 1048 2944 quidam
1067 2863 1224 2946 probante
1240 2863 1291 2923 hio
1307 2848 1393 2920 Voillo

381 2989 422 3030 ex
451 2965 539 3028 iibria
564 2961 670 3025 micrr.
707 2955 822 3052 βωμὸν
858 2962 1099 3046 praeferendum
1125 2963 1255 3026 censent
1283 2968 1395 3050 propter

382 3069 529 3132 adiuncta
554 3065 681 3126 admitti
711 3083 777 3127 vox
809 3063 929 3146 potest,
970 3079 1141 3146 utrumque
1175 3079 1282 3128 tamen
1311 3053 1395 3122 omni·

381 3190 427 3234 no
442 3167 610 3249 componi,
634 3158 764 3254 Γινιρὸν.
790 3167 888 3246 qualia
907 3179 984 3226 tunc
1005 3179 1038 3228 et
1060 3169 1094 3228 in
1116 3167 1172 3229 iilo
1193 3168 1266 3228 loco
1282 3161 1337 3224 effe
1352 3171 1395 3238 ptr

382 3273 461 3341 tuit,
488 3269 675 3352 cogitemus.
725 3265 788 3329 Sed
805 3267 840 3327 in
860 3279 1025 3348 utramque
1046 3279 1169 3348 partem
1186 3267 1264 3328 haec
1280 3255 1396 3347 quaestio

382 3370 532 3434 versatur.
574 3369 667 3449 Apud
685 3367 834 3428 Tacitum
855 3369 945 3428 enim
961 3368 1072 3430 Annei,
1089 3382 1121 3448 8.
1138 3365 1197 3432 61.
1219 3367 1273 3450 ipsi
1289 3353 1396 3446 Epheffi

383 3483 520 3543 narrant,
544 3469 696 3532 Liberum
713 3479 847 3551 patrem.
870 3467 982 3554 (igitur
996 3481 1069 3530 ante
1084 3469 1278 3546 Herculem.)
1302 3455 1396 3546 suppli·

384 3574 475 3636 cibus
495 3572 707 3640 Amazonum,
740 3587 819 3650 quae
840 3589 924 3630 aram
948 3565 1135 3638 insederant,
1154 3565 1316 3654 'ignoviiin
1353 3551 1394 3620 Cf·

384 3671 517 3738 Pauian.
536 3685 568 3744 7.
588 3687 620 3742 9,
639 3679 674 3748 4.
726 3670 819 3730 Idem
841 3669 895 3730 hio
917 3680 951 3748 4,
971 3683 1028 3750 89,
1046 3671 1079 3734 6.
1103 3671 1331 3732 dedicationem
1345 3653 1395 3721 inni

384 3789 418 3837 er
438 3771 592 3833 simulacri
611 3770 650 3832 ab
673 3771 887 3833 Amazonibus
910 3769 1020 3830 iactam
1045 3771 1083 3832 ud
1103 3768 1220 3832 famam
1240 3769 1349 3833 reiicit,
1370 3767 1395 3818 et

375 3873 461 3961 dubi
476 3887 509 3949 7,
526 3887 559 3942 9.
575 3881 611 3952 4.
636 3889 749 3933 verum
768 3871 880 3953 tempii
896 3865 1095 3933 conditorem
1114 3873 1259 3954 producit
1274 3861 1393 3932 creton.

385 3975 582 4060 indigenam.
618 3973 690 4036 Viri.
712 3991 793 4054 quaa
815 3973 954 4055 disputat
975 3973 1147 4054 Spanhem.
1172 3973 1212 4033 ad
1233 3959 1393 4038 Callimach-

368 4072 422 4140 'in
440 4077 535 4141 Dian.
555 4093 590 4139 v.
608 4081 693 4156 988.
728 4071 965 4159 Ctofiphontii.
987 4069 1221 4171 Cirrefipirouti.
1243 4069 1392 4139 archium
