2828 4966
323 405 367 476 24
592 398 753 459 nonen
793 398 1097 459 nxncnrrcen

329 573 416 637 unde
438 571 593 656 inciperet
623 574 804 648 decurrere,
842 595 938 658 quem
963 574 1076 660 potine
1100 594 1118 637 e
1144 573 1316 646 termino.
1349 573 1378 635 in

330 695 427 758 quem
447 675 561 737 definit
575 673 761 740 adscensus?
800 675 982 740 Naturaliue
1002 676 1090 739 enim
1107 691 1173 738 eret
1197 675 1378 738 describere

332 777 371 840 nb
386 795 437 849 eo,
461 777 548 858 qnod
568 777 656 840 fieret
672 791 745 840 ante
766 778 945 849 meridiem,
971 797 1067 860 quem
1083 778 1170 860 quod
1188 777 1267 859 post
1290 779 1376 840 meri

333 879 433 942 diem.
485 879 584 938 Tum·
594 877 695 941 verbo
717 877 876 941 decurrere
897 881 1000 940 utitur
1024 895 1134 941 auctor
1157 879 1199 942 de
1217 877 1306 942 Nilo
1330 873 1372 965 [r

338 999 393 1061 19,
416 972 473 1066 9.]
499 992 532 1042 et
552 977 660 1050 Caico.
683 972 741 1066 [t.
768 991 824 1060 ιθ,
851 973 905 1066 1.]
931 993 964 1044 et
985 981 1136 1051 Himera,
1167 973 1226 1068 [2.
1248 995 1285 1056 ¹7.
1308 973 1378 1062 17.ss

331 1095 365 1144 et
389 1081 494 1151 Baeti,
527 1073 580 1171 [5‚
609 1101 637 1150 ι.
662 1077 719 1168 5.]
752 1101 819 1145 non
843 1094 908 1144 tem
931 1095 969 1143 ut
991 1079 1172 1144 descensum
1195 1095 1234 1144 et
1259 1077 1378 1163 lcpsnn

332 1201 444 1245 comm
468 1193 576 1253 notet,
602 1202 696 1264 quern
720 1181 874 1265 spatium,
903 1203 962 1266 per
990 1182 1078 1266 quod
1105 1195 1205 1268 egunt
1237 1182 1376 1244 alveum

333 1284 443 1368 Quum
467 1282 619 1346 Manilius
642 1281 746 1346 scribit
772 1285 829 1348 lib.
851 1303 883 1348 1.
906 1281 961 1371 [v.
980 1280 1085 1372 512]
1111 1285 1151 1346 de
1173 1282 1327 1346 Orionet
1356 1301 1378 1342 et

334 1396 406 1446 toto
430 1377 589 1470 [bentlei.
608 1397 639 1446 ec
659 1378 768 1471 notio]
792 1376 919 1477 semper
940 1385 1099 1447 demrrem
1119 1383 1263 1456 mundo,
1291 1395 1378 1446 notu

332 1485 480 1570 Scaliger,
501 1483 647 1548 Orionem
659 1507 812 1568 ocmepore
825 1488 986 1570 uerbisque
999 1477 1227 1578 hemisphaerii
1241 1504 1378 1566 magnos

331 1597 461 1668 portes,
493 1604 560 1648 non
585 1587 658 1668 quia
682 1585 829 1649 deorsum
861 1589 969 1652 currit.
1021 1587 1169 1650 Omnino
1198 1587 1378 1648 meridiem

332 1701 427 1749 vocat
450 1685 528 1748 istud
553 1685 703 1770 spatium.
737 1690 823 1771 quod
842 1701 875 1750 et
896 1690 931 1750 in
952 1687 1102 1754 adscensu
1119 1701 1153 1750 et
1171 1689 1206 1749 in
1226 1684 1378 1750 descensu

334 1786 488 1850 accenseri
510 1785 589 1852 solet
613 1789 770 1852 meridiei.
824 1791 909 1853 lllud
937 1810 1012 1852 cum
1036 1790 1159 1875 peregit
1180 1787 1245 1860 sol,
1280 1787 1378 1850 estin

332 1883 485 1960 meridie.
519 1903 553 1952 et
573 1889 620 1951 ibi
643 1891 781 1954 decurrit
801 1911 870 1954 non
891 1893 996 1963 aliter,
1025 1911 1122 1974 quam
1142 1891 1241 1952 misee
1260 1889 1378 1951 Romu·

332 2011 396 2052 nuc
417 1991 451 2051 in
475 1992 699 2055 exercitatione
722 1993 900 2075 campestri,
932 2006 988 2054 nut
1012 1990 1137 2056 sunere.
1189 1987 1378 2054 Convoceri

331 2091 397 2153 buc
417 2092 552 2164 debent,
578 2113 657 2174 quae
677 2092 782 2156 scribit
804 2093 910 2157 uenus
925 2095 1098 2176 Pompeius
1121 2094 1156 2154 in
1172 2111 1260 2154 rocc
1278 2087 1378 2183 Ptfii·

334 2214 424 2254 cum:
442 2253 445 2264 ,
466 2194 520 2255 Sic
543 2195 639 2254 etiam
661 2215 700 2256 ea
721 2196 799 2257 coesi
818 2215 911 2276 pars,
942 2215 1024 2278 quoe
1036 2187 1108 2286 sose
1129 2191 1315 2286 iliustretur
1335 2185 1378 2251 od

333 2293 516 2364 Meridiem,
541 2295 652 2354 antico
671 2295 779 2378 utique
796 2297 997 2371 nominatum
1020 2315 1102 2379 quoe
1124 2295 1168 2356 od
1180 2285 1378 2386 fiptmmio

334 2415 403 2458 rtem
429 2391 473 2486 ss
496 2391 638 2486 postico:
676 2387 857 2488 rursumque
881 2395 1070 2458 diuiduntur
1094 2398 1129 2458 in
1156 2395 1240 2457 duos
1265 2403 1378 2476 portes

335 2495 494 2556 Orientem
518 2507 548 2554 et
572 2492 784 2561 Occidentem.
834 2497 920 2560 Hinc
940 2497 1038 2582 igitur
1060 2510 1093 2560 et
1117 2496 1156 2558 ab
1178 2511 1314 2558 auctore
1340 2489 1377 2556 td

334 2578 538 2660 Herennium
552 2593 696 2658 scribitur
715 2597 773 2662 lib.
791 2612 824 2679 3.
841 2619 909 2682 cap.
928 2613 987 2662 Μ.
1012 2597 1094 2661 Solis
1109 2609 1240 2659 exorem
1255 2584 1375 2685 cursem

333 2688 481 2788 occursus
505 2715 595 2758 nemo
619 2697 811 2763 admiratur.
853 2719 877 2764 r.
904 2717 1110 2762 onouovtve.
1171 2697 1279 2762 Miror
1302 2689 1377 2754 Vos·

333 2800 425 2862 sium.
457 2827 497 2842 -·
533 2797 704 2862 Necenim
719 2801 805 2864 Mese
823 2799 973 2884 spectavit
989 2801 1043 2863 bic
1055 2799 1229 2882 quidquem
1246 2793 1376 2862 devexi,

334 2914 388 2963 eut
404 2897 551 2960 deorsum
572 2899 670 2973 verse,
697 2899 748 2964 sed
767 2901 949 2986 simpliciter
965 2903 998 2963 id
1014 2921 1136 2970 unum.
1160 2899 1249 2982 quod
1272 2899 1377 2960 Euro·

332 3003 419 3085 peeie
439 3001 473 3060 in
497 2999 745 3083 septemtrionali
766 3005 855 3090 plage
876 3002 1093 3066 habitantibus
1116 2999 1161 3064 sol
1181 3000 1220 3062 ab
1241 3013 1320 3063 ortu
1337 2995 1377 3056 ed

335 3102 501 3165 Oceanum
518 3102 660 3164 decurret
679 3101 801 3186 semper
819 3125 876 3188 per
890 3103 1072 3167 Meridiem.
1126 3102 1301 3187 Quocirca
1321 3097 1374 3158 bic

332 3203 373 3266 de
389 3205 421 3266 in
437 3201 596 3265 decurrere
610 3203 692 3266 nibil
711 3205 796 3266 eliud
812 3218 917 3276 notet,
939 3223 1034 3288 quem
1048 3201 1172 3272 cursum
1189 3215 1222 3264 et
1234 3199 1375 3286 spatium

334 3301 426 3366 suurn
442 3303 613 3376 absolvere.
639 3307 733 3388 piene
748 3321 785 3368 ut
803 3307 837 3368 in
857 3305 1017 3378 debeisore,
1039 3304 1207 3367 decantare
1220 3317 1254 3364 et
1273 3290 1375 3392 desei

333 3419 404 3468 tore
426 3407 596 3470 canticum.
632 3408 685 3470 Sic
705 3407 833 3474 Pseutue
849 3409 961 3473 Sticbo
984 3427 1013 3478 t,
1033 3423 1065 3478 2,
1089 3415 1144 3485 ¹4-
1170 3394 1301 3496 decurfir
1324 3419 1373 3460 ae·

331 3511 416 3570 toris
430 3499 555 3600 spatio.
607 3508 772 3578 anedrue
788 3523 822 3588 3,
839 3525 897 3572 πο.
918 3511 965 3574 in.
993 3505 1057 3604 Oui
1071 3503 1226 3598 notusss
1242 3495 1371 3594 infelice·

332 3629 396 3670 non
422 3613 526 3670 vitum
550 3607 644 3672 ruodo
669 3609 787 3704 trssem
813 3609 962 3673 decurrit.
1013 3609 1100 3670 Hinc
1120 3602 1261 3698 decursio
1287 3621 1369 3664 com·

330 3707 443 3802 pessris
472 3707 529 3770 sub
555 3711 648 3773 ermie
673 3711 758 3774 inter
781 3713 928 3774 exercitia
955 3709 1098 3771 militum
1127 3709 1182 3770 vel
1203 3705 1368 3790 proecipue

331 3823 405 3872 erat.
458 3812 511 3874 Sic
532 3831 608 3896 ergo
628 3827 660 3874 et
682 3813 736 3873 bic
753 3811 796 3874 sol
816 3811 1008 3875 curriculum
1025 3809 1116 3872 suum
1132 3809 1272 3871 decurrit
1291 3821 1368 3887 quo·

330 3911 421 3982 tidie,
444 3931 505 3995 qun
519 3927 626 3975 nutem
643 3927 730 3995 perte
745 3925 799 3974 aut
813 3916 865 3976 rin
887 3913 1035 3982 decurrit,
1061 3911 1100 3973 nb
1117 3930 1153 3973 en
1171 3923 1259 3992 parte
1275 3903 1368 3968 nobit

330 4011 375 4076 est
401 4013 564 4078 Meridiee.
600 4031 813 4078 rnnrzourve.
871 4015 927 4076 Vir
952 4015 1068 4077 doctus
1090 4014 1125 4076 in
1150 4011 1230 4075 edit.
1258 4003 1364 4085 1696.

329 4110 545 4204 adscripserim
586 4135 648 4200 qua
677 4113 839 4184 descendit
868 4115 908 4180 ab
938 4129 1107 4202 requetore
1136 4113 1177 4178 ed
1209 4111 1366 4197 tropicum
