2922 4958
326 384 390 463 eon
596 389 759 450 uorrz
799 389 1105 450 axaonrrctt

327 559 400 648 (bic
421 557 512 651 λιμῷ
533 556 781 645 intertiatam)
800 583 828 626 c.
842 583 872 626 c.
888 563 910 626 l.
926 563 951 628 l.
982 563 1132 647 Ephotut
1145 577 1178 627 et
1197 561 1365 646 Nympha·

327 665 425 728 dome
447 663 531 748 apud
552 660 659 728 Schol.
684 667 723 726 ad
746 665 896 748 Apollon.
913 685 941 727 c.
958 666 980 730 l.
1031 667 1122 728 ldem
1144 663 1209 727 fere
1233 668 1275 726 de
1294 684 1366 747 rege

327 765 533 849 Taprobaoee
548 761 664 828 insulae
680 779 782 828 narrat
794 767 918 828 Pliniue
928 767 1036 846 6,·24.
1047 765 1067 830 l.
1079 783 1138 830 αα.
1159 788 1224 837 rex,
1239 762 1277 855 fi
1291 763 1369 848 qrrirl
1444 784 1445 836 l

326 867 497 950 delirrprrit,
525 880 624 928 morte
645 869 818 938 multatur,
843 868 929 930 nullo
952 870 1163 938 interimente,
1189 858 1368 958 nunfantr'·

271 1003 274 1008 ·
326 967 385 1032 bns
399 972 539 1064 eunctis,
565 979 598 1030 et
612 971 797 1046 commercia
809 971 906 1032 niam
917 959 1078 1061 firmanis
1089 965 1292 1052 negantibus.

403 1162 569 1263 asperi)
611 1161 728 1236 'E9eot
749 1165 806 1236 nai
827 1165 936 1262 aripert
958 1169 1016 1236 real
1032 1168 1133 1259 ἔργοις
1148 1169 1369 1260 βαρβαρικοῖς

326 1271 418 1337 iuilie
438 1274 515 1334 dicit
530 1274 688 1352 Scymnue
702 1293 730 1336 c.
748 1274 769 1336 1.
798 1295 877 1356 quae
892 1276 1023 1356 quidem
1040 1275 1197 1356 superiora
1215 1273 1367 1356 lpectant.

327 1375 425 1459 Quod
448 1375 595 1456 pernoxii
616 1374 751 1455 etlpulfie
771 1373 861 1437 inille
886 1375 999 1438 Noster
1023 1375 1144 1446 scribit,
1178 1377 1210 1436 id
1229 1377 1367 1437 omuino

326 1477 471 1538 adfirmat
486 1475 585 1538 Valer.
600 1475 700 1538 Flacc.
714 1486 750 1554 4.
767 1479 851 1553 613.
875 1477 916 1538 de
931 1479 1057 1559 populis
1073 1475 1142 1560 poll
1154 1475 1313 1555 chalybe
1327 1477 1369 1536 ael

326 1577 491 1642 Colchida.
531 1574 597 1660 lpla
617 1597 683 1638 vox
701 1579 848 1656 pemoxii
868 1579 995 1638 videtur
1016 1578 1076 1642 elle
1097 1579 1185 1640 unici
1211 1578 1367 1660 exempli.
1445 1597 1446 1634 l

325 1679 423 1746 tunt
437 1678 524 1742 enim
541 1680 693 1764 ignorant
708 1678 833 1752 Lexica,
859 1699 920 1742 nec
938 1681 1020 1742 mihi
1035 1681 1184 1744 occurrit.

391 1941 395 1950 ,
491 1884 521 1962 §.
554 1902 610 1948 rr.
662 1881 999 1964 Macrocephali)
1046 1881 1160 1946 Graeca
1180 1880 1368 1964 hecarlpel·

325 1983 446 2046 latione
466 1985 849 2064 commemorantscylax
870 2005 901 2066 p.
920 1999 979 2062 33.
1004 1982 1103 2048 lludl.
1136 1984 1258 2046 Pliniue
1276 1985 1310 2053 6,
1328 1993 1366 2061 4.
1446 2025 1447 2070 ,

324 2085 603 2167 stephanusnr.
625 2085 807 2167 etquidem
829 2085 892 2149 alii.
944 2087 1057 2166 Scylax
1078 2086 1188 2148 eadem
1210 2103 1263 2146 eor
1288 2083 1366 2146 lerie
1446 2071 1447 2082 ¹

326 2188 440 2271 ponit,
467 2207 527 2268 qua
551 2185 679 2256 Noller,
706 2188 784 2248 item
803 2187 946 2258 Plinine,
973 2188 1061 2248 iuxtt
1077 2187 1216 2250 Colchoe
1232 2187 1365 2267 Stepha-

324 2307 398 2352 nua.
441 2287 648 2370 Palaephatus
663 2290 696 2350 in
714 2289 849 2359 Troicis,
870 2289 955 2370 quod
972 2289 1122 2352 testantur
1132 2289 1362 2368 Harpocration

325 2401 359 2450 et
375 2387 489 2451 Saldae
509 2390 541 2451 lr.
559 2410 591 2452 v.
614 2387 719 2472 posuit
739 2391 773 2450 in
794 2391 893 2470 Libya
911 2387 997 2472 lupra
1013 2390 1162 2457 Colchos,
1189 2387 1260 2449 laria
1280 2389 1361 2450 miro

325 2509 422 2551 nexu.
465 2490 604 2552 Adiuvat
627 2505 732 2554 tamen
748 2504 781 2552 et
795 2489 1013 2554 difficultatem
1029 2493 1157 2572 expedit
1170 2489 1359 2572 stephanon,

324 2591 381 2672 qui
402 2588 580 2665 Libyllinoe
600 2591 684 2669 (vid.
702 2592 735 2654 h.
756 2593 810 2668 v.)
836 2595 1001 2672 producit,
1031 2605 1161 2675 gentem
1185 2591 1263 2652 olim
1289 2590 1360 2654 Col·

325 2691 394 2754 chia
409 2690 560 2760 vicinam,
579 2691 664 2754 trude
677 2691 801 2774 Cytaea
813 2689 978 2786 Libystica
992 2694 1068 2754 orbs
1083 2696 1116 2754 in
1131 2693 1262 2755 Colchis
1276 2711 1362 2754 com·

324 2806 519 2856 memoratur
534 2793 716 2876 aLycophr.
729 2815 759 2856 v.
775 2779 881 2874 t3ta.
902 2795 959 2854 ubi
975 2795 1074 2878 vulgo
1090 2795 1170 2856 male
1183 2788 1362 2880 Arpuornrlp

324 2895 453 2980 legitur,
476 2889 571 2958 liu'rn
586 2895 761 2977 Stephano,
781 2888 890 2968 Κότυς
903 2897 1024 2956 auctori
1039 2896 1150 2974 Etym.
1167 2894 1213 2954 Nl.
1234 2896 1364 2974 utrique

324 2997 359 3058 in
376 2997 547 3069 Colchide,
582 2997 669 3059 unde
693 3010 725 3058 et
749 2989 910 3070 Kurnreut
931 2993 1047 3083 Αἰήτης
1067 2997 1182 3057 dicitur
1201 2995 1239 3054 ab
1253 2997 1363 3075 Apoll.

323 3097 389 3162 Rh.
409 3113 440 3168 a,
460 3110 545 3180 403.
581 3095 631 3161 ef.
651 3097 790 3162 Holllen.
804 3099 841 3160 ad
860 3097 1011 3178 Stephan.
1028 3118 1059 3178 p.
1076 3107 1153 3176 ¹¹89·
1192 3095 1367 3159 Ceralnnta

324 3200 482 3281 oppidum
497 3201 534 3262 lie
550 3198 710 3282 subiungit
722 3201 855 3260 Pliniue.
899 3197 1047 3262 Nominis
1064 3196 1150 3258 causa
1167 3198 1199 3258 in
1217 3212 1365 3278 promtu.

324 3296 455 3384 Negant
478 3314 583 3362 tamen
606 3301 675 3368 alii,
711 3300 786 3362 talea
808 3319 947 3380 unquam
976 3300 1112 3382 populoe
1141 3298 1300 3368 exstitill'e,
1328 3311 1366 3360 et

323 3403 520 3464 narrationes
536 3401 575 3463 de
592 3401 680 3464 ilerd
696 3397 815 3463 fabulae
828 3401 996 3468 reiiciunt,
1024 3414 1059 3460 ut
1073 3400 1183 3462 Strabo
1206 3419 1234 3460 r.
1254 3421 1286 3480 p.
1299 3415 1363 3479 29.

325 3500 425 3582 [45.
449 3504 489 3564 tle
505 3501 644 3564 Heliodo
659 3515 691 3562 et
706 3503 746 3563 rle
767 3501 893 3580 Scylace
910 3500 1111 3564 Philollratnr
1132 3503 1165 3562 in
1183 3502 1246 3562 rita
1266 3501 1365 3581 Apol·

324 3603 407 3666 lonii
427 3618 459 3683 3,
475 3615 535 3682 47.
562 3623 656 3686 quem
674 3604 752 3664 dicit
774 3596 871 3689 ᾅδειν.
915 3601 1029 3684 Neque
1052 3615 1158 3662 tamen
1175 3621 1191 3664 r
1209 3621 1287 3664 vero
1308 3601 1363 3662 ab·

324 3704 451 3775 horret,
479 3705 500 3764 li
519 3707 625 3768 audiat
644 3706 870 3786 Hippocratem
893 3705 933 3766 de
954 3723 1016 3766 aer.
1037 3723 1102 3783 cap.
1120 3715 1179 3780 33.
1231 3703 1362 3786 Nempe

323 3827 433 3870 recens
449 3821 596 3868 natorum
612 3805 781 3866 infantium
797 3809 895 3887 capita
910 3806 1055 3866 manibus
1070 3802 1229 3886 fasciisque
1244 3805 1287 3864 ita
1304 3825 1363 3867 eoa

325 3909 475 3992 coegille,
502 3923 538 3968 nt
552 3909 590 3968 arl
606 3927 675 3969 eam
692 3905 827 3968 iorrnam
843 3904 1070 3976 excrescerent,
1095 3925 1188 3986 quarn
1207 3909 1362 3988 temporie

324 4009 482 4095 progrellu
505 4007 566 4092 ipla
587 4023 694 4072 natura
716 4011 884 4075 adiuverit.
935 4011 981 4070 lta
1004 4009 1144 4069 neminie
1165 4006 1286 4068 caularn
1310 4029 1362 4070 ex·

321 4111 417 4197 plicet
431 4113 529 4176 etiam
539 4110 688 4178 Mutetur
700 4111 900 4180 tunt-een,
912 4121 1012 4191 eme.
1038 4110 1132 4174 ldem
1141 4107 1360 4174 Genuenllum
