2922 4958
235 387 452 490 rnroton
481 387 589 445 nrt..
630 387 711 446 ω.
754 387 890 448 o.xot.
931 389 1010 467 oo.
1081 383 1142 452 σοι

103 564 148 627 de
164 563 274 628 Ponto
292 583 321 626 c.
336 563 379 640 1.)
410 561 526 624 erebro
546 557 675 624 vortice
698 574 814 625 tortut.
842 557 962 640 (Ovid.
981 583 1021 625 ex
1036 561 1145 628 Ponto

103 679 142 748 4,
165 687 221 739 ro.
241 668 323 746 48.)
356 665 398 728 Η.
413 677 553 727 vocetur
571 659 796 756 Kisa-Itanos
810 662 832 728 s.
850 665 1094 730 torst-Errant.

186 865 490 932 Thermodonta
498 863 516 946 )
566 867 621 930 Gr.
646 859 837 954 Θερμώδων.
887 863 930 930 Si'
943 863 1053 952 spurio
1070 867 1146 930 Pln·

105 969 222 1032 toroho
244 969 286 1030 de
305 965 416 1030 fluviis
437 989 469 1050 p.
487 968 571 1046 765.
592 967 665 1046 (ed.
688 965 797 1056 Lips.)
819 966 901 1030 fidet
924 969 1075 1030 habenda
1093 969 1146 1043 esi,

105 1089 232 1134 nornen
254 1067 336 1132 olim
355 1069 447 1152 gessit
469 1065 677 1162 crystallum,
704 1069 795 1155 quod
817 1063 1046 1132 tamen¹etiam
1069 1089 1147 1135 oon·

104 1171 217 1236 firmat
229 1168 416 1234 Eustathiuo
433 1169 474 1232 ad
491 1168 625 1250 Dionys.
647 1191 679 1234 v.
698 1181 781 1248 78ι.
815 1175 952 1234 Araxen
969 1168 1069 1234 etiarn
1088 1192 1147 1234 no·

105 1272 273 1336 minatum
294 1269 402 1352 fuisse,
430 1266 542 1334 scribit
563 1273 678 1336 Schol.
694 1269 862 1356 Apollonii
884 1273 925 1334 od
952 1291 983 1346 o,
1005 1283 1090 1354 974.
1114 1287 1149 1336 et

105 1387 144 1456 4,
167 1389 246 1452 133.
273 1387 386 1436 contra
412 1369 469 1434 alii
490 1391 531 1433 ex
550 1375 651 1434 Araxe
674 1375 820 1454 Lycum,
847 1373 964 1438 Phasin
986 1389 1019 1436 et
1044 1375 1149 1437 Ther·

106 1475 304 1542 modontem
320 1469 525 1544 derivabant,
543 1473 585 1535 de
601 1495 667 1560 quo
683 1473 724 1538 cs.
741 1475 890 1559 Apollon.
901 1475 1008 1540 Rhod.
1017 1485 1053 1556 4,
1069 1489 1148 1554 133.

107 1592 145 1641 et
165 1577 318 1660 Orpheus
340 1571 377 1640 in
398 1576 518 1658 Argon.
544 1596 575 1638 v.
600 1586 682 1655 748.
718 1591 751 1638 et
777 1596 862 1660 quae
887 1573 935 1638 ibi
958 1593 1148 1644 monentur.

108 1678 215 1743 Causa
239 1676 275 1738 in
303 1695 343 1740 eo
369 1675 556 1762 quaerenda
588 1674 738 1749 videtur,
778 1677 869 1762 quod
891 1676 1026 1742 suerunt
1049 1675 1150 1744 etiam

106 1784 294 1846 Amazones
330 1775 594 1851 Sauromatidas,
633 1778 675 1842 ad
714 1797 795 1864 quae
834 1776 980 1864 pertinet
1015 1777 1150 1864 proprie

106 1885 249 1952 Araxes,
290 1880 381 1941 unde
411 1899 533 1940 nomen
564 1879 606 1942 ad
638 1877 719 1942 alios
747 1875 868 1943 fluvios
897 1883 1091 1945 translatum
1117 1896 1150 1944 et

107 1977 330 2050 latiueetiam
350 1979 542 2064 usurpatum
564 1979 624 2053 est,
652 1981 692 2042 de
714 1999 780 2066 quo
799 1979 841 2042 ad
857 1995 891 2058 3,
908 1993 941 2059 5,
960 1993 992 2059 5.
1036 1977 1151 2046 Oritur
1283 2012 1285 2018 ¹

107 2083 147 2150 in
170 2081 328 2146 Armenio
351 2095 484 2154 monte,
517 2077 671 2164 (Dionys.
694 2104 726 2144 v.
750 2096 833 2159 733.
870 2079 985 2147 Avien.
1007 2105 1040 2146 v.
1065 2083 1148 2161 856.
1216 2136 1228 2150 .

107 2184 276 2253 Ammian.
298 2201 355 2255 oo,
380 2187 433 2264 8.)
461 2205 561 2268 quern
582 2185 692 2268 paullo
715 2197 791 2246 onte
812 2179 970 2245 indicavi.
1019 2180 1150 2246 Psiniue

110 2290 147 2360 6,
165 2297 202 2369 4.
226 2283 306 2350 oriri
328 2305 405 2360 eum
422 2283 534 2346 scribit
553 2285 594 2346 ad
611 2285 836 2347 Phanaroeanr
861 2284 1036 2356 castellum,
1059 2303 1150 2372 prae·

107 2405 229 2474 terque
247 2384 376 2448 radices
392 2381 565 2448 Amazonii
581 2383 703 2450 montio
720 2383 797 2457 tabi,
823 2382 939 2471 inquo
957 2383 1025 2468 ipso
1043 2385 1150 2448 sontee

108 2487 210 2578 ponit
237 2489 390 2572 Apollon.
417 2505 449 2558 o,
473 2501 558 2567 977.
595 2483 803 2572 undenario
835 2486 923 2550 flexu
947 2485 1152 2574 diffusosque

109 2603 296 2682 procurrat.
358 2587 423 2651 Sed
450 2589 584 2660 Strabo,
619 2584 677 2671 qui
704 2585 829 2672 optime
858 2586 915 2651 illa
942 2591 1013 2654 loca
1044 2603 1152 2661 norat,

109 2691 172 2758 lib.
196 2710 250 2755 ro.
275 2711 308 2778 p.
331 2705 415 2768 377.
439 2687 460 2754 s.
485 2687 570 2768 547.
597 2690 825 2754 Phanaroeant
865 2689 959 2774 supra
992 2691 1152 2754 Amafiam

110 2793 225 2859 versut
239 2794 385 2857 Pontum
400 2787 435 2852 in
451 2787 507 2854 ilsa
524 2792 672 2852 convalle
692 2787 789 2874 ponit
803 2810 862 2874 per
878 2812 1016 2875 eamque
1032 2789 1099 2852 Irin
1115 2789 1153 2854 ss.

112 2892 221 2962 ducit.
270 2893 362 2958 Idem
379 2912 447 2954 non
464 2888 604 2976 dispergi
627 2889 662 2955 in
678 2889 768 2958 rivos
785 2889 886 2963 dicit,
915 2891 969 2954 sed
985 2913 1024 2953 ex
1039 2889 1154 2954 multia

110 2993 197 3062 rivio
213 3014 281 3059 uno
297 2995 390 3055 alveo
407 2990 542 3076 conligi.
594 2995 688 3077 Quae
708 2988 879 3055 conciliari
896 2993 938 3055 sio
952 2993 1092 3077 possunt,
1116 3007 1154 3056 ut

111 3095 181 3164 rivi
199 3093 249 3158 illi
273 3117 314 3158 ex
332 3091 515 3162 Amazonio
529 3109 643 3160 monte
662 3092 825 3166 defluant,
852 3093 933 3154 dum
951 3113 1055 3178 prope
1070 3094 1153 3156 Pho·

95 3205 273 3267 'naroeam
296 3195 550 3280 coniungantur.
602 3197 691 3257 Turn
718 3213 799 3255 vero
821 3191 996 3259 Amazonii
1022 3210 1153 3257 montes

111 3297 282 3368 removeri
295 3299 417 3360 debent
430 3296 472 3358 ad
487 3295 644 3359 recessum
658 3293 748 3358 illiue
764 3294 922 3360 convallis
933 3297 1154 3368 Phanarooae‚

112 3400 176 3467 ubi
194 3398 269 3466 aliie
291 3400 364 3462 sunt
385 3393 532 3462 Armenii
548 3407 695 3470 montes,
727 3395 786 3482 qui
806 3399 848 3461 sro
862 3395 1011 3462 latisfime
1033 3394 1156 3459 intelli·

113 3519 252 3591 guntur.
303 3501 512 3564 Ptolemaeus
532 3511 565 3576 5.
592 3501 624 3566 6.
651 3521 690 3560 ex
713 3495 841 3562 indicio
864 3500 1025 3584 graduum
1048 3497 1156 3560 sontes

114 3603 216 3694 ponit
248 3601 284 3665 in
317 3599 463 3666 confinio
488 3597 587 3664 Ponti
617 3597 846 3664 Polemoniaci
878 3616 911 3662 et
941 3595 1158 3686 Cappadooii.
1248 3613 1251 3622 ⁴

115 3703 259 3775 Labitur
281 3725 341 3788 per
361 3699 625 3779 Themiscyrium
651 3721 767 3802 agrurn
784 3704 928 3782 (Strabo)
948 3701 1039 3765 iuxta
1055 3699 1159 3791 ipsam

115 3811 239 3874 urbem
258 3803 431 3888 (Anonyiu.
456 3804 497 3866 de
517 3804 624 3868 Ponto
645 3801 777 3866 Euxino
797 3806 837 3868 T.
858 3819 891 3882 3.
915 3805 1035 3887 Geogr.
1057 3801 1158 3869 Huds.

114 3935 149 4003 p.
174 3913 246 3990 ιι.)
270 3923 303 3972 et
330 3905 411 3972 hino
433 3902 469 3970 in
494 3907 638 3970 Pontum
665 3901 771 3967 effluit
804 3905 860 3968 sub
882 3903 1064 3971 flexuosum
1086 3923 1159 3988 pro·

117 4007 338 4080 montorium.
367 4009 537 4096 (Apollon.
556 4005 663 4073 Rhod.
684 4023 715 4077 o.
738 4011 842 4088 984.)
894 4007 1050 4070 Ceterum
1078 4007 1160 4070 cele·

117 4116 237 4182 stratur
262 4113 304 4178 ob
338 4111 429 4179 sedeo
452 4103 596 4188 maxime
620 4109 837 4178 Amazonum.
877 4107 929 4177 cs.
962 4107 1005 4174 ad
1027 4104 1162 4175 Vibium
