2922 4958
282 308 638 368 moounuar,
681 309 763 368 nr.
805 307 940 368 cxtx.
980 307 1059 384 aa
1130 301 1194 382 365

143 482 309 546 minorem
341 498 614 556 commemorant.
650 485 685 546 in
710 503 773 566 qna
798 483 924 544 Troada
956 494 1093 562 ponunt.
1136 477 1189 546 Cs.

142 585 243 648 etiam
260 583 374 646 Strabo
394 599 426 646 2.
444 605 476 666 p.
496 597 555 662 59.
573 583 593 650 s.
616 601 695 669 rot).
729 601 784 649 ta.
810 605 842 667 p.
858 596 943 664 595.
960 580 981 646 s.
1002 597 1086 662 571.
1125 581 1190 644 Sed

142 699 180 750 et
201 699 326 746 veterea
348 685 520 770 Phrygiam
541 705 581 748 eo
605 685 790 770 proferunt.
823 700 916 768 atque
938 683 1015 746 hinc
1030 685 1188 746 Troianoe

140 785 237 868 saepe
260 787 403 883 Phryges
425 799 559 856 vocant,
585 801 624 848 ut
646 787 791 870 Propert.
811 797 847 866 4,
875 808 902 858 ι,
920 801 953 848 9.
987 787 1098 854 Parin,
1126 786 1188 846 llo·

141 887 263 950 ehiseru
280 888 419 969 aliosque
435 887 533 950 Ovirl.
550 888 638 970 epist.
661 890 716 958 16.
739 889 807 969 196
824 887 885 970 sqq.
922 887 1074 970 Tragicoe
1092 885 1187 948 Grae·

141 1009 201 1052 eoa
217 990 251 1050 id
266 991 403 1052 maxime
423 985 525 1052 secisse
541 1008 574 1052 et
594 991 630 1050 ad
649 991 727 1052 aliua
742 987 921 1076 propagaffe
944 1001 1057 1050 notant
1070 985 1185 1050 Strabo

148 1107 207 1154 aa.
224 1112 256 1173 p.
276 1101 358 1172 595.
375 1087 396 1152 s.
414 1104 497 1168 575.
522 1105 555 1151 et
576 1091 756 1152 Euslathiua
778 1093 815 1152 orl
834 1091 968 1154 Homer.
991 1090 1028 1150 ll.
1045 1103 1078 1156 9.
1097 1089 1183 1164 869.

141 1212 177 1276 p.
195 1213 239 1254 m.
256 1193 342 1270 476.
366 1211 439 1252 cum
457 1187 520 1272 ipse
538 1191 698 1256 Honterua
715 1207 886 1273 utrumqne
902 1190 1058 1273 populum
1077 1187 1184 1250 dillin-

141 1308 230 1378 goat,
254 1309 286 1352 et
304 1292 477 1377 Phrygiam
495 1294 577 1354 inter
592 1293 759 1356 Ascanium
775 1295 876 1354 lacum
893 1306 926 1354 et
942 1292 1130 1374 Sangarium
1145 1285 1182 1353 ss.

141 1397 318 1457 contineat.
344 1394 401 1477 (ll.
421 1411 454 1466 9,
471 1395 542 1472 869
560 1392 601 1476 sq.
623 1409 656 1458 et
674 1396 710 1456 ll.
734 1393 785 1465 16,
803 1393 911 1474 719.)
949 1391 1076 1472 Nempe
1093 1387 1183 1472 quod

140 1496 258 1559 Strabo
279 1514 333 1558 ι9.
353 1517 386 1578 p.
406 1507 488 1576 559.
507 1494 527 1558 s.
546 1497 630 1573 565.
653 1493 765 1565 refert.
798 1497 942 1580 Phryges
959 1507 993 1556 et
1011 1491 1092 1572 lesr
1114 1490 1184 1572 poll

142 1599 278 1658 Troiam
302 1598 439 1658 dirutam
465 1597 541 1660 haec
571 1597 637 1660 loca
662 1613 867 1680 occuparunt.
921 1595 1062 1656 Tertiam
1083 1591 1183 1672 Phry·

141 1701 229 1784 giam
247 1709 478 1760 commemorat
499 1697 681 1762 Eullathiua
694 1699 732 1760 acl
746 1695 880 1776 Dionys.
899 1717 931 1760 r.
950 1707 1033 1772 815.
1053 1695 1184 1772 Epicte-

140 1814 228 1871 etun,
262 1819 356 1880 quarn
377 1799 491 1862 Strabo
517 1819 591 1862 cum
613 1799 750 1886 Phrygia
772 1801 811 1864 atl
837 1796 1079 1880 Hellespontum
1102 1795 1183 1858 circe

140 1901 323 1984 Olympum
348 1901 525 1986 coniungit.

215 2101 328 2166 haud
358 2103 502 2184 longe)
551 2104 634 2168 Plln.
657 2117 690 2182 5,
712 2113 773 2183 4ο.
791 2101 813 2167 s.
831 2119 888 2187 59.
918 2095 1048 2162 ulutatle
1073 2095 1181 2160 verbi·

140 2207 256 2270 eadem
278 2205 319 2266 src
339 2207 460 2266 reddit:
495 2207 580 2289 quod
593 2199 672 2296 fuit
689 2205 859 2287 emporium
880 2223 944 2266 uon
963 2198 1075 2284 procul
1088 2216 1179 2262 areo·

137 2307 237 2370 batis
251 2307 411 2388 Phrygiae
428 2309 449 2370 i.
467 2325 496 2369 e.
516 2307 682 2372 stnitlmae.

221 2504 447 2590 Olbianos)
496 2509 627 2574 Nomen
650 2503 744 2574 traxit
769 2511 807 2572 ah
833 2506 927 2574 Olbio
955 2505 1051 2577 urbe,
1084 2521 1180 2586 qnam
1242 2567 1245 2572 ,

141 2625 398 2674 commemorant
421 2625 543 2693 praeter
564 2615 641 2676 alioa
672 2614 770 2675 etiarn
792 2613 916 2674 Pliuiua
939 2621 973 2687 5,
996 2617 1057 2687 45.
1081 2603 1101 2668 s.
1120 2619 1180 2684 59.

140 2725 176 2776 et
195 2711 376 2794 Stephanus
392 2712 426 2776 h.
448 2734 481 2775 v.
511 2717 568 2797 qui
591 2729 697 2778 tamen
719 2715 802 2788 tnale
819 2712 982 2796 dillinguit
996 2708 1124 2772 Olbiam
1145 2706 1180 2766 in

140 2815 252 2878 Ponto
268 2829 302 2875 et
317 2816 352 2874 in
365 2815 527 2896 Bithynia,
550 2831 586 2878 ut
602 2819 646 2877 ihi
665 2831 860 2881 ntonueruut
878 2815 937 2874 viri
952 2813 1057 2880 docti;
1081 2805 1180 2870 Ponti

141 2918 233 2978 enim
249 2929 281 2975 et
296 2916 465 2994 Bithyniae
487 2921 623 2981 consrnia
644 2917 731 3000 saepe
753 2915 932 2978 miscentur.
977 2909 1179 2974 Ptolemaeus

144 3029 178 3094 5,
203 3037 233 3078 r.
256 3017 289 3076 io
312 3017 464 3096 Bithynia
489 3022 526 3081 ad
556 3020 787 3102 Propontidem
810 3017 921 3100 ponit,
957 3011 1014 3072 ubi
1036 3021 1068 3071 et
1092 3007 1179 3069 Mela

141 3117 281 3180 oilendlt
296 3116 469 3180 Olbianuut
487 3121 607 3194 stnum3
633 3117 756 3182 Plinlue
772 3120 805 3182 ln
820 3120 933 3180 ultimo
952 3109 1083 3176 Ascanio
1099 3111 1179 3178 sinu.

141 3220 196 3302 qui
213 3219 319 3280 nullua
333 3219 385 3290 eil.
408 3240 467 3302 pro
483 3223 561 3285 lacu.
615 3223 695 3284 lude
715 3241 793 3284 raro
809 3239 895 3284 error
911 3227 1002 3280 natue
1017 3211 1069 3282 eil.
1090 3209 1178 3294 quod

142 3317 296 3384 Nicaeam
327 3334 418 3382 antea
447 3323 563 3386 dictam
585 3323 675 3386 suilse
698 3324 795 3386 addit.
851 3323 931 3384 Vere
954 3313 1180 3410 enimUNlceet

142 3424 196 3485 sita
217 3437 283 3484 erat
303 3423 341 3484 ad
365 3422 467 3484 lacum
484 3423 671 3497 Ascanium,
697 3439 742 3495 at.
767 3438 803 3485 ut
825 3422 888 3507 ipse
905 3423 1004 3488 lacus,
1030 3414 1178 3498 procula

142 3524 234 3586 mari.
266 3522 318 3588 Cs.
334 3525 429 3586 etiarn
450 3525 603 3588 (lellariua
621 3528 656 3588 in
678 3527 796 3610 Geogr.
812 3540 877 3588 ant.
894 3537 925 3604 5,
944 3533 977 3599 5.
996 3532 1054 3598 59.
1086 3515 1178 3578 Mau·

143 3640 217 3688 nert
238 3627 308 3688 Vol.
326 3625 360 3688 6.
377 3625 415 3688 P.
433 3641 467 3702 3.
494 3649 525 3710 p.
544 3642 628 3705 570.
677 3629 740 3690 Sed
773 3630 813 3690 de
843 3623 1013 3688 recentiori
1042 3620 1177 3682 nomine
1234 3701 1237 3718 Ι

144 3727 272 3790 turbant
295 3741 402 3788 tamen
423 3729 485 3794 eti.
540 3729 666 3811 Nempe
687 3729 866 3812 Stephanua
885 3725 905 3790 s.
924 3747 957 3788 v.
979 3715 1179 3808 Numitore

145 3829 227 3892 hanc
247 3829 324 3888 dicit
346 3829 424 3890 oiim
447 3831 573 3893 Ollriarn
595 3832 712 3892 dictam
734 3828 839 3898 soille,
867 3847 941 3890 curn
959 3826 1064 3908 plurea
1081 3821 1179 3884 Nico·

142 3933 267 3994 mediae
281 3931 443 4012 antiquior
462 3953 581 3996 nomen
603 3931 746 3996 Astacum
767 3929 922 4002 reserant,
954 3939 991 3988 ut
1013 3921 1179 3990 Pausaniae

145 4043 179 4112 5,
201 4047 256 4106 re,
274 4045 309 4112 5.
344 4033 524 4106 Trebellio·
547 4035 653 4102 Pollio
672 4035 708 4098 in
732 4033 885 4100 Gallionis
906 4027 1034 4096 duobur
1056 4032 1174 4111 cap.·lp
