2922 4958
302 351 364 428 ⁶³⁸
570 348 734 409 noran
774 347 1076 408 axcoarrcle

308 545 381 610 pag.
401 539 460 600 71.
497 522 541 586 H.
564 523 686 586 Stretto
710 523 747 586 cli
773 518 875 614 Coffa
896 522 916 587 i.
941 521 1038 588 bocca
1059 522 1096 588 aa·
1114 522 1150 588 8.
1173 521 1357 596 Oiowrni.

311 625 521 714 Meu-linge
539 645 602 686 von
625 622 783 688 zabule.

391 725 722 809 Coroeorrdame)
771 727 876 790 Locue
898 747 967 791 oon
998 726 1068 792 [atie
1089 726 1239 792 dillincte
1259 746 1361 810 expo·

315 829 390 892 fitur
406 850 421 892 r
439 827 564 900 Nostro.
586 829 720 892 undeet
738 831 823 892 varie
842 843 982 892 tentatur
996 830 1039 892 eil
1053 844 1087 892 et
1101 831 1297 912 explicetur,
1319 831 1361 890 de

313 952 378 1014 quo
404 951 477 992 cum
504 927 572 992 satie
599 930 722 990 dictum
744 931 892 993 videatur
914 932 949 994 in
972 945 1043 996 not.
1063 933 1132 995 crit.
1147 951 1181 1014 p.
1197 933 1275 1009 631
1296 931 1362 1014 [qq.

315 1031 477 1115 sequentia
499 1050 567 1094 noo
589 1049 707 1092 moror.

390 1145 568 1216 quatuor
576 1133 594 1215 )
636 1132 724 1215 Quae
745 1132 913 1214 adpellatio
933 1130 995 1214 ipsa
1013 1132 1111 1194 dictat
1129 1131 1190 1196 ess'e
1208 1132 1361 1196 Graecae.

315 1235 411 1298 Unde
445 1233 587 1315 adparet.
630 1247 823 1315 quantopere
854 1237 946 1295 omni
978 1247 1045 1296 arte
1077 1235 1260 1296 curaverint
1296 1236 1363 1296 hoc

317 1335 445 1404 Graeci.
479 1347 514 1394 ut
535 1333 630 1396 ellent
654 1347 800 1417 potenter
818 1339 967 1398 omnium
990 1337 1138 1406 litorum,
1171 1357 1254 1418 qnae
1278 1337 1363 1397 circa

316 1437 399 1500 hanc
418 1449 537 1517 partem
559 1437 756 1498 circumdant
774 1437 914 1497 Pontum
938 1437 1119 1506 Euxinum,
1148 1451 1201 1507 ut,
1231 1435 1252 1495 fi
1276 1437 1363 1497 nihil

318 1538 419 1604 aliud.
446 1549 530 1598 certe
545 1533 742 1599 frumentum
758 1551 791 1599 et
809 1535 1025 1600 salsamentum
1046 1558 1086 1600 ex
1105 1537 1156 1600 hie
1170 1538 1363 1622 regionibus

319 1637 505 1720 conquirere
526 1637 658 1719 pollent.
693 1658 717 1702 1.
735 1657 931 1700 oaouorrvs
947 1638 1022 1700 MS.

396 1729 672 1830 Hermonassa
679 1737 697 1819 )
756 1733 971 1828 ‘Eppt'uroooo
992 1737 1106 1802 Strabo
1127 1755 1183 1800 ιι.
1210 1758 1245 1820 p.
1271 1745 1362 1820 541.

321 1838 342 1904 i.
358 1851 444 1919 494.
467 1854 499 1900 et
523 1840 703 1923 Stephanus
724 1840 758 1900 h.
784 1861 815 1901 r.
849 1843 903 1922 qui
925 1839 1058 1900 insulam
1081 1839 1159 1901 dicit
1180 1859 1258 1900 cum
1279 1839 1364 1902 urbe

321 1942 519 2024 cognomini.
544 1933 739 2029 ‘Eppo'uerau
752 1942 857 2002 vocari
873 1961 889 2002 a
904 1944 1046 2019 Scymno
1062 1955 1174 2001 monet
1190 1942 1287 2010 idem,
1304 1941 1363 2001 ubi

322 2055 429 2104 tamen
445 2042 542 2104 hodie
557 2044 590 2102 in
608 2039 718 2126 fragm.
735 2062 767 2105 v.
787 2055 865 2118 152.
888 2044 1004 2126 legitur
1021 2040 1243 2112 Hermoualla,
1272 2054 1311 2102 ut
1326 2044 1364 2102 in

275 2180 281 2191 ·
323 2145 474 2222 auouymi
492 2144 613 2226 periplo
628 2163 659 2224 p.
674 2157 706 2206 2.
724 2140 824 2206 Hudi.
847 2145 901 2224 qui
920 2143 1010 2203 illum
1027 2143 1158 2204 reddere
1175 2140 1262 2204 solet.
1290 2143 1363 2204 Ste-

322 2245 420 2327 phani
445 2259 551 2306 tamen
579 2245 748 2306 lectionem
777 2245 889 2326 probat
912 2243 1078 2305 Berkeliua
1100 2264 1132 2326 p.
1152 2254 1235 2320 352.
1264 2245 1363 2306 lones
1447 2274 1448 2286 ι

324 2347 505 2408 conditores
529 2344 600 2408 facit
620 2343 753 2425 Dionys.
769 2365 802 2407 v.
822 2357 842 2423 5
850 2359 905 2423 55.
931 2347 979 2406 iria
1001 2335 1124 2406 verbis:
1155 2339 1362 2408 ναιετάουσιν

323 2443 456 2516 Ἱωνίὸνς
481 2441 604 2526 ἔκγονοι
627 2439 715 2530 αἴης.
750 2445 803 2506 ubi
828 2445 940 2507 vitiose
972 2447 1006 2506 in
1036 2445 1198 2506 Eustethio
1225 2447 1362 2530 iegitur:
1448 2497 1450 2518 ,

324 2541 474 2610 Παιόνων
504 2539 634 2609 ἄποικοι
659 2541 786 2614 πόλεις.
819 2567 935 2627 nempe
963 2545 1164 2608 Herruonaffa
1187 2559 1219 2608 et
1240 2547 1365 2608 Phana-

325 2647 424 2731 goria.
471 2647 563 2710 lonae
588 2659 693 2706 tuetur
718 2649 813 2707 etiarn
845 2647 1070 2730 Metaphrallee
1102 2667 1175 2709 cunr
1201 2647 1364 2710 Priscieno

325 2769 358 2808 v.
376 2747 458 2824 565.
495 2747 630 2808 Graecos
652 2749 788 2808 omnino
811 2751 957 2810 nominat
976 2749 1132 2811 Ammian.
1151 2763 1209 2816 22.
1226 2762 1260 2827 3.
1312 2751 1365 2810 De

326 2851 460 2910 nornine
479 2850 545 2911 vid.
562 2847 742 2910 Euilathiue
761 2867 787 2910 c.
804 2849 824 2912 l.
860 2851 961 2934 Quod
978 2869 1056 2911 vero
1071 2849 1249 2932 Stephanue
1263 2863 1366 2932 putat,

329 2969 345 3012 a
362 2950 515 3014 Strabone
538 2951 592 3012 lib.
608 2965 639 3023 7.
662 2969 731 3032 pag.
751 2967 793 3013 ot
807 2971 834 3014 ι.
852 2950 871 3012 i.
892 2952 975 3024 306.
999 2951 1222 3010 Hermonactie
1243 2971 1367 3034 pagum

329 3053 452 3120 vocari.
484 3050 617 3123 fallitur,
647 3051 718 3133 quia
742 3051 854 3114 Strabo
879 3053 966 3112 huuc
989 3054 1081 3132 pouit
1101 3055 1139 3112 ad
1164 3055 1266 3130 Tyrre
1289 3053 1369 3114 oilie

329 3150 399 3214 satir
416 3151 492 3214 hinc
513 3166 651 3224 remota,
678 3165 771 3232 etque
794 3153 879 3214 idem
905 3151 1015 3232 probat
1036 3153 1238 3216 Ptolemaeus
1253 3168 1286 3230 3.
1310 3174 1368 3218 ro.

329 3243 497 3316 Εὕιιτιτνν
519 3267 611 3315 vocat
636 3251 764 3332 Dionys.
783 3273 810 3316 c.
830 3253 851 3315 l.
883 3253 970 3314 etin
994 3253 1100 3334 primo
1123 3254 1211 3314 aditu
1233 3254 1369 3336 Bospori

222 3385 229 3398 ·
332 3355 475 3416 conlocat
487 3355 569 3416 Plin.
585 3357 618 3422 6.
636 3355 669 3416 6.
695 3373 759 3414 non
778 3355 874 3440 longe
888 3373 904 3414 a
919 3355 1050 3416 sindico
1067 3367 1161 3436 portu
1178 3355 1263 3418 Ptol.
1278 3369 1313 3433 5.
1331 3373 1369 3434 9.

333 3453 538 3538 Cognomina
564 3455 718 3536 oppidum
746 3451 806 3516 fuit
831 3475 929 3538 prope
951 3457 1203 3540 Trapezuntem,
1236 3456 1278 3518 rie
1303 3475 1371 3541 quo

330 3556 444 3620 Strabo
465 3571 519 3620 to.
536 3577 568 3638 p.
588 3567 669 3636 378.
689 3552 709 3634 i.
728 3567 811 3636 548.

412 3659 567 3739 Cepoe)
618 3659 655 3718 ln
683 3676 819 3720 numero
846 3659 968 3718 variant
993 3656 1115 3721 Graeci.
1153 3659 1313 3737 scymnus
1335 3659 1372 3722 in

334 3755 447 3844 fragm.
464 3771 591 3836 v.r51.
609 3759 734 3841 livinae.
760 3757 821 3822 led.
845 3759 897 3840 qui
911 3778 984 3820 eum
1000 3757 1165 3840 exscripsit.
1188 3777 1372 3838 anonymo·

334 3863 369 3922 in
384 3861 505 3942 periplo
519 3859 613 3919 Ponti
632 3879 661 3938 p.
683 3877 716 3922 ιι.
736 3858 832 3920 Hurii.
857 3858 949 3920 habet
967 3861 1084 3940 lirinus.
1110 3861 1249 3933 ,Eodem
1269 3863 1372 3924 morio

333 3963 446 4046 lirino<
467 3963 589 4046 adlegat
610 3961 836 4040 Harpocration
860 3981 898 4022 ex
920 3958 1074 4024 Aeschine
1096 3959 1150 4045 (in
1168 3959 1373 4043 Ctefiphont.

334 4083 367 4148 p.
385 4063 469 4139 562.
484 4058 618 4144 Reisk.)
644 4061 700 4123 ubi
723 4074 828 4124 temen
853 4061 961 4146 liijrrm
984 4061 1083 4124 hodie
1103 4061 1209 4126 exiiet.
1261 4061 1373 4146 Κῆιιοι

335 4165 432 4228 etiam
458 4163 553 4228 habet
570 4165 679 4244 Scylax
702 4185 735 4249 p.
754 4177 812 4244 51.
832 4162 931 4230 liudi.
965 4177 1002 4228 ιιι
1026 4163 1098 4228 libri
1116 4161 1221 4248 scripti
1236 4166 1273 4228 io
1288 4165 1373 4230 Stre·
