2764 4958
168 406 225 464 nr
253 407 394 466 POMP.
423 405 532 462 Mar..
574 405 610 460 L.
633 406 656 458 1.
699 403 731 461 C.
754 403 831 464 Vlll·
873 401 952 474 Η·
1026 411 1088 476 ⁸35

50 577 211 644 maiorum
236 573 540 648 summonitione,
568 575 622 640 [ιιι
645 577 733 638 Deoo
751 575 879 638 Moneo.
918 572 974 638 Sic
991 573 1087 638 Taci-

49 697 97 744 tua
117 683 241 744 Annal.
269 694 303 756 3,
330 698 361 741 o.
399 677 440 740 de
472 675 572 742 unius
600 674 790 742 Germanici
820 675 954 738 funere:
992 675 1089 742 otoo·

48 785 197 845 victimas
219 793 320 864 atque
340 800 418 841 oros
432 779 510 842 Diis
525 777 678 842 Manibus
689 777 872 871 flatrterttes
893 779 1040 860 lacrymis
1055 791 1089 840 et

1 959 2 974 χ
48 879 354 946 conclamationibus
369 879 506 944 dolorem
520 878 729 970 testabantur.
761 881 864 961 Saepe
881 895 989 940 tamen
1005 879 1088 943 haec

48 1005 105 1045 ror
120 997 223 1046 notat
238 979 340 1042 etiam
354 977 390 1042 in
405 978 594 1044 universum
610 999 724 1042 omncs
739 983 828 1042 Deos
845 977 978 1042 inferos.
1007 977 1088 1042 Vide

46 1106 93 1146 me
114 1085 159 1146 ad
184 1079 318 1146 Sancrii
340 1078 528 1144 Minervam
548 1091 584 1161 4,
608 1085 661 1162 ι6,
681 1097 713 1158 5.
740 1097 773 1142 ct
794 1077 899 1163 ipsum
916 1079 1089 1146 Sanctium

1 1219 2 1262 1
47 1187 167 1248 dehoc
187 1184 456 1268 quoque'Melae
478 1185 552 1244 loco
575 1180 645 1246 istic
661 1198 831 1266 agentern,
863 1198 900 1246 ut
915 1198 946 1244 et
965 1184 1087 1246 Salma-

1 1285 2 1312 ἦ
47 1289 120 1348 lium
138 1286 185 1374 acl
203 1281 313 1348 Solin.
332 1305 364 1368 p.
377 1295 421 1364 ιιι
433 1303 463 1346 o.
486 1284 527 1362 [s.
542 1305 615 1368 pag.
635 1285 741 1364 293.]
781 1281 910 1346 Plinius
928 1299 1040 1346 autem
1056 1299 1089 1348 et

47 1387 180 1450 Solinus
211 1383 349 1458 dicunt,
384 1385 516 1466 Augilas
547 1397 675 1448 tantum
706 1377 831 1474 inferos
863 1385 976 1457 colere,
1012 1383 1087 1448 satie

1 1543 2 1592 p
45 1489 197 1572 prolecto
215 1482 383 1568 ambigue.
427 1488 513 1550 Nam
529 1501 627 1560 certe,
654 1485 786 1572 quando
802 1485 885 1550 haec
900 1482 1088 1570 limpliciter

1 1627 2 1630 =
44 1589 102 1662 ita,
132 1589 195 1650 leu
218 1585 419 1670 generaliter
442 1590 615 1671 leguntur,
645 1605 683 1650 ιιι
703 1590 872 1670 leguntur,
899 1609 998 1650 nenio
1020 1609 1089 1652 non

43 1687 182 1752 illorum
210 1689 314 1749 verba
337 1685 480 1772 accipiet
502 1689 543 1750 ‹le
567 1687 722 1751 omnibus
743 1685 778 1750 in
801 1686 991 1750 universum
1015 1687 1088 1752 Diie

1 1815 2 1846 ι
44 1789 182 1862 inferio,
218 1808 306 1874 quae
327 1803 415 1852 certe
431 1809 526 1852 meno
548 1792 672 1863 Meloe,
707 1809 806 1874 quem
826 1786 875 1852 illi
897 1792 1087 1874 lequuntur,

1 1937 2 2002 p
44 1914 109 1955 non
143 1887 228 1954 fuir.
293 1887 497 1976 Ceteroquin
527 1910 598 1954 non
629 1887 838 1974 negaverim,
871 1891 958 1974 polle
988 1890 1089 1952 etiam

43 1987 168 2085 inferos
192 1988 309 2052 vocari
332 1991 565 2056 defunctorum
588 1990 724 2055 animas.
760 1987 868 2054 Veluri
890 1989 926 2052 in
946 1989 1087 2075 eleganti

44 2094 181 2179 epistola
199 2089 310 2154 Servii
324 2089 465 2177 Sulpicii
481 2091 522 2158 ad
539 2091 692 2157 Ciceron.
703 2106 738 2174 4.
756 2090 871 2155 Fanril.
890 2105 923 2170 5.
946 2093 986 2154 cle
1003 2111 1088 2154 rnor-

1 2271 2 2276 γ
45 2212 99 2258 tua
115 2193 195 2257 eiua
211 2191 299 2256 lilia:
329 2193 424 2289 Quod
434 2190 470 2285 fl
487 2198 558 2278 quis
581 2197 678 2256 etiam
696 2185 809 2286 afforis
821 2185 936 2287 firrsns
954 2193 1008 2286 est,
1034 2195 1089 2277 qui

46 2299 133 2358 illius
154 2299 196 2357 in
217 2307 251 2354 le
270 2315 360 2358 amor
374 2287 453 2385 fnit
471 2297 643 2379 pictorque,
667 2298 726 2358 hoo
747 2299 760 2374 (
767 2311 805 2358 ut
820 2311 851 2358 te
868 2292 1014 2358 tristitiae
1034 2295 1088 2357 de-

47 2399 126 2476 rlaa)
151 2407 238 2457 certe
258 2395 315 2458 illa
334 2411 366 2458 tc
376 2387 490 2486 facere
505 2417 568 2458 nort
584 2397 663 2460 vult.
714 2396 774 2458 Da
788 2399 850 2462 ltoe
870 2397 917 2459 illi
937 2411 1088 2460 mortuae.

47 2514 279 2560 rcnrzorrrva.
328 2499 381 2558 De
402 2493 436 2556 vi
456 2493 549 2560 vocis
569 2485 651 2560 haec
667 2495 803 2562 Servius
825 2497 867 2560 ad
882 2495 993 2581 Virgil.
1008 2500 1087 2562 Aen.

50 2617 82 2675 5.
103 2602 165 2674 63.
202 2597 342 2693 Quidam
360 2597 474 2658 Mance
492 2598 584 2660 Deos
606 2591 752 2690 infernos
772 2599 927 2673 tradam
957 2601 1088 2683 qnidam

46 2704 128 2764 olias
150 2699 293 2770 Manes,
317 2699 400 2762 allos
419 2701 509 2761 Deos
530 2696 678 2762 inlenroa
698 2700 828 2772 dicunn-
860 2701 986 2780 plurimi
1000 2702 1088 2762 Deoo

49 2801 209 2864 coelestes
230 2813 268 2861 ut
287 2802 450 2873 vivontm.
475 2802 522 2863 ita
536 2801 652 2862 Mones
672 2814 862 2862 mortuoram
879 2801 1089 2864 tradiderunt.

47 2905 149 2966 Plura
168 2897 265 2962 dabit
280 2900 404 2962 Vossius
420 2897 454 2962 in
470 2903 613 2981 Etymol.
631 2924 662 2984 p.
680 2911 762 2977 508.
778 2902 811 2962 h.
825 2923 857 2962 v.
892 2903 994 2964 Recte
1008 2919 1088 2964 vero

48 3027 88 3066 ex
104 3022 201 3068 nexu
218 2998 426 3086 sequentium
445 2999 594 3085 exposuit
611 2998 805 3064 Perizonius
823 2999 954 3064 adiutus
970 3003 1009 3064 ab
1026 3003 1089 3064 He-

48 3105 192 3175 rodoto,
220 3104 278 3164 etli
292 3123 370 3165 eum
382 3103 471 3164 Mela
493 3099 604 3164 minuo
626 3117 776 3166 accurate
796 3099 952 3165 reddidit.
990 3101 1090 3186 Quod

47 3225 173 3291 nempe
197 3201 256 3265 ille
277 3203 319 3266 de
333 3202 544 3289 'optimorum
573 3218 700 3266 tanturn
731 3200 887 3265 Manibus
910 3199 1088 3286 praedicar.

50 3307 106 3370 hic
128 3307 176 3368 ad
196 3306 314 3368 Manes
335 3303 371 3368 in
393 3301 583 3366 universum
598 3305 708 3368 relect.
761 3305 918 3366 Ceterum
935 3319 967 3364 et
988 3299 1089 3366 hodie

51 3409 197 3470 eandem
224 3403 487 3490 superstitionem
507 3403 689 3480 dominari,
724 3420 874 3468 narratur
895 3401 931 3466 in
953 3405 1088 3486 llllgem.

51 3509 174 3574 Reilen
195 3508 238 3568 T.
263 3521 297 3584 3.
323 3529 356 3591 p.
378 3509 461 3583 628.
512 3507 564 3571 Cf.
587 3505 687 3569 etiarn
709 3507 750 3568 de
773 3521 979 3568 mortuorum
999 3524 1089 3565 reve·

52 3609 159 3674 tentia
181 3605 219 3670 in
236 3627 339 3691 regno
355 3609 470 3690 Congo
489 3605 629 3672 Cat-ozni
652 3605 688 3671 in
702 3605 842 3670 relation
855 3601 1033 3688 lristorique
1048 3604 1090 3670 de

53 3706 241 3795 l'Ethiopie
264 3707 472 3774 occidentale
490 3730 549 3794 par
571 3711 675 3771 Labat
695 3710 735 3771 T.
755 3727 787 3770 n.
810 3729 842 3791 p.
864 3719 943 3788 159.
1145 3691 1149 3698 ¹

123 3912 151 3977 ri
166 3936 182 3974 e
195 3913 209 3973 ἰ
222 3933 238 3971 e
251 3931 269 3974 ι·
281 3933 302 3972 a
317 3933 337 3971 n
350 3923 365 3972 t
372 3910 391 3991 )
441 3911 542 3973 Valde
564 3907 691 3982 iurant,
723 3926 761 3972 ut
782 3905 925 3992 explicat
951 3907 1089 3970 verbum

55 4017 204 4078 Donatus
226 4012 270 4074 ad
289 4014 425 4075 Terent.
442 4013 596 4076 Eunuch.
615 4029 647 4081 a,
666 4027 699 4089 5,
715 4027 773 4090 39.
814 4007 886 4072 Viri.
905 4007 1089 4072 Broukhul.

54 4134 85 4180 ct
104 4121 293 4182 Burmann.
324 4113 366 4178 ad
391 4114 541 4216 Propert.
567 4121 604 4194 4,
630 4126 664 4192 5,
689 4121 750 4194 44.
800 4111 861 4174 Per
884 4106 985 4174 ctiam
1010 4105 1089 4173 alibi
