2764 4958
350 372 410 454 ,56
617 375 779 434 noran
820 373 1124 433 cxncacrctn

345 548 427 612 urba
445 547 596 632 delignari
619 547 734 630 probat
752 568 791 611 ex
806 547 1020 620 Callimacho,
1047 549 1088 612 tle
1107 549 1243 612 eniteret
1260 547 1346 609 incolt

344 671 417 712 rnm
433 649 492 711 sno
508 651 576 712 vid.
595 649 750 712 Herotlot.
761 661 795 730 4.
817 665 897 725 ¹7⁰·
926 649 1067 712 Holllen.
1081 651 1120 711 atl
1136 651 1284 732 Stephan.
1309 651 1346 712 Sa

343 749 419 813 mal.
443 751 481 812 ad
503 751 602 814 Solio.
626 773 657 834 p.
676 771 721 811 m.
740 767 822 825 270.
853 764 886 813 et
908 750 1033 814 Wellel.
1056 753 1096 812 ad
1118 752 1237 814 Anton.
1261 771 1292 832 p.
1312 752 1347 828 65

344 853 453 915 Hodie
479 866 611 934 putatur
643 851 703 914 elle
732 849 835 923 Gaba,
872 853 927 934 qui
958 853 1063 913 influit
1095 855 1130 914 in
1161 872 1246 914 mate
1275 871 1347 934 prop

344 955 572 1038 cognominem
595 953 726 1024 urbem,
759 971 838 1035 «luae
860 954 941 1016 olim
963 955 1047 1016 dicta
1067 953 1110 1016 eli
1141 953 1264 1033 Tacape
1290 971 1347 1033 apn

327 1051 520 1138 plerosque.
540 1055 628 1128 ¹Vid.
641 1053 735 1118 Sltaw
749 1055 789 1120 T.
806 1075 835 1117 ι.
856 1076 886 1136 p.
900 1067 983 1134 255.
1018 1056 1115 1139 Quod
1131 1075 1149 1116 a
1163 1067 1272 1116 monte
1287 1051 1347 1112 Vala

342 1156 408 1217 leto
427 1157 514 1216 ducit
527 1156 666 1218 Ptolem.
682 1171 715 1234 tp,
736 1169 768 1234 5.
795 1171 827 1218 et
841 1155 946 1237 plurer
961 1159 993 1216 in
1009 1175 1049 1218 eo
1067 1157 1139 1218 loco
1155 1157 1241 1216 lacus
1256 1152 1275 1214 l.
1290 1155 1347 1236 pala

343 1257 399 1320 des
414 1255 506 1326 facit,
533 1257 618 1316 idern
641 1256 693 1316 lno
716 1259 785 1318 inre
804 1257 926 1320 dubitat
948 1270 980 1318 et
998 1259 1134 1319 omnino
1154 1258 1271 1318 incerta
1289 1269 1347 1316 vett

341 1378 391 1420 rea
414 1357 570 1418 tradidill'e
589 1357 703 1419 cenlet.
748 1355 836 1420 Gabs
854 1359 942 1419 enim
961 1377 1030 1420 non
1051 1359 1148 1442 longe
1163 1357 1202 1418 ab
1220 1357 1294 1419 ollio
1313 1355 1348 1420 orl

340 1473 410 1529 tur,
436 1458 493 1520 ubi
516 1455 595 1520 forte
613 1459 690 1518 olim
711 1455 842 1519 luerunt
858 1480 954 1540 aquae
969 1461 1192 1541 Tacapitanae,
1221 1477 1295 1540 quaa
1308 1475 1348 1520 mt

340 1573 445 1623 morat
465 1561 621 1620 Antonini
643 1559 714 1620 itin.
740 1579 771 1640 p.
789 1572 846 1638 78.
879 1573 913 1622 et
931 1579 948 1620 a
969 1563 1093 1642 Tacape
1120 1575 1176 1636 17.
1199 1559 1248 1622 M.
1270 1559 1306 1622 P.
1325 1575 1348 1620 rt

340 1675 463 1723 moret.
498 1661 650 1724 Ceterum
668 1659 795 1741 qnidam
813 1662 899 1722 hunc
919 1662 1055 1722 llnvium
1072 1681 1147 1722 cnm
1162 1661 1277 1743 palude
1292 1660 1348 1720 mal

338 1763 417 1825 hinc
439 1766 473 1824 in
496 1763 643 1828 ultimam
660 1762 890 1827 ltlnrretaniatn
907 1765 947 1826 ad
967 1778 1116 1827 montem
1133 1762 1296 1828 Atlantem
1315 1776 1348 1822 tn

338 1863 509 1928 duxerunt.
546 1863 617 1928 vid.
634 1863 769 1927 Diodor.
789 1877 822 1946 5,
839 1875 899 1946 55.

302 2077 309 2088 ·
418 2065 632 2147 Tritonis)
665 2067 720 2129 Gr.
740 2059 893 2154 Τριτωνὶς
907 2067 1014 2130 etiam.
1045 2063 1251 2152 Ptolemaene
1266 2079 1349 2128 tamer

337 2179 373 2251 4,
396 2183 429 2249 5.
451 2167 657 2254 Τριτωνῖτις,
687 2169 884 2230 Callimacho
908 2169 982 2230 teste
1004 2170 1110 2230 Plinio
1128 2181 1161 2246 5,
1184 2181 1223 2249 4.
1246 2169 1349 2230 Pallon

337 2273 404 2334 tias
423 2269 591 2350 adpellata,
625 2271 714 2332 cuine
738 2267 824 2330 caula
849 2289 914 2330 non
938 2269 981 2330 elt
1004 2267 1142 2333 obscura.
1196 2271 1349 2349 Ascylao

336 2393 370 2456 p.
389 2383 452 2449 49.
474 2368 574 2432 Hnot.
609 2370 662 2430 hic
683 2386 955 2434 commemoratur
977 2367 1139 2458 Τρίτωνος
1164 2371 1280 2456 νῆσος,
1311 2389 1349 2450 prt

334 2491 399 2554 qno
417 2471 582 2534 Salmatiua
598 2485 630 2532 et
650 2465 771 2532 Vosstus
792 2473 908 2532 rolunt
929 2467 1098 2558 'spontin
1130 2473 1186 2534 etii
1210 2469 1350 2552 corruptlt

335 2571 509 2634 verborum
524 2571 661 2632 dubium
679 2571 712 2631 id
727 2569 819 2644 facin
849 2573 883 2633 in
903 2575 1015 2656 primia
1034 2591 1108 2634 cum
1127 2573 1162 2634 in
1179 2571 1244 2656 ipsa
1258 2569 1350 2655 paludi

335 2671 470 2734 insulam
486 2687 727 2751 commemoret,
749 2689 844 2754 qnam
862 2688 894 2734 et
907 2673 1019 2736 Strabo
1040 2687 1097 2748 17.
1112 2693 1143 2755 p.
1157 2673 1274 2752 575.l.
1285 2671 1350 2750 836

335 2775 488 2858 adtingit,
514 2786 547 2836 et
565 2773 748 2835 Herorlotua
764 2783 798 2852 4,
822 2785 901 2851 178.
922 2775 1020 2835 Phila
1039 2778 1206 2836 nominat:
1234 2765 1350 2861 Εὐρεῖω

335 2889 431 2938 vocat
462 2873 594 2955 Dionys.
626 2895 658 2938 r.
685 2875 767 2952 267.
820 2876 858 2935 ln
881 2874 948 2957 iplo
972 2875 1027 2936 snn
1052 2875 1252 2958 discrepant:
1283 2877 1350 2936 lnte

335 2977 412 3038 duaa
435 2976 543 3055 Syrtes
566 2977 660 3058 ponit
681 2975 782 3048 Melar
817 2977 902 3057 quod
924 2977 963 3038 de
982 2976 1091 3038 multia
1111 2978 1210 3038 etiam
1228 2978 1349 3039 adfirma

334 3077 566 3148 Pliniuo,‘etli
593 3075 657 3158 ipse
681 3077 759 3137 circa
780 3079 940 3138 minorem
972 3078 1094 3155 Syrtim
1123 3079 1292 3160 producit;
1325 3075 1350 3136 at

333 3179 455 3258 Syrtim
470 3177 649 3248 minorem,
676 3177 728 3238 vel
747 3175 826 3238 infra
845 3197 915 3238 eam
929 3178 1134 3242 Ptolemaeus
1149 3189 1184 3258 4,
1204 3195 1237 3260 5.
1264 3181 1318 3260 qni
1331 3195 1350 3238 e

332 3281 439 3362 plnres
464 3279 592 3360 paludes
620 3297 636 3338 a
662 3279 798 3340 Tritone
825 3291 911 3340 natae
942 3293 1118 3352 memorat,
1155 3301 1234 3361 quaa
1259 3295 1350 3340 tamer

332 3396 434 3460 parter
453 3378 573 3441 nostrae
595 3377 690 3440 habet
711 3379 806 3439 Shaw
822 3381 862 3439 T.
886 3399 916 3442 1.
932 3401 963 3460 p.
986 3393 1068 3456 275.
1110 3381 1225 3446 Strabo
1241 3383 1279 3442 ad
1295 3381 1350 3458 Syr

332 3483 393 3541 tim
410 3481 563 3542 maiorem
584 3481 671 3540 iuxta
689 3479 861 3540 Berenicen
883 3495 1072 3561 promovet,
1102 3483 1137 3542 in
1157 3503 1223 3564 quo
1238 3481 1350 3544 consen

331 3581 467 3642 aientem
496 3579 591 3640 habet
627 3583 787 3640 Lucanum
815 3599 848 3658 9,
871 3593 953 3658 555.
993 3601 1032 3642 ex
1062 3583 1179 3646 vicinia
1213 3581 1350 3644 Lathonit

333 3678 353 3740 l.
372 3682 509 3742 Ladonis
531 3677 563 3742 ll.
587 3683 691 3762 (conl.
707 3681 860 3744 Strabone
875 3693 907 3742 et
921 3681 1034 3743 solino
1051 3703 1078 3744 c.
1095 3681 1139 3766 1.)
1167 3704 1244 3746 cnm
1260 3681 1350 3744 taltnlt

332 3781 480 3863 Penting.
500 3782 588 3842 Vlll.
612 3780 717 3842 versun
734 3779 892 3842 Atlantem
908 3783 1009 3842 reiicit
1027 3785 1159 3848 Diodor.
1175 3787 1237 3848 stc.
1257 3799 1288 3860 5,
1303 3793 1350 3859 53.

333 3881 492 3944 Herodoti
510 3882 655 3942 'l'ritonle
677 3883 764 3942 iuxta
784 3883 904 3961 Syrtim
924 3884 1084 3946 minorem
1108 3887 1257 3966 ponenda
1277 3885 1350 3944 virle

333 3995 400 4047 tut,
442 3983 482 4039 de
509 4001 573 4059 qno
598 3979 638 4042 cf,
669 3982 794 4042 Heeren
821 3983 917 4042 ltleen
941 3984 997 4044 der
1016 3985 1101 4046 alten
1125 3987 1212 4048 Welt
1242 4007 1274 4068 p.
1301 3993 1350 4062 48.

333 4080 432 4165 Quod
446 4093 570 4144 vetaret
584 4083 767 4154 adfirmant,
791 4083 977 4158 Tritonem,
997 4083 1031 4148 la.
1052 4083 1158 4160 Gaba,
1181 4087 1265 4150 hanc
1278 4085 1350 4170 pala
