2922 4958
346 381 409 460 624
614 367 795 450 notin,
820 386 1124 447 exneurrcee

344 557 555 641 frequentiori
588 555 646 658 usu
682 539 812 643 propter
843 557 1028 643 sequentem
1063 561 1209 626 vocalem
1243 563 1387 648 interpo-

342 662 433 724 nitur
456 673 565 746 atque.

507 815 537 892 §.
569 820 623 893 ¹4·
675 813 751 876 iam
776 814 920 899 curui)
966 815 1256 900 lemprocerleotie
1274 816 1387 880 versus

342 915 613 1004 septemtrionem.
647 933 671 978 1.
691 934 895 980 cnouovrve
911 917 988 980 MS.

416 1060 488 1102 con
511 1039 613 1100 titur'
612 1028 643 1128 s
636 1027 668 1128 s
669 1059 684 1097 e
689 1037 709 1119 )
739 1039 791 1101 Sic
805 1035 894 1121 supra
908 1059 975 1124 cop.
990 1055 1092 1113 mu.
1114 1037 1291 1133 constituta
1306 1039 1385 1102 uris

341 1141 442 1228 mirae
478 1141 712 1220 magnitudinis
740 1137 908 1222 Babylont
953 1159 1020 1224 cop.
1050 1152 1104 1217 17.
1130 1157 1164 1204 Ω.
1198 1141 1384 1223 Colophon,

340 1264 436 1328 quam
452 1231 589 1332 Mopsus
600 1240 736 1334 statuit.
786 1243 838 1304 sic
853 1239 963 1306 Caesar
976 1245 1016 1304 <ie
1038 1241 1078 1306 B.
1094 1243 1167 1306 civ.
1194 1263 1223 1315 t,
1250 1256 1308 1320 15.
1333 1245 1381 1306 iu.

339 1343 427 1428 quod
443 1343 593 1424 oppidum
611 1340 771 1404 Labienus
791 1341 1004 1436 corfiituerot.
1040 1342 1092 1408 cl.
1110 1344 1218 1428 virgil.
1241 1346 1327 1406 Aen.
1347 1361 1381 1416 2,

339 1457 427 1526 295.
451 1445 586 1528 Eutrop.
605 1461 634 1516 ι,
649 1464 679 1508 1.
695 1443 917 1508 etsiuhnkeo.
932 1446 971 1508 etl
984 1445 1092 1508 Vellei.
1114 1467 1142 1516 ι,
1160 1461 1193 1508 2.
1208 1441 1232 1509 s.
1267 1446 1380 1528 Aeque

337 1543 518 1629 stoqueoter
535 1547 597 1608 hoc
611 1543 700 1608 seusu
714 1566 828 1626 ponere
845 1547 972 1617 dicitur,
997 1547 1117 1630 dequo
1134 1545 1222 1628 supro
1236 1549 1275 1606 ed
1292 1551 1325 1625 §.
1344 1561 1380 1625 8.

413 1689 535 1730 caeco
544 1667 562 1750 )
612 1669 639 1729 Ι.
659 1687 687 1730 e.
711 1666 858 1730 obductio
876 1665 1032 1738 nubibus,
1059 1668 1100 1728 sic
1121 1679 1158 1728 ut
1181 1667 1292 1738 sidere,
1322 1669 1378 1730 vel

336 1768 452 1841 solem,
485 1790 565 1852 quae
589 1769 654 1832 duo
678 1765 800 1851 antiqui
825 1767 966 1832 solebant
988 1769 1198 1851 contemplari
1220 1782 1253 1829 et
1271 1767 1380 1831 obser·

336 1891 429 1942 vere.
462 1869 627 1958 agnoscere
659 1891 727 1932 non
752 1867 884 1952 pollent.
924 1890 948 1932 1.
974 1889 1170 1932 onouovrve
1191 1869 1269 1932 MS.
1321 1871 1377 1934 Sic

336 1993 431 2036 caeca
444 1993 509 2034 nox
525 1972 639 2036 Cicero
656 1989 714 2054 pro
729 1971 852 2034 Milone
869 1991 934 2053 cap.
956 1983 1010 2049 ιθ.
1046 1970 1145 2034 Ovio.
1161 1969 1294 2033 Metam.
1315 1989 1374 2042 ιο.

335 2072 421 2153 476.
448 2073 539 2138 Trlst.
552 2089 584 2154 5.
602 2074 634 2146 6,
652 2087 710 2152 352.
737 2069 879 2134 tenebrae
895 2073 1020 2136 Lucret.
1034 2085 1066 2152 5.
1083 2083 1142 2150 87.
1164 2068 1254 2134 turbo
1269 2070 1374 2136 ovio.

334 2177 369 2236 in
394 2175 484 2238 Nuce
499 2197 532 2238 v.
551 2176 632 2239 161.
656 2189 689 2235 et
707 2173 832 2245 finilia,
854 2175 888 2234 in
905 2173 1020 2256 quibue
1041 2175 1169 2244 indicat.
1193 2171 1275 2233 nihil
1294 2187 1374 2234 tunc

333 2275 473 2358 conspici
494 2275 641 2361 potuisse.
681 2279 779 2357 Agere
800 2275 935 2338 verbum
955 2289 1065 2359 aptum
1085 2288 1119 2336 et
1143 2275 1183 2336 sn:
1204 2273 1372 2346 ufitetum3

331 2381 460 2462 gravius
482 2381 614 2441 iactare.
667 2409 675 2422 ·

409 2497 555 2580 cycni)
606 2499 738 2571 Seruius
753 2498 790 2560 erl
810 2497 868 2563 lib.
888 2517 918 2560 ι.
937 2497 1016 2562 Aen.
1032 2511 1116 2576 397.
1135 2495 1242 2580 Cygni
1258 2503 1369 2582 (eugu-

330 2597 433 2676 rium)
455 2599 548 2660 trullsr
563 2597 660 2670 daut,
684 2596 744 2690 nist
764 2601 884 2664 uerutis.
918 2599 1009 2661 Sicut
1025 2598 1137 2660 lectum
1157 2597 1201 2688 fi
1222 2599 1257 2660 iu
1275 2597 1367 2660 Orru'·

330 2697 483 2778 thologiu.
518 2691 641 2784 [Moeri
668 2695 816 2790 Aemilii]
870 2699 996 2783 Cycnus
1025 2701 1058 2760 iu
1092 2701 1236 2780 auguriis
1258 2701 1368 2760 tenutis

329 2793 525 2890 grattffimus
544 2800 630 2874 cleu
668 2801 767 2864 Hunc
791 2815 910 2882 optant
927 2793 1069 2893 semper,
1102 2803 1179 2883 quia
1204 2821 1367 2884 nunquam

330 2903 482 2981 mergitur
513 2901 617 2964 undis.
660 2921 872 2966 croccoutve.
935 2903 1027 2964 Plura
1058 2903 1091 2963 in
1122 2901 1204 2963 hunc
1232 2903 1368 2963 remed

329 3001 440 3086 Virgil.
458 3021 485 3066 o.
508 3003 530 3066 l.
553 3005 694 3090 conlegit
714 3005 825 3068 Cerdo.
868 3005 1006 3086 Apollini
1028 3003 1147 3064 dicatos
1169 3001 1256 3064 fuisse
1272 3017 1306 3064 et
1327 3003 1368 3064 ab

327 3121 368 3164 eo
384 3104 618 3168 divinationem
635 3105 773 3168 habuisse
790 3107 865 3168 dicit
882 3106 994 3167 Cicero
1010 3105 1041 3163 in
1059 3105 1125 3188 Qu.
1141 3103 1234 3166 Tulc.
1257 3124 1286 3174 r,
1304 3117 1367 3178 30.

326 3204 380 3265 Sic
399 3223 476 3266 vero
499 3205 605 3266 Ardea
626 3206 665 3268 eb
687 3207 817 3290 augurio
842 3207 909 3268 avie
932 3207 1096 3267 nominate
1116 3205 1176 3276 eil,
1209 3217 1246 3264 ut
1266 3202 1368 3266 refert

326 3303 478 3388 Hyginue
493 3307 532 3367 de
548 3307 666 3369 ltelicie
684 3307 815 3370 urbibus
836 3307 919 3389 epud
935 3307 1082 3369 Servium
1098 3306 1135 3366 ed
1156 3306 1264 3388 Virgil.
1283 3309 1367 3371 Aen.

328 3419 361 3478 7,
382 3415 469 3484 [μα.
506 3407 558 3468 Sic
574 3401 768 3498 Mycaleffus
782 3429 798 3469 a
814 3409 939 3492 mugitu
959 3401 1114 3492 (ἀπὸτοῦ
1134 3405 1365 3495 μυκήσασθσι)

327 3503 519 3590 Gorgonum
539 3507 590 3568 vel
611 3528 721 3572 vaccae
737 3509 869 3583 Cadmi3
893 3507 1052 3588 (Eusleth.
1068 3508 1105 3568 ed
1124 3509 1257 3570 Homer.
1273 3508 1309 3570 ll.
1329 3525 1364 3580 Ω,

325 3615 412 3692 498.
437 3621 470 3668 et
492 3605 536 3668 ibi
558 3609 686 3672 Politue
707 3613 803 3672 Tom.
830 3625 863 3674 e.
892 3630 924 3693 p.
943 3621 1025 3688 535.
1060 3621 1093 3670 et
1118 3608 1158 3670 de
1183 3607 1307 3671 ThebIe
1329 3625 1365 3672 et

324 3707 459 3772 Boeotia
484 3711 571 3772 idern
592 3712 630 3772 ed
653 3711 793 3773 Eullnth.
816 3713 853 3776 ll.
871 3727 903 3782 Ω,
927 3723 1011 3788 555.
1033 3711 1130 3772 Tum.
1149 3727 1183 3773 α.
1204 3730 1235 3792 p.
1261 3715 1362 3790 545.)
1432 3685 1433 3707 ¹

325 3807 534 3871 Celebrantur
550 3814 585 3872 in
603 3813 665 3874 hoc
682 3827 840 3896 praetereo
856 3814 944 3873 corui
962 3825 994 3874 et
1014 3809 1190 3882 columbae.
1218 3812 1362 3874 velutin
1431 3811 1432 3819 ’

323 3907 470 3988 Cyrenis,
493 3909 634 3988 (Cellim.
650 3915 683 3974 in
696 3915 798 3996 Apoll.
815 3936 846 3977 v.
863 3913 937 3989 66.)
962 3913 1075 3976 Cumis
1089 3913 1206 3974 tnlire.
1231 3914 1360 3991 (Vellei.
1430 3911 1431 3931 ¹

330 4029 359 4079 ι,
374 4015 424 4088 4.)
459 4012 531 4073 Vid.
547 4033 626 4093 quae
640 4015 680 4074 de
696 4033 736 4074 eo
752 4011 896 4076 dieseruit
913 4015 1051 4076 Geetcno
1068 4016 1222 4076 d'Ancore
1238 4011 1358 4098 (Neep.
1429 4017 1430 4045 ¹

327 4107 449 4192 1796.)
472 4133 504 4195 p.
524 4111 602 4196 glq.
629 4127 662 4178 et
675 4132 754 4197 quoe
771 4133 832 4200 ego
847 4115 949 4178 adtuli
960 4115 1000 4178 ed
1018 4115 1089 4180 init.
1105 4116 1199 4199 cepit.
1215 4115 1256 4181 de
1275 4117 1360 4179 elue·
1428 4109 1429 4157 l

320 4211 412 4274 modi
433 4211 536 4298 signio.
840 4207 842 4216 ’
1427 4207 1428 4220 ’
