<?xml version="1.0" encoding="UTF-8"?>
<!DOCTYPE html PUBLIC "-//W3C//DTD XHTML 1.0 Transitional//EN"
    "http://www.w3.org/TR/xhtml1/DTD/xhtml1-transitional.dtd">
<html xmlns="http://www.w3.org/1999/xhtml" xml:lang="en" lang="en">
 <head>
  <title>
</title>
<meta http-equiv="Content-Type" content="text/html;charset=utf-8" />
  <meta name='ocr-system' content='tesseract 3.04.00' />
  <meta name='ocr-capabilities' content='ocr_page ocr_carea ocr_par ocr_line ocrx_word'/>
</head>
<body>
  <div class='ocr_page' id='page_1' title='image "./pomponiimelaede06melagoog_0106.png"; bbox 0 0 2756 4964; ppageno 0'>
   <div class='ocr_carea' id='block_1_1' title="bbox 265 431 1087 516">
    <p class='ocr_par' dir='ltr' id='par_1_1' title="bbox 265 431 1087 516">
     <span class='ocr_line' id='line_1_1' title="bbox 265 431 1087 516; baseline 0.006 -24"><span class='ocrx_word' id='word_1_1' title='bbox 265 454 272 467; x_wconf 76' lang='lat'><em>¹</em></span> <span class='ocrx_word' id='word_1_2' title='bbox 321 431 363 516; x_wconf 83' lang='lat'>96</span> <span class='ocrx_word' id='word_1_3' title='bbox 589 437 748 495; x_wconf 79' lang='lat' dir='ltr'>NOTAE</span> <span class='ocrx_word' id='word_1_4' title='bbox 788 434 1087 497; x_wconf 68' lang='lat' dir='ltr'>executione</span> 
     </span>
    </p>
   </div>
   <div class='ocr_carea' id='block_1_2' title="bbox 317 605 1375 2002">
    <p class='ocr_par' dir='ltr' id='par_1_2' title="bbox 317 605 1375 2002">
     <span class='ocr_line' id='line_1_2' title="bbox 317 605 1375 692; baseline 0.004 -24"><span class='ocrx_word' id='word_1_5' title='bbox 317 605 372 670; x_wconf 88' lang='lat' dir='ltr'>sed</span> <span class='ocrx_word' id='word_1_6' title='bbox 390 607 477 691; x_wconf 83' lang='lat' dir='ltr'>quod</span> <span class='ocrx_word' id='word_1_7' title='bbox 502 609 608 672; x_wconf 89' lang='lat' dir='ltr'>mirari</span> <span class='ocrx_word' id='word_1_8' title='bbox 629 621 771 692; x_wconf 88' lang='lat' dir='ltr'>oportet.</span> <span class='ocrx_word' id='word_1_9' title='bbox 803 629 903 692; x_wconf 87' lang='lat' dir='ltr'>quum</span> <span class='ocrx_word' id='word_1_10' title='bbox 921 609 1006 674; x_wconf 87' lang='lat' dir='ltr'>Mela</span> <span class='ocrx_word' id='word_1_11' title='bbox 1026 607 1109 674; x_wconf 88' lang='lat' dir='ltr'>bene</span> <span class='ocrx_word' id='word_1_12' title='bbox 1126 612 1292 674; x_wconf 75' lang='lat' dir='ltr'>ominetur</span> <span class='ocrx_word' id='word_1_13' title='bbox 1317 611 1375 672; x_wconf 83' lang='lat' dir='ltr'>de</span> 
     </span>
     <span class='ocr_line' id='line_1_3' title="bbox 321 709 1375 794; baseline 0.003 -24"><span class='ocrx_word' id='word_1_14' title='bbox 321 711 525 792; x_wconf 77' lang='lat' dir='ltr'>expeditione</span> <span class='ocrx_word' id='word_1_15' title='bbox 542 712 668 775; x_wconf 79' lang='lat' dir='ltr'>Claudii</span> <span class='ocrx_word' id='word_1_16' title='bbox 683 713 717 772; x_wconf 90' lang='lat' dir='ltr'>in</span> <span class='ocrx_word' id='word_1_17' title='bbox 734 709 941 781; x_wconf 86' lang='lat' dir='ltr'>Britanniam.</span> <span class='ocrx_word' id='word_1_18' title='bbox 967 713 1063 774; x_wconf 88' lang='lat' dir='ltr'>etiam</span> <span class='ocrx_word' id='word_1_19' title='bbox 1080 715 1247 784; x_wconf 86' lang='lat' dir='ltr'>audiverit.</span> <span class='ocrx_word' id='word_1_20' title='bbox 1273 734 1375 794; x_wconf 47' lang='lat' dir='ltr'>quaet</span> 
     </span>
     <span class='ocr_line' id='line_1_4' title="bbox 321 800 1372 898; baseline 0 -26"><span class='ocrx_word' id='word_1_21' title='bbox 321 811 402 896; x_wconf 82' lang='lat' dir='ltr'>gesta</span> <span class='ocrx_word' id='word_1_22' title='bbox 419 809 537 874; x_wconf 89' lang='lat' dir='ltr'>suerint</span> <span class='ocrx_word' id='word_1_23' title='bbox 553 813 626 874; x_wconf 88' lang='lat' dir='ltr'>Iulii</span> <span class='ocrx_word' id='word_1_24' title='bbox 642 800 795 883; x_wconf 80' lang='lat' dir='ltr'>Caesarie.</span> <span class='ocrx_word' id='word_1_25' title='bbox 825 813 911 874; x_wconf 87' lang='lat' dir='ltr'>unde</span> <span class='ocrx_word' id='word_1_26' title='bbox 931 811 979 874; x_wconf 83' lang='lat' dir='ltr'>idi</span> <span class='ocrx_word' id='word_1_27' title='bbox 998 811 1117 876; x_wconf 89' lang='lat' dir='ltr'>insulae</span> <span class='ocrx_word' id='word_1_28' title='bbox 1135 829 1219 875; x_wconf 86' lang='lat' dir='ltr'>tauta</span> <span class='ocrx_word' id='word_1_29' title='bbox 1238 815 1372 898; x_wconf 81' lang='lat' dir='ltr'>gloria,</span> 
     </span>
     <span class='ocr_line' id='line_1_5' title="bbox 321 913 1375 998; baseline 0.001 -27"><span class='ocrx_word' id='word_1_30' title='bbox 321 927 358 973; x_wconf 92' lang='grc' dir='ltr'>ιιι</span> <span class='ocrx_word' id='word_1_31' title='bbox 373 913 511 976; x_wconf 88' lang='lat' dir='ltr'>noluerit</span> <span class='ocrx_word' id='word_1_32' title='bbox 533 915 668 995; x_wconf 86' lang='lat' dir='ltr'>potiuaa</span> <span class='ocrx_word' id='word_1_33' title='bbox 685 913 784 975; x_wconf 88' lang='lat' dir='ltr'>Gallia</span> <span class='ocrx_word' id='word_1_34' title='bbox 800 928 854 975; x_wconf 89' lang='lat' dir='ltr'>aut</span> <span class='ocrx_word' id='word_1_35' title='bbox 866 913 966 977; x_wconf 86' lang='lat' dir='ltr'>Celtie</span> <span class='ocrx_word' id='word_1_36' title='bbox 981 915 1067 976; x_wconf 87' lang='lat' dir='ltr'>huno</span> <span class='ocrx_word' id='word_1_37' title='bbox 1082 915 1248 998; x_wconf 87' lang='lat' dir='ltr'>appellare.</span> <span class='ocrx_word' id='word_1_38' title='bbox 1290 915 1375 977; x_wconf 85' lang='lat' dir='ltr'>Sed</span> 
     </span>
     <span class='ocr_line' id='line_1_6' title="bbox 322 1004 1373 1086; baseline 0.001 -11"><span class='ocrx_word' id='word_1_39' title='bbox 322 1014 509 1076; x_wconf 82' lang='lat' dir='ltr'>mirabiliter</span> <span class='ocrx_word' id='word_1_40' title='bbox 533 1014 585 1076; x_wconf 85' lang='lat' dir='ltr'>ista</span> <span class='ocrx_word' id='word_1_41' title='bbox 612 1004 710 1076; x_wconf 79' lang='lat' dir='ltr'>insula</span> <span class='ocrx_word' id='word_1_42' title='bbox 733 1012 796 1076; x_wconf 90' lang='lat' dir='ltr'>suit</span> <span class='ocrx_word' id='word_1_43' title='bbox 818 1017 851 1076; x_wconf 91' lang='lat' dir='ltr'>in</span> <span class='ocrx_word' id='word_1_44' title='bbox 877 1034 931 1077; x_wconf 88' lang='lat' dir='ltr'>ore</span> <span class='ocrx_word' id='word_1_45' title='bbox 952 1016 1112 1086; x_wconf 85' lang='lat' dir='ltr'>Romano.</span> <span class='ocrx_word' id='word_1_46' title='bbox 1134 1031 1171 1077; x_wconf 89' lang='lat' dir='ltr'>ut</span> <span class='ocrx_word' id='word_1_47' title='bbox 1193 1017 1373 1078; x_wconf 79' lang='lat' dir='ltr'>iuvenalia</span> 
     </span>
     <span class='ocr_line' id='line_1_7' title="bbox 328 1115 1372 1194; baseline 0.007 -21"><span class='ocrx_word' id='word_1_48' title='bbox 328 1135 381 1182; x_wconf 90' lang='grc' dir='ltr'><strong>ιο,</strong></span> <span class='ocrx_word' id='word_1_49' title='bbox 404 1127 457 1194; x_wconf 78' lang='lat'>14.</span> <span class='ocrx_word' id='word_1_50' title='bbox 474 1115 557 1176; x_wconf 88' lang='lat' dir='ltr'>dicat</span> <span class='ocrx_word' id='word_1_51' title='bbox 574 1115 738 1176; x_wconf 81' lang='lat' dir='ltr'><em>balaenam</em></span> <span class='ocrx_word' id='word_1_52' title='bbox 755 1117 990 1180; x_wconf 74' lang='lat' dir='ltr'>Britannicam.</span> <span class='ocrx_word' id='word_1_53' title='bbox 1017 1136 1041 1179; x_wconf 90' lang='lat'>1.</span> <span class='ocrx_word' id='word_1_54' title='bbox 1062 1135 1258 1180; x_wconf 82' lang='lat' dir='ltr'>cannovtva</span> <span class='ocrx_word' id='word_1_55' title='bbox 1276 1117 1372 1180; x_wconf 86' lang='lat' dir='ltr'>MS.</span> 
     </span>
     <span class='ocr_line' id='line_1_8' title="bbox 320 1207 1373 1309; baseline -0.001 -32"><span class='ocrx_word' id='word_1_56' title='bbox 320 1215 443 1277; x_wconf 80' lang='lat' dir='ltr'>Plinius</span> <span class='ocrx_word' id='word_1_57' title='bbox 460 1227 493 1295; x_wconf 78' lang='lat'>4.</span> <span class='ocrx_word' id='word_1_58' title='bbox 515 1231 573 1294; x_wconf 77' lang='lat'>33.</span> <span class='ocrx_word' id='word_1_59' title='bbox 591 1215 611 1278; x_wconf 89' lang='lat' dir='ltr'>s.</span> <span class='ocrx_word' id='word_1_60' title='bbox 634 1235 688 1296; x_wconf 82' lang='lat'>19.</span> <span class='ocrx_word' id='word_1_61' title='bbox 708 1216 948 1300; x_wconf 76' lang='lat' dir='ltr'>deditiingnttr</span> <span class='ocrx_word' id='word_1_62' title='bbox 982 1217 1036 1279; x_wconf 80' lang='lat' dir='ltr'>Ad</span> <span class='ocrx_word' id='word_1_63' title='bbox 1057 1219 1203 1279; x_wconf 77' lang='lat' dir='ltr'>Rhertttm</span> <span class='ocrx_word' id='word_1_64' title='bbox 1217 1207 1373 1309; x_wconf 77' lang='lat' dir='ltr'>septem·</span> 
     </span>
     <span class='ocr_line' id='line_1_9' title="bbox 320 1315 1375 1400; baseline -0.002 -22"><span class='ocrx_word' id='word_1_65' title='bbox 320 1317 465 1378; x_wconf 74' lang='lat' dir='ltr'>trinnatts</span> <span class='ocrx_word' id='word_1_66' title='bbox 488 1315 643 1389; x_wconf 81' lang='lat' dir='ltr'>Oceanus,</span> <span class='ocrx_word' id='word_1_67' title='bbox 667 1315 719 1394; x_wconf 84' lang='lat' dir='ltr'>(et</span> <span class='ocrx_word' id='word_1_68' title='bbox 742 1317 782 1378; x_wconf 91' lang='lat' dir='ltr'>stc</span> <span class='ocrx_word' id='word_1_69' title='bbox 800 1317 894 1397; x_wconf 80' lang='lat' dir='ltr'>alibi)</span> <span class='ocrx_word' id='word_1_70' title='bbox 926 1319 1008 1380; x_wconf 82' lang='lat' dir='ltr'>inter</span> <span class='ocrx_word' id='word_1_71' title='bbox 1023 1319 1167 1380; x_wconf 80' lang='lat' dir='ltr'>Illzerrum</span> <span class='ocrx_word' id='word_1_72' title='bbox 1185 1329 1217 1380; x_wconf 81' lang='lat' dir='ltr'>et</span> <span class='ocrx_word' id='word_1_73' title='bbox 1238 1319 1375 1400; x_wconf 80' lang='lat' dir='ltr'>Sequa-</span> 
     </span>
     <span class='ocr_line' id='line_1_10' title="bbox 321 1417 1375 1502; baseline 0 -24"><span class='ocrx_word' id='word_1_74' title='bbox 321 1438 396 1478; x_wconf 83' lang='lat' dir='ltr'>nam</span> <span class='ocrx_word' id='word_1_75' title='bbox 411 1417 626 1489; x_wconf 81' lang='lat' dir='ltr'>Britannicus,</span> <span class='ocrx_word' id='word_1_76' title='bbox 650 1420 814 1480; x_wconf 80' lang='lat' dir='ltr'>inteream</span> <span class='ocrx_word' id='word_1_77' title='bbox 830 1432 861 1481; x_wconf 80' lang='lat' dir='ltr'>et</span> <span class='ocrx_word' id='word_1_78' title='bbox 875 1421 1071 1502; x_wconf 81' lang='lat' dir='ltr'><em>Pyrenaeum</em></span> <span class='ocrx_word' id='word_1_79' title='bbox 1089 1419 1240 1482; x_wconf 78' lang='lat' dir='ltr'>Gallicas.</span> <span class='ocrx_word' id='word_1_80' title='bbox 1267 1420 1375 1482; x_wconf 29' lang='lat' dir='ltr'>Meta.</span> 
     </span>
     <span class='ocr_line' id='line_1_11' title="bbox 320 1517 1375 1602; baseline 0.005 -24"><span class='ocrx_word' id='word_1_81' title='bbox 320 1518 419 1602; x_wconf 83' lang='lat' dir='ltr'>igitur</span> <span class='ocrx_word' id='word_1_82' title='bbox 434 1518 537 1580; x_wconf 88' lang='lat' dir='ltr'>latiori</span> <span class='ocrx_word' id='word_1_83' title='bbox 553 1517 642 1580; x_wconf 87' lang='lat' dir='ltr'>sensu</span> <span class='ocrx_word' id='word_1_84' title='bbox 662 1520 701 1582; x_wconf 89' lang='lat' dir='ltr'>de</span> <span class='ocrx_word' id='word_1_85' title='bbox 717 1517 964 1601; x_wconf 69' lang='lat' dir='ltr'>septemtrionali</span> <span class='ocrx_word' id='word_1_86' title='bbox 980 1519 1107 1582; x_wconf 79' lang='lat' dir='ltr'>Oceano</span> <span class='ocrx_word' id='word_1_87' title='bbox 1124 1521 1157 1582; x_wconf 92' lang='lat' dir='ltr'>iu</span> <span class='ocrx_word' id='word_1_88' title='bbox 1174 1521 1223 1582; x_wconf 84' lang='lat' dir='ltr'>hia</span> <span class='ocrx_word' id='word_1_89' title='bbox 1238 1522 1375 1583; x_wconf 81' lang='lat' dir='ltr'>finibus</span> 
     </span>
     <span class='ocr_line' id='line_1_12' title="bbox 323 1619 1375 1702; baseline 0.001 -21"><span class='ocrx_word' id='word_1_90' title='bbox 323 1619 550 1682; x_wconf 78' lang='lat' dir='ltr'>constituendis</span> <span class='ocrx_word' id='word_1_91' title='bbox 568 1622 672 1702; x_wconf 90' lang='lat' dir='ltr'>pouit.</span> <span class='ocrx_word' id='word_1_92' title='bbox 704 1621 758 1684; x_wconf 86' lang='lat' dir='ltr'>stc</span> <span class='ocrx_word' id='word_1_93' title='bbox 773 1621 973 1701; x_wconf 81' lang='lat' dir='ltr'>Pyrenaeum</span> <span class='ocrx_word' id='word_1_94' title='bbox 985 1623 1018 1682; x_wconf 92' lang='lat' dir='ltr'>in</span> <span class='ocrx_word' id='word_1_95' title='bbox 1032 1621 1250 1682; x_wconf 86' lang='lat' dir='ltr'>Britannicum</span> <span class='ocrx_word' id='word_1_96' title='bbox 1267 1641 1375 1682; x_wconf 84' lang='lat' dir='ltr'>mare</span> 
     </span>
     <span class='ocr_line' id='line_1_13' title="bbox 321 1719 1375 1804; baseline 0.005 -25"><span class='ocrx_word' id='word_1_97' title='bbox 321 1739 505 1804; x_wconf 83' lang='lat' dir='ltr'>procurrere</span> <span class='ocrx_word' id='word_1_98' title='bbox 521 1719 625 1783; x_wconf 82' lang='lat' dir='ltr'>scribit</span> <span class='ocrx_word' id='word_1_99' title='bbox 639 1737 672 1792; x_wconf 82' lang='lat'>2.</span> <span class='ocrx_word' id='word_1_100' title='bbox 688 1719 722 1786; x_wconf 90' lang='grc'>6.</span> <span class='ocrx_word' id='word_1_101' title='bbox 737 1723 782 1784; x_wconf 84' lang='grc' dir='ltr'><strong>ἰιι.</strong></span> <span class='ocrx_word' id='word_1_102' title='bbox 806 1721 864 1783; x_wconf 91' lang='lat' dir='ltr'>ubi</span> <span class='ocrx_word' id='word_1_103' title='bbox 879 1722 1078 1784; x_wconf 86' lang='lat' dir='ltr'>Ptoletnaeur</span> <span class='ocrx_word' id='word_1_104' title='bbox 1093 1739 1124 1792; x_wconf 81' lang='lat'>2.</span> <span class='ocrx_word' id='word_1_105' title='bbox 1142 1721 1174 1787; x_wconf 91' lang='grc'>6.</span> <span class='ocrx_word' id='word_1_106' title='bbox 1186 1723 1231 1784; x_wconf 91' lang='lat' dir='ltr'>in.</span> <span class='ocrx_word' id='word_1_107' title='bbox 1254 1737 1291 1782; x_wconf 87' lang='lat' dir='ltr'>et</span> <span class='ocrx_word' id='word_1_108' title='bbox 1306 1725 1375 1784; x_wconf 89' lang='lat' dir='ltr'>alii</span> 
     </span>
     <span class='ocr_line' id='line_1_14' title="bbox 321 1819 1371 1910; baseline 0.002 -26"><span class='ocrx_word' id='word_1_109' title='bbox 321 1819 441 1884; x_wconf 81' lang='lat' dir='ltr'>habent</span> <span class='ocrx_word' id='word_1_110' title='bbox 459 1821 698 1886; x_wconf 82' lang='lat' dir='ltr'>Cantabricum.</span> <span class='ocrx_word' id='word_1_111' title='bbox 737 1819 789 1887; x_wconf 84' lang='lat' dir='ltr'>Cs.</span> <span class='ocrx_word' id='word_1_112' title='bbox 810 1836 844 1884; x_wconf 88' lang='lat' dir='ltr'>et</span> <span class='ocrx_word' id='word_1_113' title='bbox 867 1837 899 1900; x_wconf 80' lang='lat'>5.</span> <span class='ocrx_word' id='word_1_114' title='bbox 922 1821 954 1894; x_wconf 84' lang='lat'>6,</span> <span class='ocrx_word' id='word_1_115' title='bbox 975 1837 1008 1901; x_wconf 84' lang='lat'>3.</span> <span class='ocrx_word' id='word_1_116' title='bbox 1060 1823 1240 1910; x_wconf 60' lang='lat' dir='ltr'>&amp;angustiori</span> <span class='ocrx_word' id='word_1_117' title='bbox 1264 1822 1371 1886; x_wconf 86' lang='lat' dir='ltr'>sensu</span> 
     </span>
     <span class='ocr_line' id='line_1_15' title="bbox 324 1921 1204 2002; baseline 0.002 -16"><span class='ocrx_word' id='word_1_118' title='bbox 324 1921 514 1986; x_wconf 78' lang='lat' dir='ltr'>Caledonius</span> <span class='ocrx_word' id='word_1_119' title='bbox 529 1924 617 1987; x_wconf 90' lang='lat' dir='ltr'>idem</span> <span class='ocrx_word' id='word_1_120' title='bbox 633 1937 780 1997; x_wconf 77' lang='lat' dir='ltr'>vocatur.</span> <span class='ocrx_word' id='word_1_121' title='bbox 805 1925 853 1986; x_wconf 89' lang='lat' dir='ltr'>uti</span> <span class='ocrx_word' id='word_1_122' title='bbox 867 1927 901 1985; x_wconf 91' lang='lat' dir='ltr'>in</span> <span class='ocrx_word' id='word_1_123' title='bbox 917 1923 1039 1987; x_wconf 90' lang='lat' dir='ltr'>Valerio</span> <span class='ocrx_word' id='word_1_124' title='bbox 1055 1924 1079 1987; x_wconf 82' lang='lat' dir='ltr'><strong>F</strong></span> <span class='ocrx_word' id='word_1_125' title='bbox 1081 1925 1103 1988; x_wconf 92' lang='lat' dir='ltr'>l.</span> <span class='ocrx_word' id='word_1_126' title='bbox 1125 1945 1153 1996; x_wconf 84' lang='lat' dir='ltr'>t.</span> <span class='ocrx_word' id='word_1_127' title='bbox 1171 1935 1204 2002; x_wconf 81' lang='grc'>8.</span> 
     </span>
    </p>
   </div>
   <div class='ocr_carea' id='block_1_3' title="bbox 319 2089 1372 2764">
    <p class='ocr_par' dir='ltr' id='par_1_3' title="bbox 319 2089 1372 2764">
     <span class='ocr_line' id='line_1_16' title="bbox 398 2089 1372 2178; baseline 0 -23"><span class='ocrx_word' id='word_1_128' title='bbox 398 2092 508 2175; x_wconf 89' lang='lat' dir='ltr'>Ora)</span> <span class='ocrx_word' id='word_1_129' title='bbox 560 2093 743 2164; x_wconf 81' lang='lat' dir='ltr'>Orientalia.</span> <span class='ocrx_word' id='word_1_130' title='bbox 767 2093 857 2156; x_wconf 87' lang='lat' dir='ltr'>cuiue</span> <span class='ocrx_word' id='word_1_131' title='bbox 876 2092 929 2154; x_wconf 88' lang='lat' dir='ltr'>hic</span> <span class='ocrx_word' id='word_1_132' title='bbox 948 2105 1072 2155; x_wconf 68' lang='lat' dir='ltr'>mutum</span> <span class='ocrx_word' id='word_1_133' title='bbox 1089 2089 1228 2178; x_wconf 78' lang='lat' dir='ltr'>effigiem</span> <span class='ocrx_word' id='word_1_134' title='bbox 1248 2091 1372 2175; x_wconf 88' lang='lat' dir='ltr'>prose-</span> 
     </span>
     <span class='ocr_line' id='line_1_17' title="bbox 321 2193 1367 2278; baseline 0.004 -24"><span class='ocrx_word' id='word_1_135' title='bbox 321 2195 446 2278; x_wconf 63' lang='lat' dir='ltr'>quitum</span> <span class='ocrx_word' id='word_1_136' title='bbox 471 2194 590 2276; x_wconf 90' lang='lat' dir='ltr'>reliqua</span> <span class='ocrx_word' id='word_1_137' title='bbox 606 2198 701 2258; x_wconf 80' lang='lat' dir='ltr'>marie</span> <span class='ocrx_word' id='word_1_138' title='bbox 719 2193 815 2256; x_wconf 89' lang='lat' dir='ltr'>uollri</span> <span class='ocrx_word' id='word_1_139' title='bbox 835 2195 968 2276; x_wconf 88' lang='lat' dir='ltr'>partitur</span> <span class='ocrx_word' id='word_1_140' title='bbox 987 2195 1022 2254; x_wconf 91' lang='lat' dir='ltr'>in</span> <span class='ocrx_word' id='word_1_141' title='bbox 1035 2194 1128 2256; x_wconf 85' lang='lat' dir='ltr'>fiune.</span> <span class='ocrx_word' id='word_1_142' title='bbox 1162 2211 1296 2254; x_wconf 74' lang='lat' dir='ltr'>vaureu</span> <span class='ocrx_word' id='word_1_143' title='bbox 1304 2217 1367 2258; x_wconf 83' lang='lat' dir='ltr'>ve.</span> 
     </span>
     <span class='ocr_line' id='line_1_18' title="bbox 323 2287 1370 2378; baseline -0.004 -18"><span class='ocrx_word' id='word_1_144' title='bbox 323 2297 387 2360; x_wconf 88' lang='lat' dir='ltr'>Ora</span> <span class='ocrx_word' id='word_1_145' title='bbox 407 2297 582 2358; x_wconf 84' lang='lat' dir='ltr'>litoralium</span> <span class='ocrx_word' id='word_1_146' title='bbox 608 2297 778 2378; x_wconf 78' lang='lat' dir='ltr'>regionum</span> <span class='ocrx_word' id='word_1_147' title='bbox 806 2287 951 2376; x_wconf 77' lang='lat' dir='ltr'>Europae</span> <span class='ocrx_word' id='word_1_148' title='bbox 975 2295 1068 2356; x_wconf 86' lang='lat' dir='ltr'>taleru</span> <span class='ocrx_word' id='word_1_149' title='bbox 1090 2293 1186 2356; x_wconf 84' lang='lat' dir='ltr'>habet</span> <span class='ocrx_word' id='word_1_150' title='bbox 1207 2293 1370 2366; x_wconf 81' lang='lat' dir='ltr'>sormam.</span> 
     </span>
     <span class='ocr_line' id='line_1_19' title="bbox 320 2393 1368 2478; baseline 0.001 -21"><span class='ocrx_word' id='word_1_151' title='bbox 320 2399 445 2478; x_wconf 89' lang='lat' dir='ltr'>qualem</span> <span class='ocrx_word' id='word_1_152' title='bbox 468 2395 560 2457; x_wconf 87' lang='lat' dir='ltr'>litora</span> <span class='ocrx_word' id='word_1_153' title='bbox 576 2415 592 2456; x_wconf 86' lang='lat' dir='ltr'>a</span> <span class='ocrx_word' id='word_1_154' title='bbox 607 2397 707 2456; x_wconf 83' lang='lat' dir='ltr'>Tanai</span> <span class='ocrx_word' id='word_1_155' title='bbox 721 2395 760 2456; x_wconf 85' lang='lat' dir='ltr'>ad</span> <span class='ocrx_word' id='word_1_156' title='bbox 778 2393 1032 2478; x_wconf 83' lang='lat' dir='ltr'>Hellespontum.</span> <span class='ocrx_word' id='word_1_157' title='bbox 1086 2394 1155 2457; x_wconf 90' lang='lat' dir='ltr'>Ora</span> <span class='ocrx_word' id='word_1_158' title='bbox 1175 2395 1218 2457; x_wconf 82' lang='lat' dir='ltr'>ett</span> <span class='ocrx_word' id='word_1_159' title='bbox 1238 2413 1368 2478; x_wconf 78' lang='lat' dir='ltr'>genua.</span> 
     </span>
     <span class='ocr_line' id='line_1_20' title="bbox 319 2493 1371 2579; baseline -0.002 -19"><span class='ocrx_word' id='word_1_160' title='bbox 319 2501 411 2562; x_wconf 83' lang='lat' dir='ltr'>cuine</span> <span class='ocrx_word' id='word_1_161' title='bbox 432 2496 546 2579; x_wconf 77' lang='lat' dir='ltr'>species</span> <span class='ocrx_word' id='word_1_162' title='bbox 566 2493 637 2558; x_wconf 90' lang='lat' dir='ltr'>sunt</span> <span class='ocrx_word' id='word_1_163' title='bbox 657 2495 736 2558; x_wconf 83' lang='lat' dir='ltr'>litus</span> <span class='ocrx_word' id='word_1_164' title='bbox 751 2510 783 2558; x_wconf 87' lang='lat' dir='ltr'>et</span> <span class='ocrx_word' id='word_1_165' title='bbox 795 2497 895 2576; x_wconf 83' lang='lat' dir='ltr'>ripae.</span> <span class='ocrx_word' id='word_1_166' title='bbox 927 2515 1095 2558; x_wconf 77' lang='lat' dir='ltr'>onnavrve</span> <span class='ocrx_word' id='word_1_167' title='bbox 1111 2495 1188 2559; x_wconf 76' lang='lat' dir='ltr'>MS.</span> <span class='ocrx_word' id='word_1_168' title='bbox 1235 2497 1371 2578; x_wconf 71' lang='lat' dir='ltr'>Dispu-</span> 
     </span>
     <span class='ocr_line' id='line_1_21' title="bbox 321 2595 1368 2682; baseline 0 -22"><span class='ocrx_word' id='word_1_169' title='bbox 321 2603 458 2662; x_wconf 77' lang='lat' dir='ltr'>tationes</span> <span class='ocrx_word' id='word_1_170' title='bbox 484 2600 653 2662; x_wconf 86' lang='lat' dir='ltr'>doctorum</span> <span class='ocrx_word' id='word_1_171' title='bbox 679 2598 825 2660; x_wconf 86' lang='lat' dir='ltr'>virorum</span> <span class='ocrx_word' id='word_1_172' title='bbox 849 2596 956 2660; x_wconf 85' lang='lat' dir='ltr'>addita</span> <span class='ocrx_word' id='word_1_173' title='bbox 981 2597 1190 2682; x_wconf 76' lang='lat' dir='ltr'>explicatione</span> <span class='ocrx_word' id='word_1_174' title='bbox 1215 2595 1293 2660; x_wconf 86' lang='lat' dir='ltr'>dedi</span> <span class='ocrx_word' id='word_1_175' title='bbox 1321 2599 1368 2662; x_wconf 86' lang='lat' dir='ltr'>in</span> 
     </span>
     <span class='ocr_line' id='line_1_22' title="bbox 321 2701 484 2764; baseline 0 0"><span class='ocrx_word' id='word_1_176' title='bbox 321 2715 391 2764; x_wconf 88' lang='lat' dir='ltr'>not.</span> <span class='ocrx_word' id='word_1_177' title='bbox 415 2701 484 2764; x_wconf 88' lang='lat' dir='ltr'>crit.</span> 
     </span>
    </p>
   </div>
   <div class='ocr_carea' id='block_1_4' title="bbox 321 2847 1370 3556">
    <p class='ocr_par' dir='ltr' id='par_1_4' title="bbox 321 2847 1370 3556">
     <span class='ocr_line' id='line_1_23' title="bbox 398 2847 1366 2952; baseline 0.002 -22"><span class='ocrx_word' id='word_1_178' title='bbox 398 2847 556 2952; x_wconf 77' lang='lat' dir='ltr'>latere)</span> <span class='ocrx_word' id='word_1_179' title='bbox 604 2869 714 2932; x_wconf 84' lang='lat' dir='ltr'>Latera</span> <span class='ocrx_word' id='word_1_180' title='bbox 736 2883 889 2932; x_wconf 88' lang='lat' dir='ltr'>terrarum</span> <span class='ocrx_word' id='word_1_181' title='bbox 909 2867 986 2931; x_wconf 87' lang='lat' dir='ltr'>solet</span> <span class='ocrx_word' id='word_1_182' title='bbox 1006 2887 1120 2931; x_wconf 85' lang='lat' dir='ltr'>vocare</span> <span class='ocrx_word' id='word_1_183' title='bbox 1137 2879 1170 2932; x_wconf 88' lang='lat' dir='ltr'>et</span> <span class='ocrx_word' id='word_1_184' title='bbox 1186 2865 1366 2952; x_wconf 85' lang='lat' dir='ltr'>agnoscere</span> 
     </span>
     <span class='ocr_line' id='line_1_24' title="bbox 321 2965 1370 3052; baseline 0 -20"><span class='ocrx_word' id='word_1_185' title='bbox 321 2969 423 3040; x_wconf 85' lang='lat' dir='ltr'>Mela.</span> <span class='ocrx_word' id='word_1_186' title='bbox 450 2971 507 3030; x_wconf 88' lang='lat' dir='ltr'>ubi</span> <span class='ocrx_word' id='word_1_187' title='bbox 521 2991 607 3032; x_wconf 86' lang='lat' dir='ltr'>mare</span> <span class='ocrx_word' id='word_1_188' title='bbox 624 2971 663 3032; x_wconf 84' lang='lat' dir='ltr'>stc</span> <span class='ocrx_word' id='word_1_189' title='bbox 684 2984 834 3040; x_wconf 83' lang='lat' dir='ltr'>arctatur.</span> <span class='ocrx_word' id='word_1_190' title='bbox 859 2984 896 3030; x_wconf 92' lang='lat' dir='ltr'>ut</span> <span class='ocrx_word' id='word_1_191' title='bbox 920 2971 1000 3031; x_wconf 88' lang='lat' dir='ltr'>duae</span> <span class='ocrx_word' id='word_1_192' title='bbox 1021 2983 1119 3031; x_wconf 88' lang='lat' dir='ltr'>terrae</span> <span class='ocrx_word' id='word_1_193' title='bbox 1138 2965 1257 3052; x_wconf 78' lang='lat' dir='ltr'>possint</span> <span class='ocrx_word' id='word_1_194' title='bbox 1281 2988 1370 3032; x_wconf 84' lang='lat' dir='ltr'>con·</span> 
     </span>
     <span class='ocr_line' id='line_1_25' title="bbox 323 3067 1366 3154; baseline -0.005 -21"><span class='ocrx_word' id='word_1_195' title='bbox 323 3071 414 3154; x_wconf 89' lang='lat' dir='ltr'>spici.</span> <span class='ocrx_word' id='word_1_196' title='bbox 444 3086 476 3132; x_wconf 87' lang='lat' dir='ltr'>et</span> <span class='ocrx_word' id='word_1_197' title='bbox 491 3072 530 3132; x_wconf 88' lang='lat' dir='ltr'>iic</span> <span class='ocrx_word' id='word_1_198' title='bbox 547 3073 641 3132; x_wconf 88' lang='lat' dir='ltr'>altera</span> <span class='ocrx_word' id='word_1_199' title='bbox 661 3074 769 3132; x_wconf 89' lang='lat' dir='ltr'>vocari</span> <span class='ocrx_word' id='word_1_200' title='bbox 783 3071 929 3132; x_wconf 85' lang='lat' dir='ltr'>dextrum</span> <span class='ocrx_word' id='word_1_201' title='bbox 946 3071 1045 3139; x_wconf 83' lang='lat' dir='ltr'>latua.</span> <span class='ocrx_word' id='word_1_202' title='bbox 1070 3071 1165 3131; x_wconf 87' lang='lat' dir='ltr'>altera</span> <span class='ocrx_word' id='word_1_203' title='bbox 1187 3067 1366 3134; x_wconf 79' lang='lat' dir='ltr'>sinistrum.</span> 
     </span>
     <span class='ocr_line' id='line_1_26' title="bbox 321 3169 1367 3256; baseline 0 -22"><span class='ocrx_word' id='word_1_204' title='bbox 321 3174 410 3234; x_wconf 85' lang='lat' dir='ltr'>Talia</span> <span class='ocrx_word' id='word_1_205' title='bbox 432 3173 524 3232; x_wconf 88' lang='lat' dir='ltr'>latera</span> <span class='ocrx_word' id='word_1_206' title='bbox 553 3175 719 3254; x_wconf 84' lang='lat' dir='ltr'>praecipue</span> <span class='ocrx_word' id='word_1_207' title='bbox 740 3171 882 3256; x_wconf 87' lang='lat' dir='ltr'>agnoscit</span> <span class='ocrx_word' id='word_1_208' title='bbox 902 3171 935 3232; x_wconf 89' lang='lat' dir='ltr'>in</span> <span class='ocrx_word' id='word_1_209' title='bbox 958 3169 1181 3252; x_wconf 83' lang='lat' dir='ltr'>Hellesponto.</span> <span class='ocrx_word' id='word_1_210' title='bbox 1214 3183 1251 3230; x_wconf 87' lang='lat' dir='ltr'>ut</span> <span class='ocrx_word' id='word_1_211' title='bbox 1272 3171 1367 3234; x_wconf 83' lang='lat' dir='ltr'>clare</span> 
     </span>
     <span class='ocr_line' id='line_1_27' title="bbox 323 3263 1366 3362; baseline -0.006 -25"><span class='ocrx_word' id='word_1_212' title='bbox 323 3275 493 3337; x_wconf 85' lang='lat' dir='ltr'>ostendunt</span> <span class='ocrx_word' id='word_1_213' title='bbox 510 3274 605 3334; x_wconf 83' lang='lat' dir='ltr'>verba</span> <span class='ocrx_word' id='word_1_214' title='bbox 624 3274 735 3334; x_wconf 88' lang='lat' dir='ltr'>ultima</span> <span class='ocrx_word' id='word_1_215' title='bbox 757 3293 824 3354; x_wconf 88' lang='lat' dir='ltr'>cap.</span> <span class='ocrx_word' id='word_1_216' title='bbox 843 3285 896 3349; x_wconf 72' lang='grc' dir='ltr'><strong>ιδ.</strong></span> <span class='ocrx_word' id='word_1_217' title='bbox 913 3263 1083 3362; x_wconf 80' lang='lat' dir='ltr'>facitque.</span> <span class='ocrx_word' id='word_1_218' title='bbox 1109 3284 1146 3332; x_wconf 77' lang='lat' dir='ltr'>uc</span> <span class='ocrx_word' id='word_1_219' title='bbox 1163 3273 1273 3332; x_wconf 83' lang='lat' dir='ltr'>iterum</span> <span class='ocrx_word' id='word_1_220' title='bbox 1295 3282 1366 3331; x_wconf 81' lang='lat' dir='ltr'>ter-</span> 
     </span>
     <span class='ocr_line' id='line_1_28' title="bbox 322 3367 1366 3465; baseline -0.003 -28"><span class='ocrx_word' id='word_1_221' title='bbox 322 3398 392 3446; x_wconf 84' lang='lat' dir='ltr'>rae.</span> <span class='ocrx_word' id='word_1_222' title='bbox 427 3367 601 3460; x_wconf 80' lang='lat' dir='ltr'>qrtaflut&#39;t.</span> <span class='ocrx_word' id='word_1_223' title='bbox 635 3373 737 3436; x_wconf 84' lang='lat' dir='ltr'>latera</span> <span class='ocrx_word' id='word_1_224' title='bbox 751 3369 835 3465; x_wconf 74' lang='lat' dir='ltr'>stret.</span> <span class='ocrx_word' id='word_1_225' title='bbox 871 3391 896 3435; x_wconf 89' lang='grc' dir='ltr'><strong>ι.</strong></span> <span class='ocrx_word' id='word_1_226' title='bbox 916 3371 1204 3435; x_wconf 81' lang='lat' dir='ltr'>onortovtveMS.</span> <span class='ocrx_word' id='word_1_227' title='bbox 1249 3367 1302 3434; x_wconf 83' lang='lat' dir='ltr'>Cf.</span> <span class='ocrx_word' id='word_1_228' title='bbox 1324 3389 1366 3446; x_wconf 76' lang='grc' dir='ltr'>Ω,</span> 
     </span>
     <span class='ocr_line' id='line_1_29' title="bbox 329 3470 1046 3556; baseline 0.001 -20"><span class='ocrx_word' id='word_1_229' title='bbox 329 3497 359 3540; x_wconf 91' lang='grc' dir='ltr'><strong>ι.</strong></span> <span class='ocrx_word' id='word_1_230' title='bbox 379 3478 425 3539; x_wconf 91' lang='lat' dir='ltr'>in.</span> <span class='ocrx_word' id='word_1_231' title='bbox 469 3471 648 3538; x_wconf 82' lang='lat' dir='ltr'>Contrariis</span> <span class='ocrx_word' id='word_1_232' title='bbox 668 3474 691 3538; x_wconf 92' lang='lat' dir='ltr'>i.</span> <span class='ocrx_word' id='word_1_233' title='bbox 708 3495 737 3537; x_wconf 90' lang='lat' dir='ltr'>e.</span> <span class='ocrx_word' id='word_1_234' title='bbox 752 3488 861 3536; x_wconf 85' lang='lat' dir='ltr'>contra</span> <span class='ocrx_word' id='word_1_235' title='bbox 877 3471 906 3536; x_wconf 89' lang='lat' dir='ltr'>se</span> <span class='ocrx_word' id='word_1_236' title='bbox 926 3470 1046 3556; x_wconf 73' lang='lat' dir='ltr'>positia.</span> 
     </span>
    </p>
   </div>
   <div class='ocr_carea' id='block_1_5' title="bbox 487 3669 1367 3758">
    <p class='ocr_par' dir='ltr' id='par_1_5' title="bbox 487 3669 1367 3758">
     <span class='ocr_line' id='line_1_30' title="bbox 487 3669 1367 3758; baseline -0.001 -20"><span class='ocrx_word' id='word_1_237' title='bbox 487 3679 517 3756; x_wconf 92' lang='lat'>§.</span> <span class='ocrx_word' id='word_1_238' title='bbox 545 3689 578 3738; x_wconf 82' lang='lat' dir='ltr'>a.</span> <span class='ocrx_word' id='word_1_239' title='bbox 630 3673 776 3756; x_wconf 81' lang='lat' dir='ltr'>Inde)</span> <span class='ocrx_word' id='word_1_240' title='bbox 837 3673 886 3737; x_wconf 84' lang='lat' dir='ltr'>Ab</span> <span class='ocrx_word' id='word_1_241' title='bbox 922 3671 1130 3758; x_wconf 86' lang='lat' dir='ltr'>Hellesponto</span> <span class='ocrx_word' id='word_1_242' title='bbox 1167 3673 1206 3736; x_wconf 85' lang='lat' dir='ltr'>ad</span> <span class='ocrx_word' id='word_1_243' title='bbox 1239 3669 1367 3737; x_wconf 79' lang='lat' dir='ltr'>fretum</span> 
     </span>
    </p>
   </div>
   <div class='ocr_carea' id='block_1_6' title="bbox 325 3777 529 3842">
    <p class='ocr_par' dir='ltr' id='par_1_6' title="bbox 325 3777 529 3842">
     <span class='ocr_line' id='line_1_31' title="bbox 325 3777 529 3842; baseline 0.01 -2"><span class='ocrx_word' id='word_1_244' title='bbox 325 3777 529 3842; x_wconf 83' lang='lat' dir='ltr'>Gaditanum.</span> 
     </span>
    </p>
   </div>
   <div class='ocr_carea' id='block_1_7' title="bbox 301 3941 1365 4240">
    <p class='ocr_par' dir='ltr' id='par_1_7' title="bbox 301 3941 1365 4240">
     <span class='ocr_line' id='line_1_32' title="bbox 399 3941 1364 4036; baseline 0 -30"><span class='ocrx_word' id='word_1_245' title='bbox 399 3941 615 4025; x_wconf 80' lang='lat' dir='ltr'>retracta)</span> <span class='ocrx_word' id='word_1_246' title='bbox 665 3944 761 4036; x_wconf 77' lang='lat' dir='ltr'>Terra</span> <span class='ocrx_word' id='word_1_247' title='bbox 781 3943 897 4005; x_wconf 83' lang='lat' dir='ltr'>dicitur</span> <span class='ocrx_word' id='word_1_248' title='bbox 914 3941 1032 4006; x_wconf 86' lang='lat' dir='ltr'>retrahi</span> <span class='ocrx_word' id='word_1_249' title='bbox 1048 3957 1082 4004; x_wconf 88' lang='lat' dir='ltr'>et</span> <span class='ocrx_word' id='word_1_250' title='bbox 1097 3943 1253 4012; x_wconf 83' lang='lat' dir='ltr'>recedere.</span> <span class='ocrx_word' id='word_1_251' title='bbox 1280 3963 1364 4006; x_wconf 87' lang='lat' dir='ltr'>cum</span> 
     </span>
     <span class='ocr_line' id='line_1_33' title="bbox 301 4043 1365 4128; baseline 0.001 -20"><span class='ocrx_word' id='word_1_252' title='bbox 301 4055 305 4068; x_wconf 90' lang='lat'>&#39;</span> <span class='ocrx_word' id='word_1_253' title='bbox 325 4048 403 4108; x_wconf 86' lang='lat' dir='ltr'>mari</span> <span class='ocrx_word' id='word_1_254' title='bbox 427 4043 558 4127; x_wconf 86' lang='lat' dir='ltr'>spatium</span> <span class='ocrx_word' id='word_1_255' title='bbox 575 4047 627 4106; x_wconf 86' lang='lat' dir='ltr'>dat</span> <span class='ocrx_word' id='word_1_256' title='bbox 644 4059 677 4105; x_wconf 83' lang='lat' dir='ltr'>et</span> <span class='ocrx_word' id='word_1_257' title='bbox 692 4045 775 4105; x_wconf 84' lang='lat' dir='ltr'>finus</span> <span class='ocrx_word' id='word_1_258' title='bbox 790 4045 917 4125; x_wconf 83' lang='lat' dir='ltr'>excipit.</span> <span class='ocrx_word' id='word_1_259' title='bbox 967 4046 1020 4106; x_wconf 89' lang='lat' dir='ltr'>Sic</span> <span class='ocrx_word' id='word_1_260' title='bbox 1043 4045 1114 4107; x_wconf 83' lang='lat' dir='ltr'>Liv.</span> <span class='ocrx_word' id='word_1_261' title='bbox 1134 4049 1189 4115; x_wconf 79' lang='lat'>26.</span> <span class='ocrx_word' id='word_1_262' title='bbox 1215 4045 1289 4125; x_wconf 67' lang='lat' dir='ltr'>[aa.</span> <span class='ocrx_word' id='word_1_263' title='bbox 1306 4043 1365 4128; x_wconf 89' lang='lat'>6.]</span> 
     </span>
     <span class='ocr_line' id='line_1_34' title="bbox 328 4137 1363 4240; baseline -0.001 -30"><span class='ocrx_word' id='word_1_264' title='bbox 328 4149 422 4212; x_wconf 81' lang='lat' dir='ltr'>Sirttts</span> <span class='ocrx_word' id='word_1_265' title='bbox 438 4145 482 4240; x_wconf 74' lang='lat' dir='ltr'>est</span> <span class='ocrx_word' id='word_1_266' title='bbox 496 4148 593 4208; x_wconf 81' lang='lat' dir='ltr'>uraris</span> <span class='ocrx_word' id='word_1_267' title='bbox 609 4145 710 4206; x_wconf 71' lang='lat' dir='ltr'>inedia</span> <span class='ocrx_word' id='word_1_268' title='bbox 718 4137 795 4234; x_wconf 81' lang='lat' dir='ltr'>fere</span> <span class='ocrx_word' id='word_1_269' title='bbox 807 4138 987 4237; x_wconf 66' lang='lat' dir='ltr'>Hispaniae</span> <span class='ocrx_word' id='word_1_270' title='bbox 1001 4166 1069 4216; x_wconf 85' lang='lat' dir='ltr'>ara.</span> <span class='ocrx_word' id='word_1_271' title='bbox 1094 4149 1229 4209; x_wconf 82' lang='lat' dir='ltr'>maxime</span> <span class='ocrx_word' id='word_1_272' title='bbox 1241 4137 1363 4237; x_wconf 76' lang='lat' dir='ltr'>Africo</span> 
     </span>
    </p>
   </div>
   <div class='ocr_carea' id='block_1_8' title="bbox 0 0 1384 4964">
    <p class='ocr_par' dir='ltr' id='par_1_8' title="bbox 0 0 1384 4964">
     <span class='ocr_line' id='line_1_35' title="bbox 0 0 1384 4964; baseline 0 0"><span class='ocrx_word' id='word_1_273' title='bbox 0 0 1384 4964; x_wconf 95' lang='lat' dir='ltr'> </span> 
     </span>
    </p>
   </div>
  </div>
 </body>
</html>
