2828 4966
344 363 386 432 40
614 353 775 416 uorsa
816 353 1117 416 rxroarroru

347 550 421 615 pag.
443 543 476 610 3.
510 527 559 590 sta
581 547 659 590 vero
682 527 808 600 habere.
833 529 988 592 adstruere
1008 529 1129 592 nititur¹
1143 529 1263 595 Strabo
1287 529 1356 594 lib.

348 647 420 715 pq,
451 629 471 694 s.
490 641 522 708 5.
557 644 589 691 et
611 645 766 692 terrorum
789 630 901 694 orbem
926 651 1034 694 rerum
1058 629 1193 694 insulam
1223 633 1296 695 eise
1327 635 1369 694 in

350 734 479 806 conficit
498 751 571 792 cum
592 731 757 793 Aristotele
771 731 811 794 de
827 732 949 794 mundo
964 752 1031 812 cap.
1051 745 1082 812 5.
1120 732 1171 798 Cf.
1190 735 1300 796 etiam
1318 733 1374 796 Pii

355 853 385 902 o.
409 835 467 906 67.
493 831 628 914 utsupra
653 846 769 894 notata.
823 834 942 896 Veriraa
962 833 1061 896 hodio
1083 832 1154 896 satia
1172 835 1321 905 constat,
1354 857 1374 897 e

316 959 319 968 ·
353 933 477 997 riirarso
500 935 596 1015 longe
620 931 707 1020 sonsu
736 946 835 996 terrae
860 935 1005 1019 cognitae
1025 934 1167 996 ambitur
1189 937 1373 1019 intelligitr

352 1039 419 1100 Suo
442 1049 548 1096 tamen
568 1037 655 1096 idem
670 1035 765 1096 etiam
780 1049 904 1098 veteres
921 1048 1047 1096 tantum
1062 1055 1128 1097 non
1150 1055 1271 1100 omnen
1290 1037 1374 1100 stato

353 1137 444 1207 bant.
472 1136 598 1196 indiciis
618 1136 747 1216 quidem
769 1137 877 1198 minua
898 1137 992 1198 certia
1011 1151 1065 1196 aut
1078 1135 1182 1208 suisio.
1210 1141 1320 1200 etiarn
1342 1159 1374 1218 o}

354 1237 508 1306 nionibua
522 1235 619 1304 ducti.
639 1238 738 1316 qualia
753 1236 846 1299 elide
859 1235 1072 1320 mariCaspio.
1096 1258 1135 1300 ox
1150 1257 1215 1320 quo
1232 1239 1273 1300 in
1290 1239 1374 1302 Eou

354 1341 441 1402 muro
461 1336 586 1400 cursum
609 1338 754 1422 agebant.
793 1336 845 1402 cf.
863 1353 896 1419 5.
919 1353 952 1416 7.
970 1339 1016 1401 in.

430 1538 638 1624 quatuor)
693 1541 824 1602 Terram
854 1539 1026 1606 habitatam
1050 1543 1170 1604 multos
1196 1541 1236 1604 ab
1266 1542 1374 1605 Ocear

355 1643 495 1723 recipere
513 1637 595 1703 suma
611 1640 714 1702 scribit
728 1642 840 1704 Strabo
857 1642 911 1704 lib.
934 1661 965 1704 o.
983 1665 1015 1725 p.
1033 1653 1092 1722 83.
1109 1641 1130 1706 s.
1154 1661 1235 1706 ror.
1259 1663 1369 1724 quoru

356 1758 464 1806 tamen
483 1744 615 1804 maximi
636 1741 695 1804 smt
709 1756 861 1823 quatuor.
887 1762 967 1825 quoa
984 1743 1023 1802 fio
1037 1742 1192 1806 recenset:
1224 1765 1243 1805 a
1266 1743 1374 1824 septer

355 1847 463 1906 trione
483 1842 630 1926 Caspium
649 1842 670 1906 s.
686 1844 881 1923 Hyrcanum.
907 1845 1076 1907 ameridie
1094 1845 1258 1907 Persicum
1279 1857 1314 1904 et
1332 1849 1374 1906 Δι

358 1946 478 2017 hicum.
502 1959 649 2026 quartum
664 1955 749 2006 mare
768 1946 943 2008 internum.
993 1945 1080 2009 Cum
1097 1947 1254 2008 Strabone
1269 1945 1374 2007 consor

357 2049 446 2108 riunt
465 2060 587 2129 praeter
604 2045 723 2108 Melam
737 2047 833 2108 eriam
855 2045 1027 2126 Dionysrua
1044 2068 1076 2108 r.
1094 2057 1142 2126 43
1158 2045 1221 2127 sqq.
1249 2047 1374 2110 Aristid.

357 2150 394 2210 in
417 2149 554 2232 Aegypt.
575 2149 616 2210 Τ.
635 2165 667 2210 u.
689 2168 723 2230 p.
743 2157 826 2227 354.
845 2149 896 2211 od.
921 2146 1011 2210 lebb.
1043 2145 1190 2210 Priscian.
1215 2169 1249 2208 v.
1270 2160 1315 2226 53
1334 2147 1374 2228 sq.

357 2249 504 2314 avienus,
528 2269 561 2311 r.
588 2247 635 2312 66
650 2245 713 2329 sqq.
765 2245 818 2310 ef.
842 2245 1031 2310 Plutarchus
1058 2250 1093 2308 in
1120 2249 1209 2312 Alex.
1242 2269 1308 2329 cap.
1336 2261 1374 2326 42

358 2349 485 2429 Ampel.
501 2367 528 2410 o.
547 2362 580 2424 7.
597 2349 643 2410 in.
695 2347 779 2408 Maio
799 2363 909 2412 autem
931 2347 1081 2432 Caspium
1100 2369 1186 2412 mare
1209 2349 1374 2413 intersint

359 2447 517 2520 referunt,
546 2448 670 2531 dequo
691 2449 731 2510 ad
748 2461 780 2528 3.
801 2459 834 2526 5.

525 2653 557 2732 §.
582 2659 619 2731 4.
670 2647 787 2731 Hor)
834 2651 1002 2724 Vltimum.
1028 2649 1373 2717 somniaturum

363 2754 532 2825 Ceterum.
564 2753 650 2834 quori
678 2753 741 2812 iam
772 2751 959 2816 Ciacconiua
993 2756 1136 2826 notavit.
1180 2769 1281 2818 totum
1308 2757 1373 2818 hura

363 2857 472 2918 locum
494 2855 637 2916 imitatur
658 2852 701 2916 asi
723 2853 846 2916 Plinius
861 2865 896 2933 4,
918 2873 972 2918 ra.
991 2855 1012 2917 s.
1031 2866 1088 2934 24.
1114 2857 1228 2918 eodem
1256 2857 1372 2938 partior

365 2957 479 3020 ordino
501 2955 606 3016 verbio
625 2967 753 3016 tantum
771 2955 897 3018 variatio
915 2955 971 3017 sica
997 2957 1145 3034 irrumpit
1161 2991 1211 3005 —
1235 2947 1372 3046 exspatir

365 3069 420 3118 rur
445 3076 561 3138 aequor
592 3045 756 3145 rursusque
779 3057 812 3116 in
844 3069 951 3118 ortum
983 3059 1048 3119 coit
1073 3057 1113 3120 do
1139 3058 1331 3141 Propontide
1357 3079 1372 3122 ε

366 3156 521 3238 Bosporo.
546 3189 594 3205 -
622 3156 713 3236 longo
733 3146 919 3245 refugientis
941 3172 1077 3238 occrrpac
1101 3169 1201 3220 terras
1224 3159 1261 3219 de
1283 3159 1372 3220 Ponti

365 3260 506 3329 Euxino.
527 3285 575 3300 -
600 3257 702 3318 medio
715 3249 809 3345 flexu
828 3258 970 3340 iungitur
990 3257 1069 3354 ostio
1089 3260 1228 3322 Maeotii
1245 3259 1326 3320 lours
1346 3261 1371 3320 d.

365 3359 545 3426 Cimmerio
569 3357 724 3442 Bosporo.
1169 3399 1171 3404 -

442 3560 574 3622 decem
601 3558 796 3646 milibus)
845 3563 981 3628 Fortasse
1010 3581 1051 3627 ex
1082 3563 1231 3629 Cornelio
1255 3561 1371 3644 Nepote

367 3681 463 3745 quem
479 3659 554 3723 aiibi
570 3663 666 3724 otiam
681 3663 798 3734 laudat.
824 3661 878 3752 [3.
897 3677 930 3742 5.
948 3677 982 3743 8.
1003 3679 1036 3727 et
1052 3683 1085 3745 9.
1104 3661 1158 3752 5.]
1185 3665 1321 3730 sumtum.
1351 3668 1370 3726 1.

368 3765 457 3826 enim
479 3779 511 3824 et
525 3763 566 3824 Τ.
580 3763 703 3833 Livius.
729 3758 816 3850 [vid.
833 3766 918 3828 Plin.
937 3781 969 3846 3.
991 3762 1043 3854 r.]
1070 3767 1126 3826 ubi
1146 3768 1308 3848 plurimum
1329 3787 1368 3828 ro

369 3865 418 3928 Μ.
443 3865 481 3926 Ρ.
511 3877 617 3944 patere
641 3862 758 3926 fretum
785 3867 953 3940 dixerunt,
987 3867 1044 3927 ubi
1070 3870 1239 3928 minimum
1261 3866 1370 3949 septeni

368 3965 453 4047 quod
476 3977 510 4026 et
530 3964 660 4028 Solinus
683 3957 733 4051 [c.
753 3967 809 4029 osi.
828 3966 849 4032 s.
868 3963 946 4054 23.]
972 3967 1112 4049 sequitur
1132 3969 1172 4029 de
1192 3983 1223 4044 7.
1242 3969 1368 4033 millibus

369 4065 545 4132 Murtiauua
565 4059 640 4154 [lib.
654 4067 689 4132 6.
714 4087 748 4154 p.
769 4087 815 4134 m.
841 4062 946 4158 rom]
972 4065 1029 4132 ubi
1053 4070 1224 4133 minimum
1245 4071 1369 4154 quinque
