2828 4966
314 463 319 472 .
357 435 399 502 ol
629 423 793 482 uorre
835 425 1138 482 nxeeerrcre

358 623 391 685 p.
411 577 517 683 loo]
544 599 599 680 qui
621 599 791 660 contrariae
813 597 889 658 (luae
913 609 1099 679 temperatos
1125 595 1179 658 suh
1204 597 1322 660 eodem
1351 598 1382 660 lo

360 699 550 782 misplraerio
570 699 698 767 habent.
718 719 806 779 apros
821 713 853 760 et
872 690 1022 789 adversos
1037 700 1203 759 arbitratur
1221 699 1382 760 hlacrobir

361 798 410 888 [c.
429 796 473 886 l.]
507 821 523 861 a
547 801 655 862 Tullio
679 801 861 880 appellatos.
917 803 979 862 Sed
1003 801 1112 860 mosim
1137 801 1242 884 legere
1266 793 1382 889 auerso

363 900 433 987 suri
449 917 480 962 et
501 893 597 964 hodie
612 897 749 989 edituo]
774 921 847 962 cum
863 920 920 962 eoo
941 897 1112 972 ἂντοίκους
1130 903 1257 982 proprie
1274 902 1337 961 elle
1357 905 1382 962 el

364 1003 513 1065 ruonslret
530 1003 730 1065 cleomedes.
781 1003 830 1062 Ex
847 1001 905 1062 hae
920 999 1092 1064 accessione
1115 1003 1194 1061 illurl
1211 999 1292 1062 essrci
1318 1003 1382 1068 vicl

364 1122 430 1172 mr,
466 1104 485 1162 sr
512 1104 594 1164 lisele
616 1103 677 1162 hoc
701 1103 771 1164 loco
799 1105 839 1164 de
863 1121 930 1163 uuo
959 1117 1086 1163 tamum
1117 1101 1353 1184 hemisphaerio

362 1207 451 1266 zonis
467 1205 552 1266 illiue
572 1205 728 1284 disputes,
756 1205 871 1266 melius
888 1193 1105 1288 αὐτόχθονας
1119 1205 1280 1264 dicturum
1295 1203 1382 1264 suish

361 1307 404 1367 sm
421 1316 526 1366 autem
544 1305 583 1366 de
598 1307 704 1374 zonis,
737 1324 815 1385 quae
834 1319 1007 1386 uirumque
1031 1304 1314 1385 haemisphaerium
1342 1327 1382 1368 an

363 1407 473 1475 blunt.
499 1419 535 1466 ut
555 1405 702 1476 videtur,
728 1407 891 1486 loquatur,
918 1420 1002 1468 recte
1018 1406 1276 1468 Antichthonum
1297 1426 1382 1468 nom

361 1528 402 1568 ne
425 1527 480 1568 eos
499 1507 537 1566 eb
556 1507 611 1568 illo
633 1519 770 1568 notatos.
808 1525 1013 1570 uruuasrre.
1072 1507 1248 1588 Antipodaa
1269 1508 1382 1570 eosder

362 1609 458 1669 eriam
476 1609 553 1676 dici,
587 1607 741 1667 adnotant
769 1607 930 1669 Olivariue
953 1623 985 1668 et
1008 1607 1188 1688 Oporinos,
1215 1607 1269 1668 elsr
1285 1606 1343 1668 hic
1368 1609 1382 1670 d

361 1710 500 1770 antoecis
522 1727 537 1768 a
555 1707 639 1768 Mela
656 1708 792 1791 intelligi
813 1709 913 1770 addit.
965 1709 1122 1769 vadianus
1140 1706 1194 1768 suo
1216 1727 1307 1768 more
1335 1710 1382 1774 lor

212 1825 218 1837 ·
302 1895 305 1903 Ι
361 1811 432 1893 gius
447 1809 499 1870 hic
515 1807 717 1890 exspatiatur,
741 1823 777 1870 ut
799 1809 912 1870 lubens
927 1829 1024 1870 nemo
1042 1808 1124 1890 sequi
1141 1809 1228 1870 velit.
1264 1808 1382 1872 Praesti

362 1913 460 1998 igitur
497 1905 593 1972 Voffii
626 1923 737 1971 notam
771 1909 808 1969 ad
842 1910 1024 1972 breviorem
1058 1908 1214 1970 summam
1243 1911 1382 1993 redigen

361 2013 531 2092 Duplicem
551 2026 665 2071 serram
690 2011 793 2071 statuit
811 2011 1027 2092 Pomponius,
1054 2024 1089 2071 ut
1108 2011 1203 2071 multi
1220 2012 1290 2078 alii.
1320 2013 1382 2074 har

361 2113 496 2174 noslram
522 2127 556 2172 et
582 2111 758 2192 obpositam
785 2108 990 2196 ἀντίχθονα,
1023 2113 1124 2182 unde,
1159 2113 1213 2192 qui
1243 2111 1382 2174 habitan

362 2210 565 2298 ἂντὶχθονες.
617 2212 679 2272 liic
694 2225 801 2272 tamen
820 2213 1020 2303 intelligendi
1045 2214 1086 2282 ii,
1113 2215 1169 2293 qui
1192 2209 1319 2272 suntin
1345 2217 1382 2276 ol

356 2314 463 2394 ‘polim
487 2312 579 2374 nohis
595 2311 827 2394 hemisphaerio
850 2313 980 2384 australi,
1004 2316 1089 2394 quod
1113 2313 1165 2374 vel
1186 2332 1317 2382 oceano,
1348 2338 1382 2378 vr

360 2433 460 2474 zonae
499 2409 637 2474 fervidae
668 2415 852 2475 interventu
885 2435 902 2474 a
929 2413 1034 2476 noslro
1061 2413 1233 2496 separatum
1260 2413 1320 2486 esi,
1367 2437 1382 2478 u

360 2533 472 2576 omues
499 2510 563 2574 sere
590 2525 713 2576 veteres
746 2514 806 2597 γῆν
842 2510 1026 2598 ἀντίχθονα
1062 2517 1295 2576 intellexerunt.
1358 2521 1382 2582 A

359 2617 433 2696 quia
452 2616 490 2674 lic
505 2615 607 2695 aliqua
625 2615 708 2678 illius
724 2627 822 2676 terrae
838 2637 907 2696 porr
924 2618 955 2675 in
974 2616 1077 2676 nostro
1093 2617 1135 2676 cll
1148 2615 1382 2697 hemisphaerio

359 2735 426 2777 noo
445 2714 516 2776 suut
535 2717 662 2798 proprie
678 2717 901 2778 antichthouee
919 2717 968 2777 vel
984 2718 1159 2798 antipodes,
1188 2716 1236 2778 seo
1255 2723 1382 2784 aruoecl

359 2817 430 2888 etsi,
464 2819 535 2898 quia
567 2818 666 2878 maior
693 2818 763 2878 eius
791 2831 889 2880 terrae
919 2837 987 2899 paro
1013 2816 1067 2877 suh
1093 2817 1262 2880 horizonte
1286 2821 1382 2882 nostrl

359 2916 457 2978 mersa
478 2917 537 2985 est,
571 2917 686 2978 alicubi
702 2919 798 2980 eriam
819 2914 908 2980 nard
930 2913 1098 3006 διάμετρον
1121 2918 1279 3002 obposrra‚
1307 2939 1382 2984 reco

358 3037 428 3080 earn
445 3021 544 3083 ,iuxta
571 3017 761 3099 hypothesm
790 3035 934 3082 veterum
959 3020 1183 3082 arulrlnhones
1215 3021 1382 3084 inhabitam

359 3119 444 3204 Mela
465 3120 555 3185 dixit.
594 3121 641 3180 lta
654 3115 787 3184 Vossrue.
818 3121 1050 3182 riutichrlronee
1068 3123 1109 3181 ita
1126 3118 1213 3202 saepe
1228 3123 1382 3190 dicuntur

358 3233 393 3280 ut
411 3221 508 3280 iidem
526 3220 601 3290 lint,
627 3222 681 3301 qui
698 3222 882 3304 Antipodee.
922 3223 974 3285 Sic
990 3225 1022 3282 iu
1039 3223 1144 3284 Plinio
1160 3223 1193 3291 6.
1213 3235 1270 3302 24.
1289 3220 1309 3284 s.
1330 3239 1382 3290 αα

357 3324 489 3403 explicat
510 3324 604 3381 eliam
626 3323 820 3386 Harduinue.
857 3311 1041 3394 Ἀντᾰξονα
1058 3343 1127 3385 eam
1143 3337 1255 3384 terrem
1270 3345 1287 3386 a
1300 3324 1382 3392 Cice

358 3443 436 3484 rone
458 3425 491 3484 iu
512 3423 575 3504 Qu.
590 3421 716 3486 Tuscus.
739 3445 766 3492 r.
785 3436 843 3502 28.
867 3425 1014 3505 adpellari
1036 3437 1160 3506 putant.
1185 3437 1217 3486 et
1236 3427 1275 3486 de
1294 3429 1382 3490 Arne

356 3525 417 3584 rica
439 3523 539 3586 uoslra
556 3525 737 3608 intelligunt
755 3525 873 3606 Lipsrue
886 3526 920 3586 in
935 3525 1074 3604 Plrysrol.
1090 3527 1268 3587 Stoicorum
1284 3527 1340 3587 lih.
1356 3545 1382 3594 α

358 3623 425 3686 diss.
456 3643 510 3704 ¹9·
544 3639 577 3686 et
606 3626 777 3687 Turnebus
803 3627 837 3686 in
865 3623 1060 3709 praefatione
1085 3629 1118 3686 in
1142 3624 1273 3706 Dionys.
1297 3631 1382 3692 Alex

359 3725 397 3786 V.
414 3723 498 3807 Opp.
516 3727 556 3788 T.
576 3739 607 3804 3.
629 3745 659 3806 p.
678 3739 735 3806 39.
789 3727 851 3787 Hic
874 3725 937 3788 srne
954 3728 1052 3788 dubio
1071 3725 1141 3788 suut
1161 3730 1302 3796 antoeci.
1332 3751 1382 3810 qu}

356 3824 534 3886 inhabitant
549 3824 812 3908 hemisphaerium
827 3827 955 3889 australe
969 3842 1000 3888 et
1020 3827 1073 3888 sub
1090 3829 1215 3900 eodem,
1236 3849 1299 3909 quo
1315 3851 1382 3898 uos

356 3927 460 3986 iacent
485 3927 669 3988 meridiano.
723 3927 879 3990 Geminus
911 3931 946 3990 in
980 3929 1155 3991 Elementio
1180 3930 1382 3998 astronomiar

357 4047 390 4109 p.
411 4039 469 4104 50.
492 4029 525 4086 in
542 4026 664 4088 Peuvii
680 4029 874 4112 Uranologio
892 4029 948 4090 src:
966 4021 1129 4092 ”herorum
1145 4029 1174 4093 ol
1190 4028 1219 4096 ἐν
1236 4029 1280 4115 τῆ
1298 4023 1382 4122 oirp

356 4121 453 4211 νοτίῳ
487 4121 571 4216 ζώνῃ
612 4118 675 4192 ὑπὸ
707 4129 747 4192 τὸ
782 4119 865 4194 αὐτὸ
907 4125 1116 4223 ἡμισφαίριον
1149 4131 1382 4212 κατοικοῦντες
