2764 4958
346 415 408 463 m
615 399 775 459 NOTAE
816 398 1117 460 Exaoa'ncta

346 589 498 642 neutrum
518 572 659 636 ufitatiue
674 575 717 636 est
733 588 765 636 et
783 573 864 637 forte
886 575 1065 655 antiquina,
1089 585 1128 636 ut
1142 571 1250 636 frmiiia
1264 571 1366 636 Orien·

348 681 391 742 tia
410 677 561 748 nomina;
593 673 751 737 feminino
773 677 890 760 legitur
915 675 998 758 apud
1020 675 1224 757 Procopium.
1273 673 1366 734 Muta·

347 793 420 842 turn
446 796 567 839 nomen
592 778 716 838 transiit
738 777 772 836 in
797 777 923 838 Ariinoe
946 797 963 837 a
985 775 1161 840 Ptolemaei
1180 773 1366 855 Philadelphi

348 879 455 944 sorore
481 890 515 940 et
539 896 655 947 uxore,
687 889 724 936 ut
749 874 844 938 refert
869 877 1048 958 Stephanus
1071 877 1105 940 h.
1126 898 1159 940 v.
1191 897 1230 940 ex
1251 875 1366 954 Cyrene

347 994 487 1050 auctam,
513 991 597 1038 certe
612 979 787 1049 'Parrchira‚
814 977 909 1040 tradit
926 977 1035 1040 Schol.
1051 978 1192 1041 Pindari.
1231 978 1256 1039 Λ
1273 976 1367 1040 Ptole·

347 1082 452 1143 maide
466 1093 637 1140 removent
649 1080 773 1140 Pliniue
789 1093 820 1140 et
836 1079 1010 1140 Martianus
1026 1093 1084 1142 aa.
1100 1078 1146 1142 Μ.
1157 1077 1194 1140 P.
1222 1075 1367 1140 ‘Antonini

347 1184 420 1242 itin.
447 1182 503 1243 26.
539 1179 642 1241 tabula
669 1196 728 1242 oo.
779 1178 949 1242 Posteriori
973 1171 1073 1241 aetate
1098 1177 1233 1260 priscum
1257 1195 1367 1239 nornen

347 1283 468 1343 abolito
490 1281 587 1341 altero
611 1293 797 1342 revocatum
816 1279 894 1351 effa,
926 1279 1040 1364 probat
1059 1300 1121 1342 una
1143 1281 1228 1342 illiue
1247 1277 1367 1360 repetita

347 1383 473 1444 mentio
500 1381 533 1440 in
559 1381 611 1442 hia
634 1379 827 1444 auctoribus.
879 1382 1054 1461 Imperator
1076 1379 1263 1442 Iustinianue
1282 1377 1367 1440 norit

348 1482 495 1562 operibus
511 1483 641 1544 muniit.
661 1483 812 1566 <Procop.
827 1499 854 1545 c.
868 1480 905 1561 l.)
942 1481 1048 1545 Hodie
1065 1482 1135 1544 aliia
1149 1479 1193 1544 est
1210 1479 1366 1547 Trochora.

345 1584 414 1645 aliia
440 1582 469 1642 T
466 1580 585 1645 autera.

421 1799 543 1869 atque
568 1781 701 1866 uncie)
750 1785 802 1848 Sit
822 1802 852 1856 a,
869 1797 903 1860 3.
922 1801 954 1849 ι.
981 1785 1015 1856 6,
1033 1784 1067 1849 6.
1082 1796 1115 1846 et
1128 1801 1164 1865 9.
1193 1779 1364 1862 7,13.bit·

273 1911 275 1916 ·
343 1888 406 1952 Sed
425 1888 559 1948 omnino
576 1885 691 1947 talibus
708 1881 851 1948 formalia
865 1885 1013 1967 periodon
1030 1886 1120 1948 finire
1133 1885 1218 1948 Mela
1232 1883 1314 1955 folet,
1333 1893 1366 1943 ut

343 1989 489 2070 exempla
510 1988 628 2049 docent
647 1987 682 2047 in
701 1985 816 2050 differt.
834 1985 876 2048 de
891 1985 976 2049 Mela
991 2006 1059 2070 cap.
1075 2001 1109 2065 7.
1127 1985 1295 2071 propofrta.

424 2186 637 2271 Cyrene)
688 2187 744 2250 Gr.
777 2181 917 2274 Κυρήνη.
964 2187 1070 2249 Latini
1102 2189 1201 2250 etiam
1239 2187 1365 2268 cyrenae

344 2291 474 2359 dieunt,
508 2301 544 2348 ut
565 2301 761 2350 monuerunt
784 2287 910 2351 Salmaf.
932 2287 970 2349 ad
992 2289 1092 2351 Sofin.
1116 2309 1149 2370 p.
1173 2309 1217 2352 m.
1236 2291 1313 2365 264.
1335 2295 1364 2346 et

342 2389 525 2472 Well'eling.
541 2391 579 2449 ad
597 2389 754 2450 Antonini
777 2391 882 2450 itiner.
900 2409 932 2470 p.
950 2388 1009 2466 68.
1030 2389 1212 2472 docentque
1234 2385 1364 2468 exempla

343 2488 667 2573 Lexieographorum.
720 2489 877 2551 Conditor
907 2490 1034 2561 Battus.
1072 2489 1112 2551 de
1143 2509 1209 2572 quo
1241 2490 1363 2572 plurima

342 2589 471 2651 Pindar.
497 2589 592 2667 Pytlt.
608 2599 643 2666 4.
679 2589 863 2653 Herodotus
878 2599 912 2668 4,
941 2601 1006 2668 155
1025 2589 1065 2671 tq.
1086 2591 1221 2672 aliique,
1254 2590 1304 2670 qui
1323 2585 1363 2646 ibi

342 2691 561 2772 producuntur
577 2709 594 2750 a
610 2691 688 2752 viria
702 2690 820 2761 doctis,
845 2691 1070 2773 aSpanhemio
1086 2691 1124 2751 ad
1141 2690 1321 2754 Cailirnach.
1334 2687 1363 2746 iu

341 2791 446 2872 Apoll.
463 2811 494 2852 v.
505 2791 565 2867 65.
592 2803 625 2852 et
640 2811 656 2851 a
671 2791 844 2853 Stavereno
859 2793 892 2850 in
904 2791 1033 2854 Miscet.
1045 2790 1217 2855 observatt.
1233 2791 1299 2853 Vol.
1315 2806 1361 2847 ro.

340 2911 374 2972 p.
393 2903 474 2968 588.
508 2893 593 2952 Hinc
609 2891 766 2971 Cyrenaei
781 2893 934 2954 dicuntur
945 2891 1152 2954 Battiadaea
1169 2895 1247 2957 Silio
1264 2909 1292 2959 o.
1308 2890 1360 2951 61·

344 3006 376 3070 3.
403 3005 484 3068 253.
515 3007 547 3052 et
568 2991 779 3054 Callimachus
806 2993 977 3054 Battiades
1000 2994 1052 3055 vel
1075 2994 1188 3054 eadem
1212 2995 1251 3054 de
1275 2986 1360 3056 causa·

340 3093 394 3154 vel
409 3094 493 3172 qnod
510 3113 549 3154 err
569 3093 724 3178 progenie
739 3093 824 3154 Batti
845 3091 915 3158 fuit.
953 3091 1040 3155 Hinc
1055 3112 1132 3155 vero
1147 3095 1234 3156 Batti
1251 3107 1359 3154 tuerno-

339 3194 418 3253 riam
442 3195 476 3253 in
499 3196 623 3260 numia.
654 3195 779 3275 qualem
801 3195 854 3255 hio
868 3195 1017 3277 produxit
1033 3195 1129 3256 etiarn
1145 3192 1283 3262 Voffiue,
1310 3188 1360 3250 fer·

338 3307 444 3355 vatam
474 3294 532 3355 effe
567 3307 656 3375 putat
686 3295 858 3376 Spanhern.
891 3295 932 3356 de
962 3294 1021 3356 usu
1045 3325 1096 3340 -
1121 3317 1214 3358 num.
1246 3293 1310 3356 Vol.
1333 3309 1356 3348 t·

338 3415 371 3476 p.
392 3410 462 3473 297
479 3394 520 3475 fq.
550 3392 778 3478 refragantibus
798 3409 905 3458 tarnen
924 3397 1010 3467 aliie,
1042 3415 1123 3478 quoe
1145 3397 1287 3459 nominat
1306 3391 1358 3452 tta-

337 3493 408 3556 fche
424 3497 457 3555 in
476 3497 550 3556 Lex.
571 3516 662 3556 num.
681 3497 721 3556 Τ.
742 3516 772 3560 ι.
789 3497 825 3558 P.
848 3516 878 3560 ι.
900 3517 931 3577 p.
953 3510 1057 3576 1479.
1092 3498 1176 3580 Quia
1191 3515 1267 3558 vero
1281 3491 1357 3554 Tbe-

336 3615 426 3658 raeut
448 3597 501 3656 ille
521 3593 597 3676 fuit,
630 3596 846 3658 Theraoorum
875 3598 927 3658 alii
955 3599 1112 3659 coloniam
1141 3601 1266 3660 vocant.
1309 3584 1355 3652 Cf·

335 3696 456 3758 Sallust.
474 3699 544 3780 ing.
561 3717 589 3758 c.
610 3717 665 3779 rt).
692 3697 804 3759 Strabo
819 3711 872 3772 17.
890 3719 921 3779 p.
938 3710 1022 3776 575.
1039 3697 1154 3777 [857.
1182 3689 1355 3760 callimach.

334 3797 369 3855 in
391 3797 493 3877 apoll.
516 3817 548 3858 v.
573 3795 677 3878 73fq.
710 3797 838 3860 Pausan.
865 3811 898 3877 5.
925 3810 980 3881 14.
1032 3799 1116 3882 Quia
1139 3818 1235 3882 porro
1261 3793 1354 3856 Theti

332 3897 559 3978 Spartanorum
576 3895 637 3958 fuit
652 3897 785 3970 colonia,
807 3897 953 3984 (Pindar.
969 3901 1065 3981 Pytb.
1083 3911 1168 3977 ν.8ι
1184 3899 1226 3981 fq.
1252 3893 1353 3959 Strabo

276 4071 280 4081 Ι
333 4015 360 4062 c.
375 3997 395 4058 l.
432 3998 572 4060 Enstath.
596 4000 634 4058 ad
653 3998 784 4077 Dionys.
800 4020 833 4064 v.
849 4001 955 4087 213.)
978 4003 1054 4064 inde
1076 4015 1109 4064 et
1127 4001 1354 4079 Cyrenaeorum

330 4116 432 4182 genua
454 4100 493 4161 ad
515 4099 684 4184 Spartanos
700 4099 796 4164 refert
820 4099 973 4186 lofephua
995 4105 1036 4168 de
1052 4103 1092 4168 tt.
1110 4103 1182 4167 lud.
1200 4119 1231 4176 u,
1255 4098 1351 4172 1624·
