2796 4956
184 379 235 438 ru
261 379 399 438 nour.
429 377 537 433 ntur„
580 369 617 433 ι’.
638 379 662 444 1.
705 377 824 439 ovn.
867 377 946 446 §.A
1025 361 1084 454 169

51 555 155 626 bavit.
184 573 261 615 cum
277 554 420 614 dirutum
441 551 539 612 Plinii
560 563 662 613 aetate
678 569 744 614 non
763 549 869 614 fuerit.
921 548 1089 613 Pintianue

55 678 93 720 ex
114 657 376 737 interpretatione
404 653 540 715 Graecae
564 653 655 716 vocis
683 669 804 716 temere
827 655 987 716 adiectum
1009 651 1090 712 illud

53 771 158 842 putat;
180 769 218 816 ut
237 754 301 818 lere
316 755 518 826 Harduinus;
542 754 708 816 Salmasius
723 755 760 816 ud
777 755 879 818 Solin.
896 775 928 838 p.
945 775 990 816 rn.
1006 767 1089 828 227.

54 861 124 920 rult
147 857 348 934 Diprrnturn
373 867 406 918 et
436 855 504 938 poll
530 849 730 944 Διᾶῤῥυτον,
766 858 874 940 inepta
899 856 1093 938 tautologiet
1212 935 1216 944 ι

55 960 217 1028 Dilatum,
242 958 331 1040 qnod
347 955 536 1044 emendabat
549 959 652 1019 Surita
674 959 712 1018 orl
728 961 882 1022 Antonin.
900 979 933 1039 p.
957 975 1011 1020 ot.
1039 955 1095 1017 etii

53 1064 156 1123 reiicit
188 1059 378 1120 Harduinus
410 1077 484 1119 cum
511 1057 695 1141 Weil'eling.
725 1060 764 1120 ad
798 1059 953 1122 Antonin.
976 1079 1008 1139 p.
1036 1073 1092 1120 ot.

56 1164 164 1224 multis
181 1161 290 1243 polica
309 1162 409 1220 tuitus
426 1159 468 1220 eli
483 1159 658 1221 liezzonici
680 1163 714 1220 in
728 1161 879 1242 disquisit.
896 1161 981 1222 Plin.
998 1161 1039 1220 T.
1062 1175 1093 1222 o.

56 1287 88 1347 p.
103 1265 161 1342 69.
188 1276 223 1323 et
245 1275 337 1322 antea
351 1261 538 1342 probaverat
552 1261 747 1332 Politianua‚
774 1264 831 1344 qui
846 1261 937 1325 MSS.
955 1259 1097 1322 vetustos

57 1364 238 1433 consulut,
264 1363 353 1444 quod
372 1363 435 1423 hoc
457 1361 492 1422 fit
508 1363 675 1434 Latinum,
702 1365 834 1424 alterum
851 1363 1018 1426 Graecum.
1057 1362 1097 1422 ln

55 1467 227 1530 Antonino
248 1484 282 1545 p.
304 1481 361 1525 ot.
384 1465 518 1524 Zaritu‘s
538 1464 714 1545 adpellatnr
735 1485 774 1527 ex
795 1467 978 1547 mutatione
994 1465 1098 1526 litera·
1130 1539 1134 1548 ι

55 1587 128 1630 turn
155 1587 174 1628 z
197 1578 234 1626 et
257 1564 282 1625 ri
301 1566 336 1624 in
356 1565 482 1626 Aeolica
503 1566 641 1628 maxime
660 1566 794 1628 dialecto
809 1585 874 1628 non
889 1563 1096 1646 infrequenti.

56 1667 105 1730 Cf.
123 1669 228 1729 etiarn
244 1665 394 1727 Bochart.
410 1667 444 1725 in
460 1665 609 1728 Chanaan
628 1685 658 1738 1,
677 1677 734 1746 olp.
760 1681 793 1730 et
812 1667 937 1731 Salmas.
954 1667 992 1728 ad
1008 1666 1099 1748 Capi·

57 1766 150 1832 tolini
172 1769 379 1830 Antoninum
395 1767 492 1828 Pium
512 1787 539 1828 c.
561 1783 617 1830 12.
671 1771 718 1830 lta
737 1789 814 1832 vero
838 1771 933 1831 etiam
950 1769 1003 1829 vel
1028 1788 1102 1830 con·

57 1884 151 1932 tracta
175 1871 261 1930 adon
284 1865 386 1929 forme
409 1867 668 1949 aposterioribus
693 1871 816 1932 dictum
838 1870 915 1941 elle,
949 1871 1103 1951 exemplis

59 1974 174 2034 docuit
195 1969 383 2031 Porcheron
406 1971 443 2030 ad
466 1969 584 2054 Geugr.
607 1971 753 2035 Ravenn.
772 1985 804 2052 3.
826 1973 860 2035 6.
884 1992 916 2054 p.
936 1981 1015 2047 118.
1043 1969 1102 2030 ubi

60 2074 218 2153 Hippone
233 2069 397 2163 aneflou.
433 2069 483 2132 Cf.
501 2083 533 2148 5,
552 2083 586 2148 5.
626 2071 765 2133 Priscum
782 2089 903 2135 notuen
924 2071 1037 2134 leviter
1052 2071 1104 2132 atl-

63 2173 185 2236 iectum
207 2171 342 2233 exhibet
362 2171 466 2232 tabula
487 2174 636 2256 Peuting.
659 2175 713 2237 IV.
736 2176 867 2254 ipponte
888 2173 1017 2236 dietrico.
1057 2175 1105 2234 lta

62 2295 142 2337 vero
165 2288 301 2354 propter
315 2293 465 2353 aquarum
487 2275 601 2358 irrigua
624 2278 889 2358 cognominatum
913 2273 989 2344 elle,
1016 2275 1105 2336 adfir-

63 2390 131 2438 mat
154 2376 301 2443 Plinius,
332 2373 371 2438 ab
390 2375 593 2436 interfluente
615 2373 696 2439 freto
722 2377 866 2444 Solinus.
899 2377 1011 2455 inquo
1030 2395 1106 2436 eum

65 2479 182 2561 ungari
198 2488 291 2558 putat
306 2475 481 2544 Salmasius.
499 2495 578 2550 ,cum
593 2478 719 2537 nullum
738 2475 856 2539 fretum
871 2477 1039 2544 interfluat.
1062 2491 1106 2548 et,

70 2580 152 2638 fiad
180 2597 270 2637 mare
291 2574 424 2646 reseras,
456 2578 552 2638 etiarn
573 2579 650 2638 alter
674 2575 783 2659 Hippo
806 2579 944 2640 eundern
968 2578 1108 2660 politum

68 2681 233 2742 habuerit.
292 2676 424 2759 Optime
456 2691 562 2740 nutem
599 2677 720 2739 causam
753 2679 840 2740 illam
869 2675 999 2750 lullinet
1032 2680 1110 2741 alter

69 2783 196 2842 Plinius
223 2777 344 2859 epillol.
369 2797 403 2857 9,
430 2792 488 2857 35.
525 2779 581 2840 ubi
607 2779 727 2841 scribit:
776 2779 902 2842 adiacet
931 2779 1111 2861 navigabile

65 2881 241 2976 fingantur,
268 2900 309 2940 ex
321 2899 383 2960 quo
403 2881 436 2940 in
452 2878 579 2941 modum
589 2875 741 2968 fluminis
759 2879 949 2974 aestuarium
972 2882 1110 2962 emergit,

68 2982 158 3067 quod
179 2983 252 3042 vice
274 2979 417 3050 alterna,
448 2993 545 3060 prout
571 2979 674 3076 aestus
697 2995 756 3042 ortt
782 2975 938 3071 repreffit,
975 2995 1033 3043 aut
1055 2983 1112 3042 im·

73 3086 174 3166 pulit.
202 3101 288 3142 nunc
301 3071 441 3168 infertur
460 3084 556 3152 mari.
582 3103 666 3144 nuuc
687 3081 831 3146 redditur
839 3081 974 3174 stagno.
1025 3083 1113 3144 Hinc

71 3183 248 3256 Ἱππονῖτις
265 3177 362 3269 λίμνη
376 3202 393 3243 a
406 3183 590 3246 Ptolemaeo
600 3195 635 3262 4,
653 3197 685 3261 3.
704 3203 748 3247 tn.
775 3186 860 3265 quod
877 3197 909 3245 et
923 3184 976 3245 hic
990 3179 1114 3246 Voffius

75 3287 217 3355 notavit,
239 3285 327 3344 iuxta
341 3284 481 3364 ponitur.
520 3285 632 3348 Strabo
647 3299 701 3358 17.
716 3305 748 3367 p.
766 3297 849 3363 572.
865 3284 886 3346 i.
899 3297 982 3364 352.
1007 3277 1113 3371 ἄμφω

74 3383 237 3467 βασίλεια
261 3384 357 3454 dicit,
401 3383 456 3445 etfi
484 3383 556 3448 usna
584 3405 766 3471 cognomen
790 3387 910 3466 Regius
937 3387 1035 3467 priori
1063 3385 1115 3446 ad·

76 3490 204 3552 nexuit.
257 3487 310 3548 An
332 3504 429 3557 vero,
455 3486 540 3566 quod
560 3487 613 3548 hic
634 3501 799 3549 notaverat
821 3487 975 3550 Graevius
993 3487 1061 3549 MS.
1082 3501 1116 3548 et

77 3601 250 3674 putaverat
263 3587 360 3650 Sltow
373 3588 415 3650 T.
434 3607 463 3650 t.
484 3607 515 3668 p.
540 3599 618 3666 ¹8⁰·
639 3585 754 3652 Ἵππου
777 3582 871 3662 πόλις
894 3587 929 3646 At
943 3589 1025 3668 apud
1041 3589 1116 3669 Scy·

80 3694 182 3754 lacem
194 3710 229 3772 p.
245 3703 304 3765 50.
320 3685 419 3749 Hudt
441 3689 600 3750 incertum
615 3687 688 3751 facit
706 3687 893 3752 narrationis
908 3689 1115 3762 detruncatio,

79 3794 135 3856 ens
158 3789 365 3874 probabilitas
385 3789 504 3850 aenean
518 3809 557 3852 ex
571 3793 675 3852 unna
694 3771 825 3872 pando,
849 3803 882 3852 et
902 3791 987 3871 quon
1005 3789 1116 3853 Anno·

81 3897 158 3957 telee
174 3896 216 3955 de
230 3891 322 3952 miris
334 3888 495 3952 auscultat.
518 3911 546 3953 c.
570 3893 651 3975 146.
678 3893 833 3974 Apollinis
855 3893 1117 3974 promontorium

81 3999 160 4060 olim
177 3994 281 4075 Hippi
303 3995 425 4054 <lictum
445 3989 536 4053 inille
560 3995 683 4064 innuit,
708 3994 785 4055 dum
806 3997 891 4056 inter
906 3993 969 4055 hoc
984 4005 1017 4054 et
1033 3991 1118 4055 Mer·

81 4100 163 4163 curii
198 4095 297 4180 ponit
327 4094 469 4164 uticam.
508 4094 566 4158 etii
588 4087 712 4160 Ἵππου
747 4087 852 4184 ἄκραν
882 4095 1015 4178 propina
1043 4105 1117 4156 ante
