2790 4956
236 359 290 414 ru
319 357 456 414 tour.
489 345 596 414 titan.
637 361 716 416 nt.
759 359 850 416 uta
1000 369 1064 432 325

37 533 89 594 boc
117 523 262 592 disseruit
296 529 502 602 Perizonius,
545 530 612 612 ipso
646 531 877 613 comprobante
908 551 995 594 nexu
1029 545 1062 594 et

37 633 119 694 Plinii
138 632 208 692 ioco
228 631 334 695 simili.
386 633 433 692 lta
456 653 533 694 vero
556 626 666 714 paffim
688 633 835 694 Rubrum
855 653 942 695 mare
966 653 1063 717 angu-

36 735 105 796 stiori
125 730 211 794 sensu
229 733 311 805 dici,
343 731 546 794 declarabunt
568 753 621 805 ea.
653 753 733 816 quae
756 737 793 796 ad
816 733 870 798 lib.
889 749 921 814 3.
942 755 1008 816 cap.
1025 747 1060 812 8.

34 847 126 896 notata
147 830 230 895 sunt.
283 833 429 896 Rubrum
447 837 545 920 igitur
557 853 643 896 mare
660 834 755 896 debet
770 835 829 897 esse
848 836 949 896 Rubri
965 837 1060 898 marie

34 936 64 998 ab
81 936 135 996 hac
155 948 245 1016 parte
270 937 411 998 initium.
470 935 583 1017 Neque
605 951 712 998 tamen
738 935 892 1006 diffiteor.
920 940 1058 1018 apertius

33 1055 86 1097 nnn
105 1033 225 1106 solum,
261 1035 314 1099 sed
334 1049 368 1098 et
395 1037 589 1101 constantine
613 1036 728 1100 versari
749 1039 783 1100 in
811 1038 875 1100 hoc
894 1052 1058 1101 auctorem

31 1135 157 1222 potuisse.

91 1339 308 1422 pertinet)
357 1341 393 1401 sd
411 1341 454 1403 est
475 1341 641 1426 dirigitur,
668 1341 868 1413 extenditur.
894 1341 1054 1424 pervenit.

31 1441 67 1502 ira
80 1441 305 1522 interpretatur
325 1442 421 1503 edicti
436 1441 531 1504 verba
544 1444 698 1523 Ulpianus
719 1444 752 1503 in
773 1443 809 1506 t..
832 1463 860 1516 t,
878 1459 912 1523 9.
934 1461 989 1506 10.
1012 1443 1055 1504 D.

31 1541 60 1600 de
72 1542 191 1604 cloacis.
220 1559 438 1608 ctnccoutve.
475 1543 572 1606 Plura
586 1543 625 1604 de
650 1545 706 1605 bac
722 1544 814 1608 verbi
827 1544 1054 1630 significatione

29 1643 88 1704 dedi
104 1643 141 1704 ad
161 1664 193 1714 -t,
214 1658 251 1722 7,
272 1657 307 1724 5.

88 1843 203 1926 tttic)
257 1847 297 1908 in
327 1847 497 1911 meridiem
526 1861 560 1910 et
592 1863 710 1914 ortum.
746 1865 931 1911 vnnranve.
983 1845 1054 1908 Iliso

30 1966 81 2008 non
96 1945 269 2028 respondet
281 1951 464 2020 remotiori.
491 1948 541 2012 sed
558 1953 754 2032 propinquo.
805 1951 857 2010 sic
871 1949 923 2011 iric
939 1960 972 2009 et
988 1947 1053 2008 illic

31 2045 101 2129 saepe
117 2061 229 2110 contm
248 2041 535 2114 Grammaticbmm
556 2053 679 2136 regulae
701 2051 891 2134 usurpantur
905 2069 923 2110 a
939 2049 1055 2110 veteri·

32 2147 88 2210 bus.
111 2168 285 2213 nnanvtve
301 2151 377 2215 MS.
429 2155 481 2215 Sic
496 2165 527 2214 et
547 2154 608 2224 hic,
634 2154 693 2216 isle.
737 2151 890 2248 Exempla
913 2149 1053 2233 piurima

31 2250 260 2313 exauctoribus
283 2254 422 2314 conlecta
448 2253 606 2316 dederunt
628 2257 690 2316 viri
714 2256 816 2326 docti,
843 2251 990 2314 Perizon.
1012 2249 1053 2312 ad

31 2351 131 2412 Sanctis
154 2352 300 2416 Minerv.
319 2371 351 2425 a.
374 2375 407 2438 9.
430 2375 462 2436 p.
482 2371 552 2441 279
569 2353 629 2437 sqq.
649 2357 699 2442 ed.
715 2357 844 2425 Baueri‚
873 2351 995 2414 Duker.
1020 2363 1053 2413 et

31 2451 173 2516 Drakenb.
198 2456 239 2514 ad
264 2455 336 2518 Lir.
357 2467 414 2534 24.
433 2468 490 2533 28,
509 2471 541 2536 5.
576 2457 697 2519 Ernesti
719 2457 758 2518 ad
773 2459 923 2518 Tacitum
938 2453 1052 2517 Annas.

31 2567 56 2622 Ω.
70 2567 121 2627 77.
137 2569 170 2616 et
187 2566 249 2632 82.
279 2557 489 2640 Oudendorp.
508 2559 546 2618 ad
562 2557 649 2620 Caes.
668 2551 707 2619 de
723 2559 760 2618 B.
780 2559 819 2621 G.
838 2576 867 2627 ι,
889 2575 918 2629 t,
935 2565 970 2634 4.
986 2555 1052 2615 alii·

31 2673 88 2734 que‚
106 2673 184 2735 quoe
198 2671 394 2720 memorant.
428 2661 476 2720 De
493 2657 580 2719 seusu
596 2673 686 2721 antea
702 2661 825 2721 dictum
840 2656 893 2722 est.
920 2655 1048 2742 Nempe

31 2755 59 2813 ad
75 2775 152 2818 mare
173 2757 325 2820 Rubrum
341 2761 364 2822 i.
383 2779 410 2822 e.
428 2760 597 2822 Arabicum
614 2759 728 2825 finum.

89 2962 221 3040 magis
246 2962 358 3022 taeta
374 2995 421 3009 -
431 2961 450 3044 )
500 2963 634 3024 Adiudit
650 2963 687 3024 ad
707 2981 827 3025 nomen
845 2959 976 3024 Arabiae
992 2959 1049 3022 Fe·

31 3055 97 3130 sirie,
128 3083 222 3144 quam
247 3053 436 3149 Εὐδαίμονα
464 3064 540 3124 dicit
563 3080 595 3142 5.
622 3077 655 3142 3.
700 3086 723 3128 1.
751 3081 945 3126 onouovtve
968 3061 1045 3123 MS.

32 3157 118 3222 saeta
134 3177 242 3226 autem
264 3159 374 3246 passam
389 3167 428 3227 de
442 3168 531 3226 terrie
549 3167 672 3227 dicitur.
723 3167 776 3228 sic
795 3169 866 3246 agri
883 3165 996 3227 Noster
1010 3176 1045 3241 3.

36 3274 120 3342 10,4.
145 3265 267 3326 Tibusl.
285 3283 317 3336 o,
335 3279 366 3344 3.
387 3279 419 3342 3.
448 3267 558 3350 Virgii.
579 3267 696 3350 Georg.
722 3287 749 3335 r,
774 3284 852 3328 102.
876 3267 915 3328 de
937 3264 1047 3327 fertili·
1141 3340 1145 3357 .

32 3371 80 3424 ute
97 3379 128 3426 et
146 3367 303 3430 ubertate.
356 3367 408 3428 Sic
430 3366 510 3448 ipsae
533 3387 583 3428 ree
603 3369 704 3428 saetae
719 3387 735 3428 a
751 3367 864 3430 Nostro
882 3381 1046 3434 vocantur,

33 3475 60 3520 ut
76 3479 104 3537 Ω,
127 3489 154 3538 r,
172 3469 206 3532 6.
226 3466 365 3546 pabulas
397 3481 429 3547 3.
448 3470 480 3538 6.
498 3467 530 3534 6.
550 3466 676 3538 herbae,
702 3481 734 3529 et
753 3468 790 3528 fic
808 3470 846 3530 ab
868 3471 936 3531 aliis
959 3469 1047 3538 asiae.

33 3567 155 3629 utdocat
171 3563 349 3630 Burmann.
365 3571 403 3629 ad
417 3571 552 3632 Phaedr.
572 3587 604 3640 2,
622 3583 653 3646 5,
678 3582 730 3648 14.
753 3585 784 3630 et
803 3571 926 3634 Lexica.
957 3571 1046 3631 Tum

34 3662 59 3722 in
72 3669 295 3732 adiectirornm
316 3669 485 3733 efferendis
500 3673 647 3756 gradibus
666 3670 801 3732 sunnam
817 3675 931 3744 variat,
957 3674 1046 3758 quod

34 3769 100 3830 etfir
113 3771 149 3832 ab
164 3771 243 3834 aliis.
295 3773 485 3854 Utramque,
513 3787 549 3833 ut
569 3793 673 3833 unum
693 3775 875 3856 exemplum
894 3775 1043 3851 adseram,

34 3861 113 3933 habre
138 3873 219 3954 apud
244 3873 350 3937 Aurei.
374 3875 496 3936 Victor.
516 3876 556 3936 de
586 3871 706 3937 Caesar.
729 3893 794 3958 cap.
818 3891 872 3941 ta.
893 3881 939 3943 in.
965 3879 1045 3964 quid

35 3963 126 4033 Nerva
144 3973 331 4053 prudentius
351 3977 513 4058 magisque
530 3973 734 4046 moderatum,
759 3997 897 4059 proquo
914 3981 947 4040 in
965 3983 1042 4064 epit.

34 4083 87 4153 cap.
106 4089 156 4140 ta.
171 4077 216 4142 in.
238 4075 432 4141 moderatius
446 4077 572 4162 legitur.
623 4077 684 4140 Sed
701 4080 817 4140 eodem
837 4083 949 4154 modo,
978 4105 1042 4165 quo
