2756 4964
329 406 387 456 :aa
593 393 751 458 Norae
791 354 1091 452 axuoarrcee

331 569 486 638 strabone
508 583 563 644 17.
578 589 611 652 p.
630 579 712 646 570.
732 568 752 634 s.
769 583 852 650 329.
878 567 1144 648 Masaesylorum
1161 581 1216 626 rex
1239 559 1356 628 dicitur.

335 693 470 755 quorum
486 671 651 756 regionem
669 673 838 734 finitimam
855 668 927 732 sacit
943 670 1156 732 Mauretaniae
1171 687 1188 726 a
1204 661 1357 726 Moloclrat

212 821 216 828 -
334 773 372 836 sl.
397 775 433 836 ad
456 773 712 855 promontorium
729 775 867 842 Tritum,
895 771 916 833 s.
939 773 1086 840 Tretum‚
1112 759 1240 854 Τρητὸν
1262 763 1357 826 Ptole«

337 895 431 938 maeo
447 887 480 952 4,
504 887 537 952 5.
565 874 619 954 qui
634 873 727 954 ponit
740 875 807 956 poll
823 871 1009 956 Ampsagam
1025 870 1060 935 sl.
1083 873 1117 932 in
1134 873 1198 932 siue
1215 865 1357 927 Maureta·

223 1021 225 1026 -
338 978 411 1040 uiae
434 973 552 1038 Caesar.
577 973 633 1033 ubi
656 974 758 1037 noster
777 976 940 1037 exorditur
957 972 1092 1036 Asricam
1117 970 1288 1054 propriam.
1312 968 1358 1043 (ι1

343 1090 376 1155 5.
394 1079 458 1152 ln.)
501 1076 544 1136 tt
566 1075 705 1136 eundem
727 1077 942 1138 Mauretaniae
962 1095 1071 1160 regem
1093 1069 1272 1134 sacit'Flor.
1286 1073 1318 1144 4.
1338 1069 1358 1138 a.

343 1179 403 1255 65.
427 1190 464 1236 ut
484 1177 657 1257 Eunopiua
673 1177 705 1247 6.
724 1193 782 1256 23.
804 1176 825 1240 s.
853 1189 907 1254 ιθ.
933 1176 990 1237 ubi
1009 1175 1049 1238 cs.
1073 1187 1201 1245 notata3
1232 1168 1358 1231 eunden

342 1277 560 1342 Numidarum
580 1295 689 1360 regem
714 1281 779 1339 Dio
799 1288 858 1358 41,
881 1287 941 1360 41.
972 1277 1059 1360 quod
1082 1289 1115 1338 et
1139 1273 1247 1336 innuit
1264 1266 1358 1331 Caesar

343 1380 385 1442 de
409 1375 448 1440 Β.
464 1377 536 1440 Ciu.
563 1393 595 1447 a.
623 1389 680 1456 25.
732 1379 918 1442 Maurorum
940 1377 1154 1441 Numidarum
1176 1373 1307 1456 Appian.
1329 1368 1359 1430 dt

344 1481 385 1544 Β.
402 1479 476 1542 civ.
490 1495 522 1548 a.
538 1487 598 1561 44.
614 1480 661 1541 ln.
687 1479 778 1542 Idem
793 1484 861 1544 eiua
873 1494 994 1561 patrem
1009 1476 1225 1560 Hiempsalem
1245 1494 1272 1543 r,
1285 1463 1359 1534 bas

345 1580 562 1644 Numidarum
576 1599 684 1664 regem
703 1583 789 1645 dicit.
839 1583 926 1644 Tum
948 1581 1044 1642 lubae
1065 1581 1149 1664 regia
1165 1577 1254 1641 Cirta
1274 1571 1359 1634 nomi

346 1695 457 1752 natur,
491 1701 585 1763 quam
608 1683 641 1741 in
666 1681 818 1744 Numidia
840 1684 933 1764 ponit
954 1682 1168 1764 Pomponius.
1218 1677 1277 1738 lllo
1301 1688 1359 1732 reu

348 1795 493 1864 tempore
515 1781 663 1866 Bogudea
685 1797 718 1843 et
737 1783 882 1846 Bocchus
900 1783 1112 1844 Mauretaniae
1127 1798 1217 1866 reget
1234 1773 1318 1838 suilse
1337 1787 1360 1830 et

351 1891 505 1946 connexu
515 1886 732 1946 narrationum
747 1883 874 1945 discitur
886 1885 969 1968 apud
981 1885 1171 1946 Strabonem
1186 1895 1242 1955 17.
1255 1897 1286 1958 p·
1296 1885 1358 1952 57⁰

353 1982 478 2062 Lgass.
513 1985 611 2046 Dion.
629 1997 689 2064 41,
710 1995 769 2068 42.
803 1987 936 2068 Appian.
960 1986 1000 2046 do
1021 1985 1059 2047 Β.
1080 1983 1154 2046 Οἰν.
1176 2001 1206 2052 2,
1224 1981 1282 2060 96.
1329 1973 1360 2032 D*

352 2084 452 2148 Plinii
464 2088 547 2155 loco,
573 2087 626 2166 qui
640 2088 744 2148 turbae
759 2087 857 2157 dedit,
882 2085 971 2149 insra.
1006 2087 1057 2148 sic
1070 2085 1155 2146 Livii
1174 2083 1361 2165 epitome89

352 2186 505 2247 Hiarbanr
515 2185 687 2248 Numidiae
701 2206 809 2271 regem
823 2190 909 2258 dicit,
927 2189 1036 2268 illique
1044 2185 1232 2246 Numidiam
1246 2189 1361 2260 ereptam

354 2286 550 2368 Pompeium
578 2287 737 2350 restituisse
759 2303 862 2350 narrat
887 2289 996 2351 Aurei.
1019 2289 1128 2348 Victor
1149 2287 1191 2348 de
1212 2285 1249 2344 V.
1267 2281 1292 2342 1.
1314 2293 1361 2354 σᾶν

357 2401 417 2463 77.
429 2389 479 2448 lu.
502 2401 533 2447 at
549 2387 705 2470 Eutropio
723 2399 756 2466 5,
774 2407 807 2469 9.
822 2389 843 2452 s.
854 2391 888 2453 6.
906 2387 947 2450 ell
962 2409 1016 2450 rex
1030 2387 1256 2450 Mauretaniae.
1290 2371 1361 2438 Masa

354 2485 431 2548 nilla
447 2485 619 2568 Numidiae
633 2507 688 2550 rex
709 2491 803 2552 Livio
818 2493 851 2550 in
874 2492 1015 2573 epitome
1035 2502 1093 2566 5ο.
1112 2503 1145 2552 et
1165 2488 1250 2555 aliie,
1279 2493 1308 2540 at
1323 2477 1362 2534 Lu

358 2587 449 2649 ciano
476 2588 516 2649 de
542 2587 713 2652 Macrobiie
738 2611 804 2672 cap.
831 2607 886 2667 ι7.
915 2593 1112 2652 Maurorum.
1162 2587 1227 2652 Sed
1247 2569 1362 2662 repressa

358 2689 443 2758 aliis,
469 2691 593 2770 quaein
609 2689 733 2753 schedae
750 2693 890 2753 coniecta
907 2693 1070 2762 tenebam,
1096 2691 1198 2772 aliqua
1215 2687 1253 2750 de
1269 2675 1362 2743 ambio

360 2803 393 2852 et
411 2791 526 2852 finibus
540 2791 654 2852 addere
670 2793 781 2872 placet.
819 2793 903 2856 Cum
920 2793 1031 2856 Strabo
1050 2807 1104 2868 17.
1120 2812 1152 2874 p.
1169 2803 1253 2868 570.
1268 2783 1288 2846 s·
1304 2790 1362 2854 829

363 2907 508 2952 veterem
530 2891 759 2954 Mauretaniam
781 2893 820 2954 ad
840 2893 1024 2956 Mulucham
1049 2891 1084 2956 sl.
1107 2892 1272 2956 extendat.
1302 2875 1359 2942 und

363 2989 621 3071 Masaesylorum
641 2996 729 3078 regio
751 3008 827 3056 tunc
848 2995 983 3077 incepit,
1016 2995 1167 3074 idemque
1190 2995 1225 3053 in
1242 2985 1362 3048 Maureta

344 3093 416 3154 'nia
437 3090 528 3153 saciat
546 3091 662 3165 noster,
693 3095 922 3177 adparet-hunc
939 3096 1069 3177 antiquo
1089 3091 1177 3156 sensu
1198 3109 1266 3154 eam
1286 3077 1362 3144 deso?

364 3193 461 3278 psrlse.
513 3193 720 3258 Ptolemaeus
741 3205 774 3276 4.
802 3213 832 3258 ι.
861 3195 1092 3258 Mauretaniam
1123 3195 1321 3279 Tingitanam
1348 3193 1362 3235 θ

365 3295 529 3377 posteriori
548 3294 674 3357 Claudii
698 3297 852 3360 divisione
874 3317 972 3378 neque
989 3297 1027 3358 acl
1044 3296 1190 3358 vicinum
1205 3291 1239 3356 sl.
1254 3283 1362 3350 Maluat

365 3397 500 3456 ulterius
518 3411 700 3478 promovet.
727 3398 812 3460 Cum
828 3397 912 3458 Mela
928 3395 1085 3458 consentit
1100 3397 1224 3459 Plinius
1241 3399 1272 3468 5.
1290 3377 1362 3444 ΒΗ

367 3496 401 3557 in
423 3515 486 3577 qno
503 3510 607 3559 tamen
624 3495 841 3562 difficultatem
855 3511 1029 3560 moverunt
1047 3495 1143 3560 verba
1164 3477 1362 3580 praecedentia

368 3595 579 3659 Ilsauretuur'a
591 3599 721 3668 Bocchi,
745 3621 825 3681 quae
845 3621 929 3661 nunc
946 3589 1179 3690 Caesarienfl55
1203 3608 1293 3680 quam
1305 3575 1361 3644 visi

369 3710 486 3758 conatu
500 3698 610 3760 tollere
625 3701 811 3763 studuerunt
825 3702 885 3762 viri
901 3701 1003 3770 docti,
1037 3701 1071 3759 in
1093 3697 1210 3780 quibua
1226 3683 1362 3756 Volsmtt

353 3797 469 3860 linem
488 3801 607 3880 capitit,
623 3800 718 3864 Sbaw
732 3819 870 3885 voyagee
886 3802 926 3862 T.
942 3821 970 3864 t.
987 3821 1020 3883 p.
1038 3809 1092 3876 ¹8·
1110 3801 1154 3862 26
1169 3795 1229 3879 sqq·
1250 3804 1281 3854 θῑ
1293 3789 1362 3867 P·5‘

372 3895 485 3978 Belley
500 3899 533 3959 in
550 3899 618 3962 bill.
636 3901 676 3963 de
691 3901 870 3963 l'acadonrie
884 3901 940 3964 rlee
954 3899 1060 3968 iuscrr.
1084 3929 1134 3944 -
1157 3895 1272 3962 teari·
1286 3887 1321 3948 T·
1334 3885 1362 3956 a!

373 4017 408 4079 p.
423 4013 470 4079 97
488 3998 529 4079 sq.
555 4015 676 4080 praeter
689 4001 862 4064 Cellariurn
876 4003 910 4062 in
926 4001 1045 4088 Geogr.
1060 4013 1126 4064 ant.
1143 4007 1178 4082 4,
1196 4009 1227 4078 5,
1243 3995 1297 4056 61.
1329 3979 1362 4042 Ε(

374 4097 484 4185 igitur,
506 4101 562 4184 qui
576 4101 762 4192 diligentiue
777 4103 937 4188 explorare
954 4115 988 4168 at
1002 4101 1178 4168 diiudicare
1193 4096 1278 4166 velit,
1298 4083 1362 4150 ⁸³⁰²
