<?xml version="1.0" encoding="UTF-8"?>
<!DOCTYPE html PUBLIC "-//W3C//DTD XHTML 1.0 Transitional//EN"
    "http://www.w3.org/TR/xhtml1/DTD/xhtml1-transitional.dtd">
<html xmlns="http://www.w3.org/1999/xhtml" xml:lang="en" lang="en">
 <head>
  <title>
</title>
<meta http-equiv="Content-Type" content="text/html;charset=utf-8" />
  <meta name='ocr-system' content='tesseract 3.04.00' />
  <meta name='ocr-capabilities' content='ocr_page ocr_carea ocr_par ocr_line ocrx_word'/>
</head>
<body>
  <div class='ocr_page' id='page_1' title='image "./pomponiimelaede06melagoog_0583.png"; bbox 0 0 2922 4958; ppageno 0'>
   <div class='ocr_carea' id='block_1_1' title="bbox 214 457 1125 552">
    <p class='ocr_par' dir='ltr' id='par_1_1' title="bbox 214 457 1125 552">
     <span class='ocr_line' id='line_1_1' title="bbox 214 457 1125 552; baseline 0.015 -43"><span class='ocrx_word' id='word_1_1' title='bbox 214 458 266 516; x_wconf 75' lang='lat' dir='ltr'><em>rx</em></span> <span class='ocrx_word' id='word_1_2' title='bbox 295 457 429 514; x_wconf 81' lang='lat' dir='ltr'><em>rotrr.</em></span> <span class='ocrx_word' id='word_1_3' title='bbox 459 457 567 515; x_wconf 78' lang='lat' dir='ltr'><em>mar.</em></span> <span class='ocrx_word' id='word_1_4' title='bbox 610 459 646 516; x_wconf 84' lang='lat' dir='ltr'><em>L.</em></span> <span class='ocrx_word' id='word_1_5' title='bbox 669 459 692 515; x_wconf 90' lang='lat'><em>1.</em></span> <span class='ocrx_word' id='word_1_6' title='bbox 736 459 769 518; x_wconf 89' lang='lat' dir='ltr'><em>c.</em></span> <span class='ocrx_word' id='word_1_7' title='bbox 791 457 941 552; x_wconf 29' lang='grc' dir='ltr'><em>καις.</em></span> <span class='ocrx_word' id='word_1_8' title='bbox 963 458 993 518; x_wconf 83' lang='lat'><em>6.</em></span> <span class='ocrx_word' id='word_1_9' title='bbox 1063 473 1125 538; x_wconf 74' lang='lat'><em>6⁷7</em></span> 
     </span>
    </p>
   </div>
   <div class='ocr_carea' id='block_1_2' title="bbox 77 631 1122 1331">
    <p class='ocr_par' dir='ltr' id='par_1_2' title="bbox 77 631 1122 1331">
     <span class='ocr_line' id='line_1_2' title="bbox 82 631 1122 713; baseline -0.008 -17"><span class='ocrx_word' id='word_1_10' title='bbox 82 634 161 696; x_wconf 85' lang='lat' dir='ltr'><em>dixit</em></span> <span class='ocrx_word' id='word_1_11' title='bbox 177 633 233 695; x_wconf 83' lang='lat' dir='ltr'><em>sit.</em></span> <span class='ocrx_word' id='word_1_12' title='bbox 251 633 321 694; x_wconf 88' lang='lat' dir='ltr'><em>itai.</em></span> <span class='ocrx_word' id='word_1_13' title='bbox 345 652 372 700; x_wconf 90' lang='grc' dir='ltr'><em>ι,</em></span> <span class='ocrx_word' id='word_1_14' title='bbox 392 641 475 710; x_wconf 75' lang='lat'><em>274.</em></span> <span class='ocrx_word' id='word_1_15' title='bbox 504 645 539 691; x_wconf 89' lang='lat' dir='ltr'><em>ut</em></span> <span class='ocrx_word' id='word_1_16' title='bbox 555 633 657 692; x_wconf 86' lang='lat' dir='ltr'><em>Tacit.</em></span> <span class='ocrx_word' id='word_1_17' title='bbox 675 631 759 695; x_wconf 82' lang='lat' dir='ltr'><em>Arm.</em></span> <span class='ocrx_word' id='word_1_18' title='bbox 781 647 836 708; x_wconf 81' lang='lat'><em>13.</em></span> <span class='ocrx_word' id='word_1_19' title='bbox 861 643 919 711; x_wconf 75' lang='lat'><em>38.</em></span> <span class='ocrx_word' id='word_1_20' title='bbox 948 651 1041 713; x_wconf 84' lang='lat' dir='ltr'><em>qnam</em></span> <span class='ocrx_word' id='word_1_21' title='bbox 1063 653 1122 694; x_wconf 87' lang='lat' dir='ltr'><em>vo.</em></span> 
     </span>
     <span class='ocr_line' id='line_1_3' title="bbox 81 733 1120 816; baseline -0.002 -19"><span class='ocrx_word' id='word_1_22' title='bbox 81 756 149 798; x_wconf 82' lang='lat' dir='ltr'><em>tem</em></span> <span class='ocrx_word' id='word_1_23' title='bbox 171 754 244 795; x_wconf 90' lang='lat' dir='ltr'><em>cum</em></span> <span class='ocrx_word' id='word_1_24' title='bbox 262 733 364 794; x_wconf 81' lang='lat' dir='ltr'><em>nroiiir</em></span> <span class='ocrx_word' id='word_1_25' title='bbox 382 735 468 793; x_wconf 89' lang='lat' dir='ltr'><em>idem</em></span> <span class='ocrx_word' id='word_1_26' title='bbox 485 733 655 816; x_wconf 76' lang='lat' dir='ltr'><em>coniungit</em></span> <span class='ocrx_word' id='word_1_27' title='bbox 671 735 710 796; x_wconf 88' lang='lat' dir='ltr'><em>de</em></span> <span class='ocrx_word' id='word_1_28' title='bbox 728 733 833 794; x_wconf 87' lang='lat' dir='ltr'><em>Germ.</em></span> <span class='ocrx_word' id='word_1_29' title='bbox 853 753 879 796; x_wconf 93' lang='lat' dir='ltr'><em>c.</em></span> <span class='ocrx_word' id='word_1_30' title='bbox 902 755 929 796; x_wconf 88' lang='lat' dir='ltr'><em>t.</em></span> <span class='ocrx_word' id='word_1_31' title='bbox 968 735 1120 796; x_wconf 85' lang='lat' dir='ltr'><em>Ceterum</em></span> 
     </span>
     <span class='ocr_line' id='line_1_4' title="bbox 79 833 1117 916; baseline -0.001 -17"><span class='ocrx_word' id='word_1_32' title='bbox 79 841 195 899; x_wconf 83' lang='lat' dir='ltr'><em>eodem</em></span> <span class='ocrx_word' id='word_1_33' title='bbox 221 836 321 896; x_wconf 88' lang='lat' dir='ltr'><em>modo</em></span> <span class='ocrx_word' id='word_1_34' title='bbox 343 837 376 895; x_wconf 88' lang='lat' dir='ltr'><em>in</em></span> <span class='ocrx_word' id='word_1_35' title='bbox 397 835 493 894; x_wconf 83' lang='lat' dir='ltr'><em>Ponti</em></span> <span class='ocrx_word' id='word_1_36' title='bbox 515 833 724 916; x_wconf 78' lang='lat' dir='ltr'><strong>descriptione</strong></span> <span class='ocrx_word' id='word_1_37' title='bbox 746 837 869 896; x_wconf 79' lang='lat' dir='ltr'><em>locutor</em></span> <span class='ocrx_word' id='word_1_38' title='bbox 890 835 932 896; x_wconf 83' lang='lat' dir='ltr'><em>est</em></span> <span class='ocrx_word' id='word_1_39' title='bbox 957 837 1117 898; x_wconf 83' lang='lat' dir='ltr'><em>Ammian.</em></span> 
     </span>
     <span class='ocr_line' id='line_1_5' title="bbox 80 929 1119 1028; baseline -0.002 -28"><span class='ocrx_word' id='word_1_40' title='bbox 80 955 138 1007; x_wconf 73' lang='lat'><em>22.</em></span> <span class='ocrx_word' id='word_1_41' title='bbox 160 950 193 1015; x_wconf 80' lang='grc'><em>8.</em></span> <span class='ocrx_word' id='word_1_42' title='bbox 225 937 311 997; x_wconf 83' lang='lat' dir='ltr'><em>tatus</em></span> <span class='ocrx_word' id='word_1_43' title='bbox 334 935 506 1028; x_wconf 79' lang='lat' dir='ltr'><em>austrinam</em></span> <span class='ocrx_word' id='word_1_44' title='bbox 530 936 614 996; x_wconf 75' lang='lat' dir='ltr'><em>motii</em></span> <span class='ocrx_word' id='word_1_45' title='bbox 636 937 818 996; x_wconf 80' lang='lat' dir='ltr'><em>devexitate</em></span> <span class='ocrx_word' id='word_1_46' title='bbox 831 929 1040 1026; x_wconf 82' lang='lat' dir='ltr'><em>subductum,</em></span> <span class='ocrx_word' id='word_1_47' title='bbox 1067 939 1119 998; x_wconf 85' lang='lat' dir='ltr'><em>cui</em></span> 
     </span>
     <span class='ocr_line' id='line_1_6' title="bbox 80 1037 1116 1120; baseline -0.001 -19"><span class='ocrx_word' id='word_1_48' title='bbox 80 1039 217 1120; x_wconf 86' lang='lat' dir='ltr'>obponit</span> <span class='ocrx_word' id='word_1_49' title='bbox 247 1038 392 1115; x_wconf 82' lang='lat' dir='ltr'><em>patulum</em></span> <span class='ocrx_word' id='word_1_50' title='bbox 420 1051 477 1112; x_wconf 75' lang='lat'><em>23.</em></span> <span class='ocrx_word' id='word_1_51' title='bbox 510 1037 543 1098; x_wconf 88' lang='lat'><em>6.</em></span> <span class='ocrx_word' id='word_1_52' title='bbox 596 1037 717 1099; x_wconf 87' lang='lat' dir='ltr'><em>Contra</em></span> <span class='ocrx_word' id='word_1_53' title='bbox 752 1039 838 1098; x_wconf 87' lang='lat' dir='ltr'><em>idem</em></span> <span class='ocrx_word' id='word_1_54' title='bbox 865 1039 1031 1120; x_wconf 82' lang='lat' dir='ltr'><em>coniungit</em></span> <span class='ocrx_word' id='word_1_55' title='bbox 1058 1053 1116 1112; x_wconf 76' lang='lat'><em>27.</em></span> 
     </span>
     <span class='ocr_line' id='line_1_7' title="bbox 85 1127 1114 1228; baseline 0.003 -28"><span class='ocrx_word' id='word_1_56' title='bbox 85 1161 139 1202; x_wconf 84' lang='lat' dir='ltr'><em>ro.</em></span> <span class='ocrx_word' id='word_1_57' title='bbox 162 1161 207 1200; x_wconf 88' lang='lat' dir='ltr'><em>m.</em></span> <span class='ocrx_word' id='word_1_58' title='bbox 235 1137 445 1199; x_wconf 74' lang='lat' dir='ltr'><em>devexitatem</em></span> <span class='ocrx_word' id='word_1_59' title='bbox 463 1127 600 1228; x_wconf 76' lang='lat' dir='ltr'><em>facilem</em></span> <span class='ocrx_word' id='word_1_60' title='bbox 622 1152 652 1198; x_wconf 80' lang='lat' dir='ltr'><em>er</em></span> <span class='ocrx_word' id='word_1_61' title='bbox 677 1137 807 1202; x_wconf 82' lang='lat' dir='ltr'><em>mollem.</em></span> <span class='ocrx_word' id='word_1_62' title='bbox 847 1141 960 1200; x_wconf 80' lang='lat' dir='ltr'><em>Avien.</em></span> <span class='ocrx_word' id='word_1_63' title='bbox 978 1160 1011 1201; x_wconf 92' lang='lat' dir='ltr'><em>v.</em></span> <span class='ocrx_word' id='word_1_64' title='bbox 1030 1149 1114 1218; x_wconf 81' lang='lat'><em>235.</em></span> 
     </span>
     <span class='ocr_line' id='line_1_8' title="bbox 77 1236 979 1331; baseline 0.001 -29"><span class='ocrx_word' id='word_1_65' title='bbox 77 1239 211 1303; x_wconf 73' lang='lat' dir='ltr'><em>bractia</em></span> <span class='ocrx_word' id='word_1_66' title='bbox 226 1241 353 1302; x_wconf 86' lang='lat' dir='ltr'><em>Pontus</em></span> <span class='ocrx_word' id='word_1_67' title='bbox 366 1236 490 1331; x_wconf 81' lang='lat' dir='ltr'><em>finibus</em></span> <span class='ocrx_word' id='word_1_68' title='bbox 511 1240 637 1301; x_wconf 80' lang='lat' dir='ltr'><em>Aretois</em></span> <span class='ocrx_word' id='word_1_69' title='bbox 658 1239 791 1302; x_wconf 80' lang='lat' dir='ltr'><em>molliter</em></span> <span class='ocrx_word' id='word_1_70' title='bbox 810 1239 979 1304; x_wconf 79' lang='lat' dir='ltr'><em>inclinans.</em></span> 
     </span>
    </p>
   </div>
   <div class='ocr_carea' id='block_1_3' title="bbox 10 1440 1167 4262">
    <p class='ocr_par' dir='ltr' id='par_1_3' title="bbox 77 1440 1167 4161">
     <span class='ocr_line' id='line_1_9' title="bbox 156 1440 1117 1526; baseline 0 -22"><span class='ocrx_word' id='word_1_71' title='bbox 156 1443 346 1526; x_wconf 77' lang='lat' dir='ltr'><em>Scythici</em></span> <span class='ocrx_word' id='word_1_72' title='bbox 372 1440 520 1523; x_wconf 83' lang='lat' dir='ltr'><em>arcus)</em></span> <span class='ocrx_word' id='word_1_73' title='bbox 570 1441 784 1522; x_wconf 72' lang='lat' dir='ltr'><em>Frequentior</em></span> <span class='ocrx_word' id='word_1_74' title='bbox 807 1442 888 1504; x_wconf 87' lang='lat' dir='ltr'><em>hanc</em></span> <span class='ocrx_word' id='word_1_75' title='bbox 911 1445 1117 1525; x_wconf 86' lang='lat' dir='ltr'><em>comparatio·</em></span> 
     </span>
     <span class='ocr_line' id='line_1_10' title="bbox 79 1541 1115 1626; baseline -0.002 -18"><span class='ocrx_word' id='word_1_76' title='bbox 79 1564 155 1608; x_wconf 84' lang='lat' dir='ltr'><em>nem</em></span> <span class='ocrx_word' id='word_1_77' title='bbox 176 1541 268 1626; x_wconf 82' lang='lat' dir='ltr'>prisci</span> <span class='ocrx_word' id='word_1_78' title='bbox 286 1558 440 1614; x_wconf 75' lang='lat' dir='ltr'><strong>auctores,</strong></span> <span class='ocrx_word' id='word_1_79' title='bbox 466 1557 503 1603; x_wconf 88' lang='lat' dir='ltr'><em>ut</em></span> <span class='ocrx_word' id='word_1_80' title='bbox 523 1543 634 1605; x_wconf 87' lang='lat' dir='ltr'><em>Strabo</em></span> <span class='ocrx_word' id='word_1_81' title='bbox 651 1559 683 1604; x_wconf 77' lang='lat' dir='ltr'><em>e.</em></span> <span class='ocrx_word' id='word_1_82' title='bbox 705 1567 735 1626; x_wconf 93' lang='lat' dir='ltr'><em>p.</em></span> <span class='ocrx_word' id='word_1_83' title='bbox 755 1557 811 1620; x_wconf 74' lang='lat'><em>35.</em></span> <span class='ocrx_word' id='word_1_84' title='bbox 834 1543 854 1607; x_wconf 88' lang='lat' dir='ltr'><em>i.</em></span> <span class='ocrx_word' id='word_1_85' title='bbox 877 1559 954 1620; x_wconf 77' lang='lat'><em>125.</em></span> <span class='ocrx_word' id='word_1_86' title='bbox 986 1544 1115 1624; x_wconf 87' lang='lat' dir='ltr'><strong>Dionys.</strong></span> 
     </span>
     <span class='ocr_line' id='line_1_11' title="bbox 79 1646 1115 1732; baseline 0.002 -24"><span class='ocrx_word' id='word_1_87' title='bbox 79 1668 114 1709; x_wconf 82' lang='lat' dir='ltr'><em>v.</em></span> <span class='ocrx_word' id='word_1_88' title='bbox 136 1659 216 1722; x_wconf 83' lang='lat'><strong>157·</strong></span> <span class='ocrx_word' id='word_1_89' title='bbox 250 1647 504 1732; x_wconf 67' lang='lat' dir='ltr'><em>Agathemem.</em></span> <span class='ocrx_word' id='word_1_90' title='bbox 526 1658 604 1706; x_wconf 83' lang='lat' dir='ltr'><em>extr.</em></span> <span class='ocrx_word' id='word_1_91' title='bbox 637 1646 735 1706; x_wconf 85' lang='lat' dir='ltr'><em>Valer.</em></span> <span class='ocrx_word' id='word_1_92' title='bbox 756 1647 1003 1724; x_wconf 75' lang='lat' dir='ltr'><em>Flacc.4.728.</em></span> <span class='ocrx_word' id='word_1_93' title='bbox 1032 1647 1115 1710; x_wconf 80' lang='lat' dir='ltr'><em>Ptin.</em></span> 
     </span>
     <span class='ocr_line' id='line_1_12' title="bbox 79 1745 1167 1828; baseline -0.002 -18"><span class='ocrx_word' id='word_1_94' title='bbox 79 1757 114 1826; x_wconf 75' lang='grc'><em>4.</em></span> <span class='ocrx_word' id='word_1_95' title='bbox 134 1745 295 1826; x_wconf 77' lang='lat' dir='ltr'><em>24.i.12.</em></span> <span class='ocrx_word' id='word_1_96' title='bbox 325 1745 620 1825; x_wconf 67' lang='lat' dir='ltr'><em>Maniti1124.753.</em></span> <span class='ocrx_word' id='word_1_97' title='bbox 643 1745 788 1806; x_wconf 81' lang='lat' dir='ltr'><em>Priscian.</em></span> <span class='ocrx_word' id='word_1_98' title='bbox 804 1769 835 1808; x_wconf 88' lang='lat' dir='ltr'><em>v.</em></span> <span class='ocrx_word' id='word_1_99' title='bbox 855 1763 919 1827; x_wconf 66' lang='lat'><em>147</em></span> <span class='ocrx_word' id='word_1_100' title='bbox 932 1745 971 1828; x_wconf 84' lang='lat' dir='ltr'><em>iq.</em></span> <span class='ocrx_word' id='word_1_101' title='bbox 1000 1749 1115 1811; x_wconf 76' lang='lat' dir='ltr'><em>Avien.</em></span> <span class='ocrx_word' id='word_1_102' title='bbox 1164 1773 1167 1781; x_wconf 91' lang='lat'>·</span> 
     </span>
     <span class='ocr_line' id='line_1_13' title="bbox 79 1847 1119 1929; baseline -0.001 -19"><span class='ocrx_word' id='word_1_103' title='bbox 79 1859 216 1924; x_wconf 77' lang='lat' dir='ltr'><em>v.rt38.</em></span> <span class='ocrx_word' id='word_1_104' title='bbox 251 1849 412 1910; x_wconf 79' lang='lat' dir='ltr'><em>Ammian.</em></span> <span class='ocrx_word' id='word_1_105' title='bbox 436 1863 494 1914; x_wconf 67' lang='grc' dir='ltr'><em>αα.</em></span> <span class='ocrx_word' id='word_1_106' title='bbox 521 1857 551 1922; x_wconf 67' lang='lat'><em>8⁴</em></span> <span class='ocrx_word' id='word_1_107' title='bbox 596 1847 755 1909; x_wconf 80' lang='lat' dir='ltr'><em>sattuoius</em></span> <span class='ocrx_word' id='word_1_108' title='bbox 787 1849 870 1929; x_wconf 88' lang='lat' dir='ltr'><em>apud</em></span> <span class='ocrx_word' id='word_1_109' title='bbox 905 1849 1051 1910; x_wconf 85' lang='lat' dir='ltr'><em>Servium</em></span> <span class='ocrx_word' id='word_1_110' title='bbox 1078 1850 1119 1909; x_wconf 92' lang='lat' dir='ltr'><em>ad</em></span> 
     </span>
     <span class='ocr_line' id='line_1_14' title="bbox 79 1949 1117 2034; baseline -0.001 -23"><span class='ocrx_word' id='word_1_111' title='bbox 79 1951 192 2034; x_wconf 77' lang='lat' dir='ltr'><em>virgil.</em></span> <span class='ocrx_word' id='word_1_112' title='bbox 212 1950 290 2011; x_wconf 83' lang='lat' dir='ltr'><em>Aen.</em></span> <span class='ocrx_word' id='word_1_113' title='bbox 311 1964 342 2026; x_wconf 75' lang='lat'><em>5,</em></span> <span class='ocrx_word' id='word_1_114' title='bbox 367 1961 450 2024; x_wconf 82' lang='lat'><em>533.</em></span> <span class='ocrx_word' id='word_1_115' title='bbox 479 1949 607 2009; x_wconf 85' lang='lat' dir='ltr'><em>breviue</em></span> <span class='ocrx_word' id='word_1_116' title='bbox 631 1949 700 2018; x_wconf 86' lang='lat' dir='ltr'><em>alii,</em></span> <span class='ocrx_word' id='word_1_117' title='bbox 731 1950 783 2009; x_wconf 90' lang='lat' dir='ltr'><em>aiii</em></span> <span class='ocrx_word' id='word_1_118' title='bbox 810 1949 974 2031; x_wconf 77' lang='lat' dir='ltr'><em>proiixior.</em></span> <span class='ocrx_word' id='word_1_119' title='bbox 1027 1951 1117 2031; x_wconf 84' lang='lat' dir='ltr'><em>Quae</em></span> 
     </span>
     <span class='ocr_line' id='line_1_15' title="bbox 78 2047 1122 2132; baseline -0.003 -22"><span class='ocrx_word' id='word_1_120' title='bbox 78 2054 211 2132; x_wconf 87' lang='lat' dir='ltr'><em>quidem</em></span> <span class='ocrx_word' id='word_1_121' title='bbox 242 2051 434 2131; x_wconf 85' lang='lat' dir='ltr'><em>comparatio</em></span> <span class='ocrx_word' id='word_1_122' title='bbox 466 2063 504 2109; x_wconf 89' lang='lat' dir='ltr'><em>ut</em></span> <span class='ocrx_word' id='word_1_123' title='bbox 534 2051 666 2132; x_wconf 77' lang='lat' dir='ltr'><em>intelligi</em></span> <span class='ocrx_word' id='word_1_124' title='bbox 694 2047 806 2130; x_wconf 69' lang='lat' dir='ltr'><em>ponit.</em></span> <span class='ocrx_word' id='word_1_125' title='bbox 836 2049 1051 2131; x_wconf 80' lang='lat' dir='ltr'><em>cognoscentia</em></span> <span class='ocrx_word' id='word_1_126' title='bbox 1076 2051 1122 2114; x_wconf 62' lang='lat' dir='ltr'><em>est,</em></span> 
     </span>
     <span class='ocr_line' id='line_1_16' title="bbox 80 2149 1120 2234; baseline -0.002 -20"><span class='ocrx_word' id='word_1_127' title='bbox 80 2153 221 2230; x_wconf 81' lang='lat' dir='ltr'><em>Scythici</em></span> <span class='ocrx_word' id='word_1_128' title='bbox 243 2171 330 2212; x_wconf 86' lang='lat' dir='ltr'><em>arcue</em></span> <span class='ocrx_word' id='word_1_129' title='bbox 350 2149 468 2218; x_wconf 84' lang='lat' dir='ltr'><em>forma,</em></span> <span class='ocrx_word' id='word_1_130' title='bbox 495 2151 584 2211; x_wconf 84' lang='lat' dir='ltr'><em>cuiue</em></span> <span class='ocrx_word' id='word_1_131' title='bbox 600 2151 681 2234; x_wconf 77' lang='lat' dir='ltr'><em>signa</em></span> <span class='ocrx_word' id='word_1_132' title='bbox 701 2151 854 2210; x_wconf 83' lang='lat' dir='ltr'><em>exhibent</em></span> <span class='ocrx_word' id='word_1_133' title='bbox 870 2167 1033 2212; x_wconf 83' lang='lat' dir='ltr'><em>anctorum</em></span> <span class='ocrx_word' id='word_1_134' title='bbox 1053 2173 1120 2212; x_wconf 83' lang='lat' dir='ltr'><em>oar·</em></span> 
     </span>
     <span class='ocr_line' id='line_1_17' title="bbox 77 2251 1120 2333; baseline -0.003 -17"><span class='ocrx_word' id='word_1_135' title='bbox 77 2257 218 2316; x_wconf 84' lang='lat' dir='ltr'><em>rationee</em></span> <span class='ocrx_word' id='word_1_136' title='bbox 235 2267 267 2313; x_wconf 88' lang='lat' dir='ltr'><em>et</em></span> <span class='ocrx_word' id='word_1_137' title='bbox 287 2267 508 2314; x_wconf 85' lang='lat' dir='ltr'><em>monumenta.</em></span> <span class='ocrx_word' id='word_1_138' title='bbox 560 2253 611 2312; x_wconf 88' lang='lat' dir='ltr'><em>Sic</em></span> <span class='ocrx_word' id='word_1_139' title='bbox 633 2251 761 2312; x_wconf 83' lang='lat' dir='ltr'><em>roiiims</em></span> <span class='ocrx_word' id='word_1_140' title='bbox 781 2253 909 2332; x_wconf 82' lang='lat' dir='ltr'><em>qnidam</em></span> <span class='ocrx_word' id='word_1_141' title='bbox 926 2253 1013 2311; x_wconf 80' lang='lat' dir='ltr'><em>rodit</em></span> <span class='ocrx_word' id='word_1_142' title='bbox 1035 2253 1120 2333; x_wconf 84' lang='lat' dir='ltr'><em>apud</em></span> 
     </span>
     <span class='ocr_line' id='line_1_18' title="bbox 78 2339 1120 2438; baseline 0 -24"><span class='ocrx_word' id='word_1_143' title='bbox 78 2339 283 2438; x_wconf 76' lang='lat' dir='ltr'><em>Agathonem</em></span> <span class='ocrx_word' id='word_1_144' title='bbox 300 2355 469 2435; x_wconf 70' lang='lat' dir='ltr'><em>Tragicom</em></span> <span class='ocrx_word' id='word_1_145' title='bbox 493 2353 526 2412; x_wconf 86' lang='lat' dir='ltr'><em>itt</em></span> <span class='ocrx_word' id='word_1_146' title='bbox 547 2354 707 2432; x_wconf 79' lang='lat' dir='ltr'><em>Telepho.</em></span> <span class='ocrx_word' id='word_1_147' title='bbox 742 2355 831 2413; x_wconf 83' lang='lat' dir='ltr'><em>cuim</em></span> <span class='ocrx_word' id='word_1_148' title='bbox 857 2351 962 2414; x_wconf 84' lang='lat' dir='ltr'><em>verine</em></span> <span class='ocrx_word' id='word_1_149' title='bbox 986 2351 1120 2414; x_wconf 79' lang='lat' dir='ltr'><em>servavit</em></span> 
     </span>
     <span class='ocr_line' id='line_1_19' title="bbox 79 2451 1119 2534; baseline -0.003 -14"><span class='ocrx_word' id='word_1_150' title='bbox 79 2458 265 2520; x_wconf 77' lang='lat' dir='ltr'><em>Athenaeus</em></span> <span class='ocrx_word' id='word_1_151' title='bbox 290 2475 341 2522; x_wconf 87' lang='lat' dir='ltr'><em>to.</em></span> <span class='ocrx_word' id='word_1_152' title='bbox 372 2470 430 2516; x_wconf 80' lang='lat' dir='ltr'><em>tto.</em></span> <span class='ocrx_word' id='word_1_153' title='bbox 457 2465 589 2534; x_wconf 67' lang='lat' dir='ltr'><em>P·45st·</em></span> <span class='ocrx_word' id='word_1_154' title='bbox 618 2455 694 2512; x_wconf 85' lang='lat' dir='ltr'><em>dum</em></span> <span class='ocrx_word' id='word_1_155' title='bbox 722 2455 828 2532; x_wconf 74' lang='lat' dir='ltr'><em>figuris</em></span> <span class='ocrx_word' id='word_1_156' title='bbox 855 2451 968 2514; x_wconf 83' lang='lat' dir='ltr'><em>Thesei</em></span> <span class='ocrx_word' id='word_1_157' title='bbox 999 2477 1119 2516; x_wconf 86' lang='lat' dir='ltr'><em>nomen</em></span> 
     </span>
     <span class='ocr_line' id='line_1_20' title="bbox 80 2554 1121 2640; baseline -0.002 -20"><span class='ocrx_word' id='word_1_158' title='bbox 80 2555 246 2624; x_wconf 80' lang='lat' dir='ltr'><em>describit.</em></span> <span class='ocrx_word' id='word_1_159' title='bbox 280 2557 346 2616; x_wconf 82' lang='lat' dir='ltr'><em>eine</em></span> <span class='ocrx_word' id='word_1_160' title='bbox 380 2557 504 2616; x_wconf 80' lang='lat' dir='ltr'><em>tertiam</em></span> <span class='ocrx_word' id='word_1_161' title='bbox 531 2557 671 2621; x_wconf 87' lang='lat' dir='ltr'><em>literam.</em></span> <span class='ocrx_word' id='word_1_162' title='bbox 700 2554 820 2640; x_wconf 74' lang='grc' dir='ltr'><strong>σῖγμα.</strong></span> <span class='ocrx_word' id='word_1_163' title='bbox 854 2556 1004 2633; x_wconf 79' lang='lat' dir='ltr'><em>Scythico</em></span> <span class='ocrx_word' id='word_1_164' title='bbox 1035 2558 1121 2618; x_wconf 84' lang='lat' dir='ltr'><em>arcui</em></span> 
     </span>
     <span class='ocr_line' id='line_1_21' title="bbox 81 2653 1122 2738; baseline -0.003 -17"><span class='ocrx_word' id='word_1_165' title='bbox 81 2659 218 2721; x_wconf 76' lang='lat' dir='ltr'><em>fartilem</em></span> <span class='ocrx_word' id='word_1_166' title='bbox 242 2657 301 2716; x_wconf 84' lang='lat' dir='ltr'><em>eiie</em></span> <span class='ocrx_word' id='word_1_167' title='bbox 321 2659 408 2717; x_wconf 78' lang='lat' dir='ltr'><em>dicit.</em></span> <span class='ocrx_word' id='word_1_168' title='bbox 462 2657 532 2738; x_wconf 82' lang='lat' dir='ltr'><em>Qua</em></span> <span class='ocrx_word' id='word_1_169' title='bbox 550 2672 656 2716; x_wconf 84' lang='lat' dir='ltr'><em>aorem</em></span> <span class='ocrx_word' id='word_1_170' title='bbox 677 2658 754 2714; x_wconf 89' lang='lat' dir='ltr'><em>olim</em></span> <span class='ocrx_word' id='word_1_171' title='bbox 772 2653 871 2717; x_wconf 86' lang='lat' dir='ltr'><em>iorma</em></span> <span class='ocrx_word' id='word_1_172' title='bbox 896 2660 945 2717; x_wconf 86' lang='lat' dir='ltr'><em>iiia</em></span> <span class='ocrx_word' id='word_1_173' title='bbox 963 2659 1049 2718; x_wconf 85' lang='lat' dir='ltr'><em>litera</em></span> <span class='ocrx_word' id='word_1_174' title='bbox 1070 2679 1122 2719; x_wconf 89' lang='lat' dir='ltr'><em>ex·</em></span> 
     </span>
     <span class='ocr_line' id='line_1_22' title="bbox 79 2751 1122 2843; baseline 0 -24"><span class='ocrx_word' id='word_1_175' title='bbox 79 2761 180 2843; x_wconf 77' lang='lat' dir='ltr'><em>press&#39;a</em></span> <span class='ocrx_word' id='word_1_176' title='bbox 203 2758 315 2827; x_wconf 82' lang='lat' dir='ltr'><em>fuerit,</em></span> <span class='ocrx_word' id='word_1_177' title='bbox 344 2751 501 2817; x_wconf 83' lang='lat' dir='ltr'><em>veriffime</em></span> <span class='ocrx_word' id='word_1_178' title='bbox 517 2761 633 2817; x_wconf 85' lang='lat' dir='ltr'><em>docent</em></span> <span class='ocrx_word' id='word_1_179' title='bbox 649 2759 791 2838; x_wconf 87' lang='lat' dir='ltr'><em>exempla</em></span> <span class='ocrx_word' id='word_1_180' title='bbox 807 2779 980 2827; x_wconf 76' lang='lat' dir='ltr'><em>pomorum</em></span> <span class='ocrx_word' id='word_1_181' title='bbox 999 2773 1028 2817; x_wconf 90' lang='lat' dir='ltr'><em>et</em></span> <span class='ocrx_word' id='word_1_182' title='bbox 1048 2761 1122 2840; x_wconf 87' lang='lat' dir='ltr'><em>lapi·</em></span> 
     </span>
     <span class='ocr_line' id='line_1_23' title="bbox 81 2855 1122 2942; baseline -0.002 -19"><span class='ocrx_word' id='word_1_183' title='bbox 81 2864 198 2927; x_wconf 75' lang='lat' dir='ltr'><em>dum.</em></span> <span class='ocrx_word' id='word_1_184' title='bbox 217 2880 295 2940; x_wconf 84' lang='lat' dir='ltr'><em>quae</em></span> <span class='ocrx_word' id='word_1_185' title='bbox 317 2855 540 2937; x_wconf 82' lang='lat' dir='ltr'><em>descripserunt</em></span> <span class='ocrx_word' id='word_1_186' title='bbox 561 2855 768 2918; x_wconf 83' lang='lat' dir='ltr'><em>Morrtiaocon</em></span> <span class='ocrx_word' id='word_1_187' title='bbox 790 2861 822 2918; x_wconf 88' lang='lat' dir='ltr'><em>in</em></span> <span class='ocrx_word' id='word_1_188' title='bbox 839 2860 999 2942; x_wconf 82' lang='lat' dir='ltr'><em>Palaeogr.</em></span> <span class='ocrx_word' id='word_1_189' title='bbox 1015 2860 1068 2919; x_wconf 91' lang='lat' dir='ltr'><em>Gr.</em></span> <span class='ocrx_word' id='word_1_190' title='bbox 1090 2875 1122 2931; x_wconf 74' lang='grc' dir='ltr'><em>Ω,</em></span> 
     </span>
     <span class='ocr_line' id='line_1_24' title="bbox 85 2954 1123 3041; baseline 0.003 -20"><span class='ocrx_word' id='word_1_191' title='bbox 85 2983 117 3027; x_wconf 92' lang='lat'><em>1.</em></span> <span class='ocrx_word' id='word_1_192' title='bbox 139 2959 211 3038; x_wconf 64' lang='lat' dir='ltr'><em>[tp.</em></span> <span class='ocrx_word' id='word_1_193' title='bbox 236 2981 287 3023; x_wconf 86' lang='lat' dir='ltr'><em>ro.</em></span> <span class='ocrx_word' id='word_1_194' title='bbox 316 2958 433 3020; x_wconf 84' lang='lat' dir='ltr'><em>Raiche</em></span> <span class='ocrx_word' id='word_1_195' title='bbox 451 2954 482 3018; x_wconf 87' lang='lat' dir='ltr'><em>in</em></span> <span class='ocrx_word' id='word_1_196' title='bbox 504 2960 578 3020; x_wconf 88' lang='lat' dir='ltr'><em>Lex.</em></span> <span class='ocrx_word' id='word_1_197' title='bbox 596 2981 686 3022; x_wconf 84' lang='lat' dir='ltr'><em>num.</em></span> <span class='ocrx_word' id='word_1_198' title='bbox 703 2961 742 3019; x_wconf 90' lang='lat' dir='ltr'><em>T.</em></span> <span class='ocrx_word' id='word_1_199' title='bbox 758 2971 792 3037; x_wconf 75' lang='grc'><em>4.</em></span> <span class='ocrx_word' id='word_1_200' title='bbox 811 2960 891 3022; x_wconf 87' lang='lat' dir='ltr'><em>P.t.</em></span> <span class='ocrx_word' id='word_1_201' title='bbox 910 2963 1047 3040; x_wconf 78' lang='lat' dir='ltr'><em>p.1567</em></span> <span class='ocrx_word' id='word_1_202' title='bbox 1061 2961 1123 3041; x_wconf 85' lang='lat' dir='ltr'><em>sqq.</em></span> 
     </span>
     <span class='ocr_line' id='line_1_25' title="bbox 80 3061 1122 3143; baseline -0.003 -17"><span class='ocrx_word' id='word_1_203' title='bbox 80 3063 212 3126; x_wconf 87' lang='lat' dir='ltr'><em>Eckhel</em></span> <span class='ocrx_word' id='word_1_204' title='bbox 236 3063 269 3120; x_wconf 88' lang='lat' dir='ltr'><em>irr</em></span> <span class='ocrx_word' id='word_1_205' title='bbox 293 3063 390 3122; x_wconf 82' lang='lat' dir='ltr'><em>doctr.</em></span> <span class='ocrx_word' id='word_1_206' title='bbox 415 3081 504 3120; x_wconf 84' lang='lat' dir='ltr'><em>num.</em></span> <span class='ocrx_word' id='word_1_207' title='bbox 524 3062 558 3122; x_wconf 92' lang='lat' dir='ltr'><em>P.</em></span> <span class='ocrx_word' id='word_1_208' title='bbox 580 3079 607 3122; x_wconf 89' lang='lat' dir='ltr'><em>t.</em></span> <span class='ocrx_word' id='word_1_209' title='bbox 632 3063 700 3122; x_wconf 89' lang='lat' dir='ltr'><em>Vol.</em></span> <span class='ocrx_word' id='word_1_210' title='bbox 726 3081 752 3120; x_wconf 86' lang='lat'><em>1.</em></span> <span class='ocrx_word' id='word_1_211' title='bbox 779 3061 898 3143; x_wconf 84' lang='lat' dir='ltr'><em>proleg.</em></span> <span class='ocrx_word' id='word_1_212' title='bbox 920 3081 951 3141; x_wconf 87' lang='lat' dir='ltr'><em>p.</em></span> <span class='ocrx_word' id='word_1_213' title='bbox 977 3081 1034 3122; x_wconf 89' lang='lat' dir='ltr'><em>tot</em></span> <span class='ocrx_word' id='word_1_214' title='bbox 1060 3061 1122 3140; x_wconf 83' lang='lat' dir='ltr'><em>sqq.</em></span> 
     </span>
     <span class='ocr_line' id='line_1_26' title="bbox 81 3158 1124 3244; baseline -0.001 -20"><span class='ocrx_word' id='word_1_215' title='bbox 81 3185 122 3226; x_wconf 89' lang='lat' dir='ltr'><em>ex</em></span> <span class='ocrx_word' id='word_1_216' title='bbox 145 3164 264 3244; x_wconf 80' lang='lat' dir='ltr'><em>quibua</em></span> <span class='ocrx_word' id='word_1_217' title='bbox 287 3160 431 3241; x_wconf 60' lang='lat' dir='ltr'><em>dispiter,</em></span> <span class='ocrx_word' id='word_1_218' title='bbox 466 3158 522 3221; x_wconf 90' lang='lat' dir='ltr'><em>ilio</em></span> <span class='ocrx_word' id='word_1_219' title='bbox 552 3165 689 3220; x_wconf 85' lang='lat' dir='ltr'><em>maxime</em></span> <span class='ocrx_word' id='word_1_220' title='bbox 714 3175 873 3242; x_wconf 87' lang='lat' dir='ltr'><em>tempore,</em></span> <span class='ocrx_word' id='word_1_221' title='bbox 900 3181 965 3241; x_wconf 82' lang='lat' dir='ltr'><em>quo</em></span> <span class='ocrx_word' id='word_1_222' title='bbox 989 3163 1124 3223; x_wconf 82' lang='lat' dir='ltr'><em>involuit</em></span> 
     </span>
     <span class='ocr_line' id='line_1_27' title="bbox 81 3261 1123 3346; baseline -0.004 -18"><span class='ocrx_word' id='word_1_223' title='bbox 81 3265 139 3328; x_wconf 84' lang='lat' dir='ltr'><em>issa</em></span> <span class='ocrx_word' id='word_1_224' title='bbox 158 3267 255 3326; x_wconf 89' lang='lat' dir='ltr'><em>Ponti</em></span> <span class='ocrx_word' id='word_1_225' title='bbox 272 3265 475 3344; x_wconf 87' lang='lat' dir='ltr'><em>comparatio,</em></span> <span class='ocrx_word' id='word_1_226' title='bbox 499 3283 554 3342; x_wconf 87' lang='lat' dir='ltr'><em>per</em></span> <span class='ocrx_word' id='word_1_227' title='bbox 570 3264 703 3346; x_wconf 79' lang='lat' dir='ltr'><em>angulos</em></span> <span class='ocrx_word' id='word_1_228' title='bbox 717 3261 781 3323; x_wconf 85' lang='lat' dir='ltr'><em>fere</em></span> <span class='ocrx_word' id='word_1_229' title='bbox 798 3261 884 3322; x_wconf 86' lang='lat' dir='ltr'><em>foiffe</em></span> <span class='ocrx_word' id='word_1_230' title='bbox 902 3263 1058 3330; x_wconf 85' lang='lat' dir='ltr'><em>inflexam.</em></span> <span class='ocrx_word' id='word_1_231' title='bbox 1081 3265 1123 3333; x_wconf 85' lang='grc' dir='ltr'><em>Σ.</em></span> 
     </span>
     <span class='ocr_line' id='line_1_28' title="bbox 80 3363 1126 3445; baseline -0.003 -16"><span class='ocrx_word' id='word_1_232' title='bbox 80 3369 229 3430; x_wconf 75' lang='lat' dir='ltr'><em>intratam</em></span> <span class='ocrx_word' id='word_1_233' title='bbox 251 3366 389 3433; x_wconf 85' lang='lat' dir='ltr'><em>aiteram.</em></span> <span class='ocrx_word' id='word_1_234' title='bbox 416 3363 453 3431; x_wconf 88' lang='lat' dir='ltr'><em>C.</em></span> <span class='ocrx_word' id='word_1_235' title='bbox 477 3365 573 3423; x_wconf 78' lang='lat' dir='ltr'><em>ratim</em></span> <span class='ocrx_word' id='word_1_236' title='bbox 594 3379 676 3424; x_wconf 88' lang='lat' dir='ltr'><em>certe</em></span> <span class='ocrx_word' id='word_1_237' title='bbox 697 3381 769 3424; x_wconf 87' lang='lat' dir='ltr'><em>ante</em></span> <span class='ocrx_word' id='word_1_238' title='bbox 787 3365 963 3424; x_wconf 87' lang='lat' dir='ltr'><em>Domitiani</em></span> <span class='ocrx_word' id='word_1_239' title='bbox 982 3379 1126 3445; x_wconf 80' lang='lat' dir='ltr'><em>ternpore</em></span> 
     </span>
     <span class='ocr_line' id='line_1_29' title="bbox 80 3460 1126 3548; baseline -0.002 -18"><span class='ocrx_word' id='word_1_240' title='bbox 80 3465 268 3548; x_wconf 84' lang='lat' dir='ltr'><em>adparuiffe.</em></span> <span class='ocrx_word' id='word_1_241' title='bbox 304 3466 429 3546; x_wconf 86' lang='lat' dir='ltr'><em>Nempe</em></span> <span class='ocrx_word' id='word_1_242' title='bbox 446 3460 555 3546; x_wconf 84' lang='lat' dir='ltr'><em>paffim</em></span> <span class='ocrx_word' id='word_1_243' title='bbox 570 3467 664 3525; x_wconf 86' lang='lat' dir='ltr'><em>etiam</em></span> <span class='ocrx_word' id='word_1_244' title='bbox 685 3465 711 3525; x_wconf 92' lang='lat' dir='ltr'>C</span> <span class='ocrx_word' id='word_1_245' title='bbox 730 3467 761 3524; x_wconf 88' lang='lat' dir='ltr'><em>in</em></span> <span class='ocrx_word' id='word_1_246' title='bbox 778 3465 999 3526; x_wconf 77' lang='lat' dir='ltr'><em>vetustioribus</em></span> <span class='ocrx_word' id='word_1_247' title='bbox 1018 3467 1126 3528; x_wconf 72' lang='lat' dir='ltr'><em>nuntie</em></span> 
     </span>
     <span class='ocr_line' id='line_1_30' title="bbox 82 3564 1126 3650; baseline -0.003 -19"><span class='ocrx_word' id='word_1_248' title='bbox 82 3568 289 3650; x_wconf 83' lang='lat' dir='ltr'><em>conspicitur,</em></span> <span class='ocrx_word' id='word_1_249' title='bbox 310 3584 341 3626; x_wconf 91' lang='lat' dir='ltr'><em>et</em></span> <span class='ocrx_word' id='word_1_250' title='bbox 360 3569 433 3626; x_wconf 89' lang='lat' dir='ltr'><em>hinc</em></span> <span class='ocrx_word' id='word_1_251' title='bbox 449 3564 503 3624; x_wconf 86' lang='lat' dir='ltr'><em>iob</em></span> <span class='ocrx_word' id='word_1_252' title='bbox 523 3565 659 3648; x_wconf 76' lang='lat' dir='ltr'><em>Augusto</em></span> <span class='ocrx_word' id='word_1_253' title='bbox 676 3567 866 3627; x_wconf 74' lang='lat' dir='ltr'><em>Cleomedee</em></span> <span class='ocrx_word' id='word_1_254' title='bbox 887 3587 918 3648; x_wconf 94' lang='lat' dir='ltr'><em>p.</em></span> <span class='ocrx_word' id='word_1_255' title='bbox 936 3583 993 3647; x_wconf 85' lang='lat'><em>75.</em></span> <span class='ocrx_word' id='word_1_256' title='bbox 1017 3569 1126 3628; x_wconf 83' lang='lat' dir='ltr'><em>lunam</em></span> 
     </span>
     <span class='ocr_line' id='line_1_31' title="bbox 82 3663 1127 3752; baseline -0.006 -20"><span class='ocrx_word' id='word_1_257' title='bbox 82 3683 255 3732; x_wconf 86' lang='lat' dir='ltr'><em>cornutam</em></span> <span class='ocrx_word' id='word_1_258' title='bbox 278 3663 461 3752; x_wconf 79' lang='grc' dir='ltr'>σιγμοειὸἑα</span> <span class='ocrx_word' id='word_1_259' title='bbox 485 3665 535 3745; x_wconf 74' lang='grc' dir='ltr'><em>τῷ</em></span> <span class='ocrx_word' id='word_1_260' title='bbox 558 3663 707 3752; x_wconf 67' lang='grc' dir='ltr'>σχήματι</span> <span class='ocrx_word' id='word_1_261' title='bbox 730 3667 886 3730; x_wconf 80' lang='lat' dir='ltr'><em>describit.</em></span> <span class='ocrx_word' id='word_1_262' title='bbox 931 3670 999 3730; x_wconf 85' lang='lat' dir='ltr'><em>Viri.</em></span> <span class='ocrx_word' id='word_1_263' title='bbox 1026 3669 1127 3746; x_wconf 83' lang='lat' dir='ltr'><em>Bayer</em></span> 
     </span>
     <span class='ocr_line' id='line_1_32' title="bbox 80 3769 1126 3852; baseline -0.003 -19"><span class='ocrx_word' id='word_1_264' title='bbox 80 3775 118 3834; x_wconf 86' lang='lat' dir='ltr'><em>in</em></span> <span class='ocrx_word' id='word_1_265' title='bbox 145 3769 253 3852; x_wconf 81' lang='lat' dir='ltr'><em>opusc.</em></span> <span class='ocrx_word' id='word_1_266' title='bbox 278 3790 310 3852; x_wconf 91' lang='lat' dir='ltr'><em>p.</em></span> <span class='ocrx_word' id='word_1_267' title='bbox 330 3783 387 3842; x_wconf 69' lang='lat'><em>51.</em></span> <span class='ocrx_word' id='word_1_268' title='bbox 410 3771 459 3827; x_wconf 82' lang='lat' dir='ltr'><em>etl.</em></span> <span class='ocrx_word' id='word_1_269' title='bbox 479 3769 584 3828; x_wconf 74' lang='lat' dir='ltr'><em>hlotz.</em></span> <span class='ocrx_word' id='word_1_270' title='bbox 639 3769 735 3850; x_wconf 86' lang='lat' dir='ltr'><em>Quod</em></span> <span class='ocrx_word' id='word_1_271' title='bbox 759 3771 935 3828; x_wconf 82' lang='lat' dir='ltr'><em>notandum</em></span> <span class='ocrx_word' id='word_1_272' title='bbox 952 3771 994 3831; x_wconf 81' lang='lat' dir='ltr'><em>eo</em></span> <span class='ocrx_word' id='word_1_273' title='bbox 1016 3773 1055 3830; x_wconf 79' lang='lat' dir='ltr'><em>rte</em></span> <span class='ocrx_word' id='word_1_274' title='bbox 1078 3771 1126 3840; x_wconf 84' lang='lat' dir='ltr'><em>iie.</em></span> 
     </span>
     <span class='ocr_line' id='line_1_33' title="bbox 81 3863 1127 3954; baseline -0.001 -22"><span class='ocrx_word' id='word_1_275' title='bbox 81 3875 140 3954; x_wconf 90' lang='lat' dir='ltr'><em>qui</em></span> <span class='ocrx_word' id='word_1_276' title='bbox 161 3871 246 3932; x_wconf 83' lang='lat' dir='ltr'><em>i&#39;ecos</em></span> <span class='ocrx_word' id='word_1_277' title='bbox 263 3863 302 3930; x_wconf 84' lang='lat' dir='ltr'><em>de</em></span> <span class='ocrx_word' id='word_1_278' title='bbox 319 3871 415 3950; x_wconf 80' lang='lat' dir='ltr'><em>priori</em></span> <span class='ocrx_word' id='word_1_279' title='bbox 433 3867 532 3928; x_wconf 81' lang='lat' dir='ltr'><em>forma</em></span> <span class='ocrx_word' id='word_1_280' title='bbox 549 3867 695 3931; x_wconf 82' lang='lat' dir='ltr'><em>statuant.</em></span> <span class='ocrx_word' id='word_1_281' title='bbox 730 3869 779 3930; x_wconf 88' lang='lat' dir='ltr'><em>Ci.</em></span> <span class='ocrx_word' id='word_1_282' title='bbox 801 3868 896 3930; x_wconf 87' lang='lat' dir='ltr'><em>Valei.</em></span> <span class='ocrx_word' id='word_1_283' title='bbox 911 3871 948 3933; x_wconf 77' lang='lat' dir='ltr'><em>ari</em></span> <span class='ocrx_word' id='word_1_284' title='bbox 969 3873 1127 3933; x_wconf 81' lang='lat' dir='ltr'><em>Ammiao.</em></span> 
     </span>
     <span class='ocr_line' id='line_1_34' title="bbox 82 3969 1130 4052; baseline 0.001 -20"><span class='ocrx_word' id='word_1_285' title='bbox 82 3991 146 4038; x_wconf 78' lang='lat'><em>22.</em></span> <span class='ocrx_word' id='word_1_286' title='bbox 165 3985 198 4049; x_wconf 78' lang='grc'><em>3.</em></span> <span class='ocrx_word' id='word_1_287' title='bbox 228 3969 355 4032; x_wconf 82' lang='lat' dir='ltr'><em>Salmas.</em></span> <span class='ocrx_word' id='word_1_288' title='bbox 373 3972 411 4030; x_wconf 91' lang='lat' dir='ltr'><em>ad</em></span> <span class='ocrx_word' id='word_1_289' title='bbox 427 3971 527 4029; x_wconf 85' lang='lat' dir='ltr'><em>Solio.</em></span> <span class='ocrx_word' id='word_1_290' title='bbox 546 3991 577 4052; x_wconf 91' lang='lat' dir='ltr'><em>p.</em></span> <span class='ocrx_word' id='word_1_291' title='bbox 595 3991 638 4031; x_wconf 91' lang='lat' dir='ltr'><em>m.</em></span> <span class='ocrx_word' id='word_1_292' title='bbox 658 3985 740 4048; x_wconf 82' lang='lat'><em>927.</em></span> <span class='ocrx_word' id='word_1_293' title='bbox 768 3971 950 4036; x_wconf 82' lang='lat' dir='ltr'><em>Hardttimte</em></span> <span class='ocrx_word' id='word_1_294' title='bbox 971 3975 1002 4031; x_wconf 84' lang='lat' dir='ltr'><em>in</em></span> <span class='ocrx_word' id='word_1_295' title='bbox 1020 3974 1130 4033; x_wconf 75' lang='lat' dir='ltr'><em>notuit</em></span> 
     </span>
     <span class='ocr_line' id='line_1_35' title="bbox 80 4071 1129 4161; baseline -0.004 -25"><span class='ocrx_word' id='word_1_296' title='bbox 80 4075 238 4161; x_wconf 87' lang='lat' dir='ltr'><em>populor.</em></span> <span class='ocrx_word' id='word_1_297' title='bbox 255 4088 288 4132; x_wconf 90' lang='lat' dir='ltr'><em>et</em></span> <span class='ocrx_word' id='word_1_298' title='bbox 304 4073 373 4131; x_wconf 86' lang='lat' dir='ltr'><em>urb.</em></span> <span class='ocrx_word' id='word_1_299' title='bbox 392 4092 424 4152; x_wconf 94' lang='lat' dir='ltr'><em>p.</em></span> <span class='ocrx_word' id='word_1_300' title='bbox 444 4085 523 4146; x_wconf 75' lang='lat'><em>275.</em></span> <span class='ocrx_word' id='word_1_301' title='bbox 567 4073 615 4130; x_wconf 89' lang='lat' dir='ltr'><em>De</em></span> <span class='ocrx_word' id='word_1_302' title='bbox 633 4071 795 4152; x_wconf 75' lang='lat' dir='ltr'><em>postermri</em></span> <span class='ocrx_word' id='word_1_303' title='bbox 814 4083 912 4132; x_wconf 89' lang='lat' dir='ltr'><em>aetate</em></span> <span class='ocrx_word' id='word_1_304' title='bbox 930 4074 1077 4134; x_wconf 78' lang='lat' dir='ltr'><em>testamur</em></span> <span class='ocrx_word' id='word_1_305' title='bbox 1095 4074 1129 4132; x_wconf 89' lang='lat' dir='ltr'><em>io</em></span> 
     </span>
    </p>

    <p class='ocr_par' dir='ltr' id='par_1_4' title="bbox 10 4157 1130 4262">
     <span class='ocr_line' id='line_1_36' title="bbox 10 4157 1130 4262; baseline 0.002 -32"><span class='ocrx_word' id='word_1_306' title='bbox 10 4157 13 4230; x_wconf 83' lang='grc' dir='ltr'>Ι</span> <span class='ocrx_word' id='word_1_307' title='bbox 79 4178 201 4261; x_wconf 83' lang='lat' dir='ltr'><em>primie</em></span> <span class='ocrx_word' id='word_1_308' title='bbox 226 4173 372 4242; x_wconf 84' lang='lat' dir='ltr'><em>stibadia,</em></span> <span class='ocrx_word' id='word_1_309' title='bbox 405 4193 483 4252; x_wconf 88' lang='lat' dir='ltr'><em>quae</em></span> <span class='ocrx_word' id='word_1_310' title='bbox 509 4173 584 4232; x_wconf 87' lang='lat' dir='ltr'><em>imle</em></span> <span class='ocrx_word' id='word_1_311' title='bbox 598 4168 746 4262; x_wconf 81' lang='lat' dir='ltr'><em>figmata</em></span> <span class='ocrx_word' id='word_1_312' title='bbox 764 4174 802 4234; x_wconf 87' lang='lat' dir='ltr'><em>ab</em></span> <span class='ocrx_word' id='word_1_313' title='bbox 821 4175 1005 4238; x_wconf 69' lang='lat' dir='ltr'><em>auctoribus</em></span> <span class='ocrx_word' id='word_1_314' title='bbox 1023 4173 1130 4236; x_wconf 78' lang='lat' dir='ltr'><em>vocari</em></span> 
     </span>
    </p>
   </div>
   <div class='ocr_carea' id='block_1_4' title="bbox 138 4273 873 4364">
    <p class='ocr_par' dir='ltr' id='par_1_5' title="bbox 138 4273 873 4364">
     <span class='ocr_line' id='line_1_37' title="bbox 138 4273 873 4364; baseline -0.018 -16"><span class='ocrx_word' id='word_1_315' title='bbox 138 4292 236 4364; x_wconf 74' lang='lat' dir='ltr'><em>Pomp.</em></span> <span class='ocrx_word' id='word_1_316' title='bbox 255 4289 347 4345; x_wconf 85' lang='lat' dir='ltr'><em>Meta.</em></span> <span class='ocrx_word' id='word_1_317' title='bbox 369 4290 484 4360; x_wconf 73' lang='lat' dir='ltr'><em>Exeget.</em></span> <span class='ocrx_word' id='word_1_318' title='bbox 504 4289 540 4342; x_wconf 88' lang='lat' dir='ltr'><em>L.</em></span> <span class='ocrx_word' id='word_1_319' title='bbox 554 4289 576 4340; x_wconf 85' lang='lat'><em>1.</em></span> <span class='ocrx_word' id='word_1_320' title='bbox 810 4273 838 4335; x_wconf 91' lang='grc'>0</span> <span class='ocrx_word' id='word_1_321' title='bbox 853 4293 873 4336; x_wconf 84' lang='grc' dir='ltr'>ο</span> 
     </span>
    </p>
   </div>
   <div class='ocr_carea' id='block_1_5' title="bbox 0 0 1466 4958">
    <p class='ocr_par' dir='ltr' id='par_1_6' title="bbox 0 0 1466 4958">
     <span class='ocr_line' id='line_1_38' title="bbox 0 0 1466 4958; baseline 0 0"><span class='ocrx_word' id='word_1_322' title='bbox 0 0 1466 4958; x_wconf 95' lang='lat' dir='ltr'><em> </em></span> 
     </span>
    </p>
   </div>
  </div>
 </body>
</html>
