2922 4958
235 401 287 460 IN
312 401 452 461 POMP.
482 403 590 460 Met..
632 404 669 460 L.
690 406 714 460 1.
755 404 888 465 &XIX-
929 407 1007 478 Μ·
1080 419 1143 490 559

101 597 136 660 p.
156 576 241 657 396.
258 573 280 636 i.
298 587 382 655 575.
408 576 641 662 Miletopolitin
664 579 772 642 vocari
792 579 947 642 existimet
966 579 1143 644 Palmeriue

101 681 137 739 iu
155 693 291 740 auctorr.
309 678 365 741 Gr.
380 700 413 760 p.
426 691 509 758 558.
540 679 652 743 Noller
668 679 774 744 fontee
788 681 857 743 eius
870 681 904 742 in
918 678 985 766 ipso
996 681 1141 766 Olympo

101 782 214 863 ponit,
248 780 335 862 quod
357 779 396 842 stc
418 781 579 843 conciliari
598 781 717 864 potest.
749 795 787 842 ut
808 783 877 844 elue
899 801 977 864 eque
999 785 1143 866 primum

102 883 175 943 lecu
208 883 397 964 conligatur.
457 883 494 942 ln
527 881 616 944 curlu
649 883 766 967 excipit
798 882 971 945 Macellum
1002 885 1142 966 aliosque

102 983 235 1054 fluvios,
260 983 397 1066 (Strabo,
420 981 560 1064 l'liuine)
588 981 751 1066 ditemque
771 996 805 1044 et
824 983 1013 1065 Bithyniam
1035 987 1144 1048 dieter-
1276 995 1283 1012 '

102 1085 231 1146 minam
258 1083 422 1162 (Plinius)
449 1085 645 1166 praeterfluit
667 1085 890 1168 Apolloniam,
924 1088 1015 1148 cuiue
1044 1089 1142 1150 etiam

104 1184 200 1246 litum
218 1199 251 1247 et
265 1197 408 1248 auctores
425 1197 457 1246 et
479 1189 570 1246 numi
589 1187 641 1248 hic
663 1179 843 1271 defignant,
869 1187 951 1248 etin
972 1189 1143 1272 Proponti-

102 1287 181 1349 dem
198 1300 389 1350 exoneratur
404 1305 504 1368 prope
521 1285 653 1348 insulem
665 1287 848 1360 Belbicum,
864 1289 1005 1368 (Strabo)
1028 1292 1062 1354 h.
1082 1291 1145 1354 Ca·

100 1387 243 1459 lolimno,
266 1385 431 1471 (l’ococke
449 1389 489 1450 T.
507 1401 540 1466 3.
557 1411 589 1472 p.
605 1409 649 1452 m.
672 1387 769 1469 169.)
794 1411 889 1471 quem
906 1391 1087 1474 Stephanue
1102 1394 1143 1454 ed

103 1489 261 1569 Cyzicum
281 1490 386 1571 ponit.
425 1487 536 1549 Medio
558 1509 633 1550 euru
655 1490 761 1552 Ponto
780 1491 895 1554 flavere
919 1490 1023 1554 scribit
1040 1495 1142 1559 Valer.
1259 1486 1267 1496 ’

104 1591 209 1654 Flacc.
234 1603 266 1665 3.
294 1601 353 1664 35.
406 1589 615 1652 Deducuntur
637 1591 712 1653 iude
729 1595 823 1655 verile
844 1591 955 1655 formis
978 1596 1141 1666 vocabula.

103 1705 142 1752 ut
162 1672 364 1766 Ῥυνδακίόες
380 1685 536 1778 προχοαὶ,
558 1692 727 1776 (Apollou.
749 1714 776 1765 ι,
805 1691 933 1776 ιι65.)
963 1691 1144 1762 Ῥυνδᾶκιοι

103 1789 264 1881 προχοαί.
292 1791 585 1875 (Orpheuedrgon.
603 1814 636 1855 v.
653 1795 751 1872 651.)
801 1795 1008 1859 liecentioree
1028 1817 1141 1880 parum

104 1894 163 1954 fini
180 1895 217 1954 in
240 1893 398 1954 hodierno
415 1895 549 1954 nomine
571 1893 728 1965 condent,
755 1907 792 1954 ut
810 1897 938 1977 adparet
959 1917 997 1958 ex
1019 1899 1143 1964 Lexicie

103 1995 233 2066 Unelli,
256 1995 398 2058 Ferrarii.
436 1993 609 2060 dictatum
627 2008 720 2058 vocat
736 1995 885 2060 Pococke
904 2018 931 2060 c.
948 1998 971 2060 l.

181 2197 362 2279 angues)
420 2199 521 2258 Docta
546 2196 622 2258 haec
644 2199 780 2260 narratio
801 2199 932 2260 videtur
954 2219 992 2260 ex
1020 2201 1142 2266 Metro·

69 2328 71 2334 ·
104 2303 204 2371 doro,
237 2319 332 2380 quem
355 2299 424 2360 eius
444 2312 605 2360 auctorent
629 2300 775 2360 nominat
794 2299 969 2378 Pliniue3‚
998 2313 1052 2380 14.
1087 2307 1143 2386 qui

103 2400 227 2464 consuli
255 2399 355 2482 potest
381 2419 454 2460 cum
478 2400 609 2460 Aeliano
637 2401 671 2460 in
697 2400 765 2463 hist.
791 2421 842 2462 en.
866 2417 899 2472 2,
926 2419 985 2466 ιιι.
1019 2405 1076 2464 ubi
1100 2405 1140 2471 cf.

102 2503 330 2567 Schneiderut.
358 2501 449 2562 ldetu
464 2501 504 2562 de
519 2499 716 2582 Aethiopicis
732 2499 928 2585 serpentibus
942 2502 1035 2566 refert
1047 2506 1142 2571 Pltlle

102 2625 171 2688 cap.
190 2604 251 2668 66.
279 2601 399 2664 Melam
416 2601 556 2664 reddidit
573 2601 739 2665 Boccatiue
754 2605 793 2668 de
809 2605 995 2670 fluminibus
1009 2607 1043 2670 h.
1059 2627 1092 2671 v.

171 2797 365 2898 fugeruu
378 2803 417 2886 t)
467 2803 617 2866 Notenda
638 2805 691 2868 hic
712 2809 866 2868 concinna
889 2804 1027 2874 brevitas
1046 2810 1078 2869 ln
1096 2829 1144 2872 ec·

105 2909 370 2971 commodatione
393 2919 463 2987 apte
479 2907 570 2968 verbi
589 2909 684 2968 uniue
706 2911 813 2970 adres
835 2906 987 2977 diversae.
1015 2931 1093 2990 quae
1110 2925 1144 2974 ot

105 3011 180 3072 aliae
202 3008 384 3092 suppliciter
403 3027 488 3068 nexu
510 3009 696 3080 adiuvetur,
722 3020 759 3068 ut
779 3008 862 3089 apud
879 3009 1056 3092 Palaephar.
1073 3033 1141 3094 rep.

112 3125 167 3191 15,
187 3121 221 3188 5.
250 3105 413 3196 σώζεσθαι
440 3107 482 3182 εἰς
505 3103 564 3194 τὴν
589 3109 660 3192 γῆν.
721 3109 772 3170 Sic
797 3127 948 3180 avocare,
982 3109 1143 3186 abducere,

105 3216 261 3279 coemere.
284 3225 437 3281 avertere,
464 3211 503 3272 de
522 3209 639 3292 quibue
655 3207 816 3273 Drakenb.
835 3211 874 3272 ad
892 3211 963 3275 Liv.
986 3233 1015 3284 t,
1032 3227 1090 3293 57.
1108 3230 1142 3294 ὅ.

106 3315 140 3386 6,
161 3325 222 3393 23,
240 3323 274 3390 8.
298 3327 332 3374 et
349 3313 437 3376 alibi.

182 3517 307 3578 ht'auc
317 3514 335 3595 )
386 3512 463 3574 Non
479 3525 517 3576 ut
535 3533 604 3576 cera
619 3525 757 3596 captent,
783 3511 846 3585 led,
872 3514 1025 3598 quidquid
1041 3535 1143 3600 prope

104 3619 167 3690 eu.
195 3617 286 3678 srmnl
311 3616 492 3686 adtrabunt,
525 3616 612 3676 unde
637 3615 704 3678 cic.
726 3617 760 3676 in
783 3617 906 3681 Verrio.
924 3631 957 3694 5,
980 3631 1012 3696 8.
1038 3620 1144 3702 iungit

104 3721 194 3782 hiare
217 3731 249 3779 et
275 3710 408 3808 poscere.
459 3718 512 3778 Sic
536 3717 623 3778 Pedo
651 3715 874 3778 Albinovanus
899 3717 932 3777 in
955 3717 1074 3782 consol.
1104 3721 1146 3784 ed.

106 3823 235 3882 Liviam
254 3839 286 3881 v.
305 3832 364 3897 97.
393 3837 455 3878 uon
478 3822 617 3878 cultuum
641 3813 792 3906 adpofito
812 3809 995 3908 fugientem
1020 3823 1144 3901 excepit

106 3925 213 3986 hiatu.
250 3939 274 3981 1.
302 3937 500 3982 ououovtve
528 3919 602 3981 MS.
661 3919 820 3980 Posterius
845 3931 991 3980 veterum
1017 3941 1143 3984 morem

104 4023 225 4107 spectat
244 4019 314 4082 letis
335 4033 452 4083 notum
476 4021 508 4080 in
531 4018 747 4088 moribundis.
774 4019 829 4084 Gr.
846 4019 1078 4106 ψυχοροφεῖν,
1104 4025 1145 4086 de

103 4145 171 4208 qno
188 4125 251 4186 viri
272 4123 360 4185 docti
377 4121 416 4184 etl
434 4121 544 4206 virgo.
563 4122 644 4184 Aen.
660 4131 695 4201 4.
713 4121 798 4201 684.
824 4135 856 4183 et
879 4123 1014 4188 omnino
1034 4125 1145 4189 Kirch·
