<?xml version="1.0" encoding="UTF-8"?>
<!DOCTYPE html PUBLIC "-//W3C//DTD XHTML 1.0 Transitional//EN"
    "http://www.w3.org/TR/xhtml1/DTD/xhtml1-transitional.dtd">
<html xmlns="http://www.w3.org/1999/xhtml" xml:lang="en" lang="en">
 <head>
  <title>
</title>
<meta http-equiv="Content-Type" content="text/html;charset=utf-8" />
  <meta name='ocr-system' content='tesseract 3.04.00' />
  <meta name='ocr-capabilities' content='ocr_page ocr_carea ocr_par ocr_line ocrx_word'/>
</head>
<body>
  <div class='ocr_page' id='page_1' title='image "./pomponiimelaede06melagoog_0166.png"; bbox 0 0 2756 4964; ppageno 0'>
   <div class='ocr_carea' id='block_1_1' title="bbox 283 361 1078 470">
    <p class='ocr_par' dir='ltr' id='par_1_1' title="bbox 283 361 1078 470">
     <span class='ocr_line' id='line_1_1' title="bbox 283 361 1078 470; baseline -0.004 -15"><span class='ocrx_word' id='word_1_1' title='bbox 283 387 367 470; x_wconf 70' lang='lat' dir='ltr'>ant</span> <span class='ocrx_word' id='word_1_2' title='bbox 573 389 735 454; x_wconf 74' lang='lat' dir='ltr'>nom</span> <span class='ocrx_word' id='word_1_3' title='bbox 761 361 1078 454; x_wconf 53' lang='lat' dir='ltr'>&#39;nxeoua‘tottt</span> 
     </span>
    </p>
   </div>
   <div class='ocr_carea' id='block_1_2' title="bbox 240 543 1376 2056">
    <p class='ocr_par' dir='ltr' id='par_1_2' title="bbox 300 543 1376 746">
     <span class='ocr_line' id='line_1_2' title="bbox 300 543 1376 664; baseline -0.002 -34"><span class='ocrx_word' id='word_1_4' title='bbox 300 581 340 630; x_wconf 79' lang='lat' dir='ltr'>ur</span> <span class='ocrx_word' id='word_1_5' title='bbox 358 579 391 646; x_wconf 75' lang='lat'>5.</span> <span class='ocrx_word' id='word_1_6' title='bbox 412 577 445 646; x_wconf 73' lang='lat' dir='ltr'>a.</span> <span class='ocrx_word' id='word_1_7' title='bbox 463 566 497 632; x_wconf 85' lang='lat' dir='ltr'>o.</span> <span class='ocrx_word' id='word_1_8' title='bbox 520 543 560 629; x_wconf 71' lang='lat' dir='ltr'>ri</span> <span class='ocrx_word' id='word_1_9' title='bbox 578 565 724 646; x_wconf 56' lang='lat' dir='ltr'>effrata.</span> <span class='ocrx_word' id='word_1_10' title='bbox 763 567 826 630; x_wconf 77' lang='lat' dir='ltr'>saa</span> <span class='ocrx_word' id='word_1_11' title='bbox 849 567 990 630; x_wconf 70' lang='lat' dir='ltr'>omurrer</span> <span class='ocrx_word' id='word_1_12' title='bbox 1011 568 1044 630; x_wconf 81' lang='lat' dir='ltr'>u</span> <span class='ocrx_word' id='word_1_13' title='bbox 1066 580 1154 651; x_wconf 69' lang='lat' dir='ltr'>parer</span> <span class='ocrx_word' id='word_1_14' title='bbox 1174 567 1212 630; x_wconf 71' lang='lat' dir='ltr'>aa</span> <span class='ocrx_word' id='word_1_15' title='bbox 1228 565 1324 630; x_wconf 71' lang='lat' dir='ltr'>tarot·</span> <span class='ocrx_word' id='word_1_16' title='bbox 1375 617 1376 664; x_wconf 28' lang='grc' dir='ltr'><strong><em>Ν</em></strong></span> 
     </span>
     <span class='ocr_line' id='line_1_3' title="bbox 301 667 1324 746; baseline -0.002 -16"><span class='ocrx_word' id='word_1_17' title='bbox 301 667 364 730; x_wconf 84' lang='lat' dir='ltr'>bna</span> <span class='ocrx_word' id='word_1_18' title='bbox 386 671 420 728; x_wconf 90' lang='lat' dir='ltr'>in</span> <span class='ocrx_word' id='word_1_19' title='bbox 444 667 529 730; x_wconf 82' lang='lat' dir='ltr'>betto</span> <span class='ocrx_word' id='word_1_20' title='bbox 548 669 706 744; x_wconf 80' lang='lat' dir='ltr'>Troiano.</span> <span class='ocrx_word' id='word_1_21' title='bbox 733 680 770 728; x_wconf 90' lang='lat' dir='ltr'>ut</span> <span class='ocrx_word' id='word_1_22' title='bbox 790 689 819 740; x_wconf 87' lang='grc' dir='ltr'>ι,</span> <span class='ocrx_word' id='word_1_23' title='bbox 841 679 894 744; x_wconf 79' lang='lat'>18.</span> <span class='ocrx_word' id='word_1_24' title='bbox 913 681 946 746; x_wconf 84' lang='lat'>5.</span> <span class='ocrx_word' id='word_1_25' title='bbox 967 670 1007 730; x_wconf 89' lang='lat' dir='ltr'>de</span> <span class='ocrx_word' id='word_1_26' title='bbox 1029 670 1132 734; x_wconf 80' lang='lat' dir='ltr'>Aiace.</span> <span class='ocrx_word' id='word_1_27' title='bbox 1182 670 1324 732; x_wconf 83' lang='lat' dir='ltr'>Similiter</span> 
     </span>
    </p>

    <p class='ocr_par' dir='ltr' id='par_1_3' title="bbox 303 768 1326 852">
     <span class='ocr_line' id='line_1_4' title="bbox 303 768 1326 852; baseline 0 -22"><span class='ocrx_word' id='word_1_28' title='bbox 303 769 344 830; x_wconf 88' lang='lat' dir='ltr'>de</span> <span class='ocrx_word' id='word_1_29' title='bbox 360 771 520 831; x_wconf 79' lang='lat' dir='ltr'>Diomede</span> <span class='ocrx_word' id='word_1_30' title='bbox 538 768 666 832; x_wconf 82' lang='lat' dir='ltr'>testatur</span> <span class='ocrx_word' id='word_1_31' title='bbox 679 769 836 831; x_wconf 83' lang='lat' dir='ltr'>Antonin.</span> <span class='ocrx_word' id='word_1_32' title='bbox 852 769 957 832; x_wconf 83' lang='lat' dir='ltr'>Liber.</span> <span class='ocrx_word' id='word_1_33' title='bbox 975 789 1042 852; x_wconf 83' lang='lat' dir='ltr'>cap.</span> <span class='ocrx_word' id='word_1_34' title='bbox 1059 781 1119 850; x_wconf 83' lang='lat'>37.</span> <span class='ocrx_word' id='word_1_35' title='bbox 1159 771 1265 851; x_wconf 87' lang='lat' dir='ltr'>Itaque</span> <span class='ocrx_word' id='word_1_36' title='bbox 1282 787 1326 830; x_wconf 84' lang='lat' dir='ltr'>re·</span> 
     </span>
    </p>

    <p class='ocr_par' dir='ltr' id='par_1_4' title="bbox 300 869 1327 955">
     <span class='ocr_line' id='line_1_5' title="bbox 300 869 1327 955; baseline 0 -26"><span class='ocrx_word' id='word_1_37' title='bbox 300 872 387 955; x_wconf 80' lang='lat' dir='ltr'>giam</span> <span class='ocrx_word' id='word_1_38' title='bbox 409 885 539 955; x_wconf 80' lang='lat' dir='ltr'>gentem</span> <span class='ocrx_word' id='word_1_39' title='bbox 560 887 628 931; x_wconf 90' lang='lat' dir='ltr'>non</span> <span class='ocrx_word' id='word_1_40' title='bbox 645 869 739 930; x_wconf 88' lang='lat' dir='ltr'>aliam</span> <span class='ocrx_word' id='word_1_41' title='bbox 759 869 915 955; x_wconf 81' lang='lat' dir='ltr'>intelligit,</span> <span class='ocrx_word' id='word_1_42' title='bbox 947 891 1042 954; x_wconf 77' lang='lat' dir='ltr'>quam</span> <span class='ocrx_word' id='word_1_43' title='bbox 1061 891 1140 953; x_wconf 87' lang='lat' dir='ltr'>quae</span> <span class='ocrx_word' id='word_1_44' title='bbox 1159 870 1327 954; x_wconf 74' lang='lat' dir='ltr'>pertinebat</span> 
     </span>
    </p>

    <p class='ocr_par' dir='ltr' id='par_1_5' title="bbox 240 969 1376 1966">
     <span class='ocr_line' id='line_1_6' title="bbox 300 969 1376 1056; baseline -0.002 -22"><span class='ocrx_word' id='word_1_45' title='bbox 300 973 341 1034; x_wconf 85' lang='lat' dir='ltr'>ad</span> <span class='ocrx_word' id='word_1_46' title='bbox 355 970 661 1056; x_wconf 78' lang='lat' dir='ltr'>consanguinitatem</span> <span class='ocrx_word' id='word_1_47' title='bbox 675 989 786 1055; x_wconf 86' lang='lat' dir='ltr'>regum</span> <span class='ocrx_word' id='word_1_48' title='bbox 798 969 982 1034; x_wconf 85' lang='lat' dir='ltr'>Numidiae.</span> <span class='ocrx_word' id='word_1_49' title='bbox 1011 992 1035 1035; x_wconf 88' lang='lat'>1.</span> <span class='ocrx_word' id='word_1_50' title='bbox 1053 991 1245 1035; x_wconf 81' lang='lat' dir='ltr'>onouorrva</span> <span class='ocrx_word' id='word_1_51' title='bbox 1256 971 1328 1036; x_wconf 79' lang='lat' dir='ltr'>MS.</span> <span class='ocrx_word' id='word_1_52' title='bbox 1375 1017 1376 1032; x_wconf 68' lang='grc'><strong>.</strong></span> 
     </span>
     <span class='ocr_line' id='line_1_7' title="bbox 301 1057 1376 1158; baseline -0.003 -22"><span class='ocrx_word' id='word_1_53' title='bbox 301 1071 353 1136; x_wconf 79' lang='lat' dir='ltr'>cf.</span> <span class='ocrx_word' id='word_1_54' title='bbox 372 1073 473 1135; x_wconf 78' lang='lat' dir='ltr'>Cerdo</span> <span class='ocrx_word' id='word_1_55' title='bbox 490 1073 527 1132; x_wconf 86' lang='lat' dir='ltr'>ad</span> <span class='ocrx_word' id='word_1_56' title='bbox 549 1071 655 1155; x_wconf 81' lang='lat' dir='ltr'>virgil.</span> <span class='ocrx_word' id='word_1_57' title='bbox 673 1071 752 1133; x_wconf 78' lang='lat' dir='ltr'>Aen.</span> <span class='ocrx_word' id='word_1_58' title='bbox 769 1073 803 1144; x_wconf 83' lang='lat'>6.</span> <span class='ocrx_word' id='word_1_59' title='bbox 825 1088 908 1135; x_wconf 73' lang='grc' dir='ltr'><strong>ω.</strong></span> <span class='ocrx_word' id='word_1_60' title='bbox 921 1074 971 1158; x_wconf 46' lang='grc' dir='ltr'>Κ(19</span> <span class='ocrx_word' id='word_1_61' title='bbox 992 1073 1048 1136; x_wconf 83' lang='lat' dir='ltr'>illo</span> <span class='ocrx_word' id='word_1_62' title='bbox 1064 1093 1177 1148; x_wconf 84' lang='lat' dir='ltr'>more;</span> <span class='ocrx_word' id='word_1_63' title='bbox 1208 1069 1268 1155; x_wconf 78' lang='lat' dir='ltr'>ipsa</span> <span class='ocrx_word' id='word_1_64' title='bbox 1283 1071 1328 1133; x_wconf 83' lang='lat' dir='ltr'>via</span> <span class='ocrx_word' id='word_1_65' title='bbox 1372 1057 1376 1126; x_wconf 56' lang='lat' dir='ltr'><strong><em>s</em></strong></span> 
     </span>
     <span class='ocr_line' id='line_1_8' title="bbox 300 1167 1376 1290; baseline -0.002 -54"><span class='ocrx_word' id='word_1_66' title='bbox 300 1167 392 1238; x_wconf 81' lang='lat' dir='ltr'>vocia</span> <span class='ocrx_word' id='word_1_67' title='bbox 414 1173 454 1235; x_wconf 89' lang='lat' dir='ltr'>de</span> <span class='ocrx_word' id='word_1_68' title='bbox 470 1172 609 1255; x_wconf 85' lang='lat' dir='ltr'>sepulcro</span> <span class='ocrx_word' id='word_1_69' title='bbox 626 1170 696 1232; x_wconf 79' lang='lat' dir='ltr'>satia</span> <span class='ocrx_word' id='word_1_70' title='bbox 711 1191 750 1233; x_wconf 88' lang='lat' dir='ltr'>ex</span> <span class='ocrx_word' id='word_1_71' title='bbox 763 1171 871 1238; x_wconf 83' lang='lat' dir='ltr'>uiuet</span> <span class='ocrx_word' id='word_1_72' title='bbox 890 1173 1014 1238; x_wconf 83' lang='lat' dir='ltr'>Lexicia</span> <span class='ocrx_word' id='word_1_73' title='bbox 1034 1173 1161 1257; x_wconf 75' lang='lat' dir='ltr'>prostat.</span> <span class='ocrx_word' id='word_1_74' title='bbox 1211 1173 1330 1236; x_wconf 76' lang='lat' dir='ltr'>Perizo-</span> <span class='ocrx_word' id='word_1_75' title='bbox 1374 1185 1376 1290; x_wconf 55' lang='lat' dir='ltr'>p</span> 
     </span>
     <span class='ocr_line' id='line_1_9' title="bbox 240 1273 1376 1358; baseline -0.002 -20"><span class='ocrx_word' id='word_1_76' title='bbox 240 1332 241 1338; x_wconf 75' lang='grc'>,</span> <span class='ocrx_word' id='word_1_77' title='bbox 300 1277 375 1338; x_wconf 85' lang='lat' dir='ltr'>niue</span> <span class='ocrx_word' id='word_1_78' title='bbox 391 1273 454 1335; x_wconf 84' lang='lat' dir='ltr'>hoo</span> <span class='ocrx_word' id='word_1_79' title='bbox 467 1285 720 1335; x_wconf 85' lang='lat' dir='ltr'>monumentum</span> <span class='ocrx_word' id='word_1_80' title='bbox 733 1273 819 1336; x_wconf 85' lang='lat' dir='ltr'>inter</span> <span class='ocrx_word' id='word_1_81' title='bbox 833 1275 880 1336; x_wconf 85' lang='lat' dir='ltr'>Iol</span> <span class='ocrx_word' id='word_1_82' title='bbox 895 1275 1079 1337; x_wconf 55' lang='lat' dir='ltr'>&amp;Icosium</span> <span class='ocrx_word' id='word_1_83' title='bbox 1096 1278 1200 1358; x_wconf 88' lang='lat' dir='ltr'>ponit,</span> <span class='ocrx_word' id='word_1_84' title='bbox 1223 1275 1327 1355; x_wconf 84' lang='lat' dir='ltr'>inquo</span> <span class='ocrx_word' id='word_1_85' title='bbox 1375 1291 1376 1298; x_wconf 53' lang='lat'>¹</span> 
     </span>
     <span class='ocr_line' id='line_1_10' title="bbox 298 1339 1376 1459; baseline -0.002 -21"><span class='ocrx_word' id='word_1_86' title='bbox 298 1375 467 1440; x_wconf 80' lang='lat' dir='ltr'>intervallo</span> <span class='ocrx_word' id='word_1_87' title='bbox 490 1375 690 1436; x_wconf 79' lang='lat' dir='ltr'>l&#39;tolemaeua</span> <span class='ocrx_word' id='word_1_88' title='bbox 713 1374 810 1437; x_wconf 85' lang='lat' dir='ltr'>habet</span> <span class='ocrx_word' id='word_1_89' title='bbox 831 1374 976 1459; x_wconf 84' lang='lat' dir='ltr'>Tipasam</span> <span class='ocrx_word' id='word_1_90' title='bbox 997 1391 1030 1438; x_wconf 88' lang='lat' dir='ltr'>et</span> <span class='ocrx_word' id='word_1_91' title='bbox 1052 1377 1172 1438; x_wconf 85' lang='lat' dir='ltr'>Oriam</span> <span class='ocrx_word' id='word_1_92' title='bbox 1196 1373 1218 1439; x_wconf 81' lang='lat' dir='ltr'>i.</span> <span class='ocrx_word' id='word_1_93' title='bbox 1235 1376 1330 1436; x_wconf 83' lang='lat' dir='ltr'>Viam.</span> <span class='ocrx_word' id='word_1_94' title='bbox 1371 1339 1376 1386; x_wconf 41' lang='grc' dir='ltr'>ἵ</span> 
     </span>
     <span class='ocr_line' id='line_1_11' title="bbox 300 1473 1330 1562; baseline -0.002 -24"><span class='ocrx_word' id='word_1_95' title='bbox 300 1478 369 1562; x_wconf 86' lang='lat' dir='ltr'>Qui</span> <span class='ocrx_word' id='word_1_96' title='bbox 388 1477 428 1538; x_wconf 87' lang='lat' dir='ltr'>ad</span> <span class='ocrx_word' id='word_1_97' title='bbox 452 1474 582 1538; x_wconf 80' lang='lat' dir='ltr'>infulam</span> <span class='ocrx_word' id='word_1_98' title='bbox 598 1475 739 1536; x_wconf 88' lang='lat' dir='ltr'>vicinam</span> <span class='ocrx_word' id='word_1_99' title='bbox 753 1473 913 1548; x_wconf 83' lang='lat' dir='ltr'>referunt,</span> <span class='ocrx_word' id='word_1_100' title='bbox 939 1478 980 1538; x_wconf 88' lang='lat' dir='ltr'>de</span> <span class='ocrx_word' id='word_1_101' title='bbox 995 1497 1030 1539; x_wconf 91' lang='lat' dir='ltr'>ea</span> <span class='ocrx_word' id='word_1_102' title='bbox 1048 1479 1182 1559; x_wconf 86' lang='lat' dir='ltr'>quidem</span> <span class='ocrx_word' id='word_1_103' title='bbox 1197 1477 1330 1559; x_wconf 64' lang='lat' dir='ltr'>‚pmnino</span> 
     </span>
     <span class='ocr_line' id='line_1_12' title="bbox 298 1549 1376 1660; baseline 0.001 -19"><span class='ocrx_word' id='word_1_104' title='bbox 298 1592 441 1641; x_wconf 79' lang='lat' dir='ltr'>auctores</span> <span class='ocrx_word' id='word_1_105' title='bbox 462 1575 582 1639; x_wconf 87' lang='lat' dir='ltr'>habent</span> <span class='ocrx_word' id='word_1_106' title='bbox 595 1575 782 1639; x_wconf 84' lang='lat' dir='ltr'>Strabonem</span> <span class='ocrx_word' id='word_1_107' title='bbox 803 1593 857 1654; x_wconf 85' lang='lat'>17.</span> <span class='ocrx_word' id='word_1_108' title='bbox 879 1597 912 1660; x_wconf 90' lang='lat' dir='ltr'>p.</span> <span class='ocrx_word' id='word_1_109' title='bbox 928 1591 1013 1656; x_wconf 77' lang='lat'>571.</span> <span class='ocrx_word' id='word_1_110' title='bbox 1032 1576 1053 1640; x_wconf 80' lang='lat' dir='ltr'>f.</span> <span class='ocrx_word' id='word_1_111' title='bbox 1071 1589 1158 1658; x_wconf 77' lang='lat'>831.</span> <span class='ocrx_word' id='word_1_112' title='bbox 1184 1591 1217 1640; x_wconf 90' lang='lat' dir='ltr'>et</span> <span class='ocrx_word' id='word_1_113' title='bbox 1234 1576 1333 1640; x_wconf 85' lang='lat' dir='ltr'>Ptole·</span> <span class='ocrx_word' id='word_1_114' title='bbox 1375 1549 1376 1642; x_wconf 52' lang='lat' dir='ltr'>i</span> 
     </span>
     <span class='ocr_line' id='line_1_13' title="bbox 298 1657 1376 1762; baseline -0.005 -21"><span class='ocrx_word' id='word_1_115' title='bbox 298 1686 427 1742; x_wconf 76' lang='lat' dir='ltr'>mamm</span> <span class='ocrx_word' id='word_1_116' title='bbox 443 1690 477 1760; x_wconf 74' lang='lat'>4.</span> <span class='ocrx_word' id='word_1_117' title='bbox 497 1697 529 1741; x_wconf 81' lang='lat' dir='ltr'>o.</span> <span class='ocrx_word' id='word_1_118' title='bbox 546 1675 568 1739; x_wconf 81' lang='lat' dir='ltr'>f.</span> <span class='ocrx_word' id='word_1_119' title='bbox 620 1679 671 1743; x_wconf 87' lang='lat' dir='ltr'>De</span> <span class='ocrx_word' id='word_1_120' title='bbox 693 1679 763 1740; x_wconf 85' lang='lat' dir='ltr'>eitra</span> <span class='ocrx_word' id='word_1_121' title='bbox 787 1679 944 1741; x_wconf 85' lang='lat' dir='ltr'>hodierno</span> <span class='ocrx_word' id='word_1_122' title='bbox 964 1681 1118 1748; x_wconf 89' lang='lat' dir='ltr'>nomine.</span> <span class='ocrx_word' id='word_1_123' title='bbox 1146 1676 1335 1762; x_wconf 85' lang='lat' dir='ltr'>cum-proxi·</span> <span class='ocrx_word' id='word_1_124' title='bbox 1374 1657 1376 1694; x_wconf 61' lang='lat'><strong><em>¹</em></strong></span> 
     </span>
     <span class='ocr_line' id='line_1_14' title="bbox 297 1757 1376 1862; baseline 0 -18"><span class='ocrx_word' id='word_1_125' title='bbox 297 1801 352 1844; x_wconf 86' lang='lat' dir='ltr'>me</span> <span class='ocrx_word' id='word_1_126' title='bbox 375 1779 439 1840; x_wconf 85' lang='lat' dir='ltr'>huc</span> <span class='ocrx_word' id='word_1_127' title='bbox 463 1799 529 1842; x_wconf 89' lang='lat' dir='ltr'>uon</span> <span class='ocrx_word' id='word_1_128' title='bbox 550 1777 670 1850; x_wconf 85' lang='lat' dir='ltr'>valeat,</span> <span class='ocrx_word' id='word_1_129' title='bbox 697 1778 817 1840; x_wconf 80' lang='lat' dir='ltr'>consuli</span> <span class='ocrx_word' id='word_1_130' title='bbox 838 1779 966 1862; x_wconf 83' lang='lat' dir='ltr'>poffunt</span> <span class='ocrx_word' id='word_1_131' title='bbox 985 1781 1089 1842; x_wconf 79' lang='lat' dir='ltr'>Shaw‘</span> <span class='ocrx_word' id='word_1_132' title='bbox 1103 1781 1146 1844; x_wconf 88' lang='grc' dir='ltr'>Τ.</span> <span class='ocrx_word' id='word_1_133' title='bbox 1174 1799 1205 1844; x_wconf 86' lang='grc' dir='ltr'><strong>ι.</strong></span> <span class='ocrx_word' id='word_1_134' title='bbox 1229 1799 1262 1862; x_wconf 84' lang='lat' dir='ltr'>p.</span> <span class='ocrx_word' id='word_1_135' title='bbox 1280 1787 1334 1854; x_wconf 80' lang='grc'><strong>58.</strong></span> <span class='ocrx_word' id='word_1_136' title='bbox 1370 1757 1376 1798; x_wconf 54' lang='lat'><strong>⁴</strong></span> 
     </span>
     <span class='ocr_line' id='line_1_15' title="bbox 297 1877 1338 1966; baseline -0.004 -22"><span class='ocrx_word' id='word_1_137' title='bbox 297 1895 330 1944; x_wconf 84' lang='lat' dir='ltr'>et</span> <span class='ocrx_word' id='word_1_138' title='bbox 344 1880 477 1944; x_wconf 86' lang='lat' dir='ltr'>Borhek</span> <span class='ocrx_word' id='word_1_139' title='bbox 497 1881 537 1942; x_wconf 84' lang='lat' dir='ltr'>de</span> <span class='ocrx_word' id='word_1_140' title='bbox 552 1877 656 1944; x_wconf 79' lang='lat' dir='ltr'>Africa</span> <span class='ocrx_word' id='word_1_141' title='bbox 671 1879 714 1942; x_wconf 88' lang='lat' dir='ltr'>T.</span> <span class='ocrx_word' id='word_1_142' title='bbox 734 1901 764 1943; x_wconf 87' lang='lat'>1.</span> <span class='ocrx_word' id='word_1_143' title='bbox 786 1901 819 1964; x_wconf 89' lang='lat' dir='ltr'>p.</span> <span class='ocrx_word' id='word_1_144' title='bbox 836 1889 923 1964; x_wconf 73' lang='lat'><strong>549.</strong></span> <span class='ocrx_word' id='word_1_145' title='bbox 960 1880 1046 1954; x_wconf 77' lang='lat' dir='ltr'>Atta,</span> <span class='ocrx_word' id='word_1_146' title='bbox 1069 1901 1153 1966; x_wconf 87' lang='lat' dir='ltr'>quae</span> <span class='ocrx_word' id='word_1_147' title='bbox 1167 1879 1338 1964; x_wconf 80' lang='lat' dir='ltr'>biodiapu·</span> 
     </span>
    </p>

    <p class='ocr_par' dir='ltr' id='par_1_6' title="bbox 297 1965 1376 2056">
     <span class='ocr_line' id='line_1_16' title="bbox 297 1965 1376 2056; baseline 0 -10"><span class='ocrx_word' id='word_1_148' title='bbox 297 1996 423 2056; x_wconf 85' lang='lat' dir='ltr'>tantur,</span> <span class='ocrx_word' id='word_1_149' title='bbox 448 1981 581 2046; x_wconf 79' lang='lat' dir='ltr'>exhibui</span> <span class='ocrx_word' id='word_1_150' title='bbox 596 1981 632 2044; x_wconf 90' lang='lat' dir='ltr'>in</span> <span class='ocrx_word' id='word_1_151' title='bbox 647 1979 735 2045; x_wconf 88' lang='lat' dir='ltr'>notia</span> <span class='ocrx_word' id='word_1_152' title='bbox 751 1981 883 2048; x_wconf 71' lang='lat' dir='ltr'>criticis.</span> <span class='ocrx_word' id='word_1_153' title='bbox 1373 1965 1376 2002; x_wconf 64' lang='lat'><em>³</em></span> 
     </span>
    </p>
   </div>
   <div class='ocr_carea' id='block_1_3' title="bbox 1370 1445 1376 1490">
    <p class='ocr_par' dir='ltr' id='par_1_7' title="bbox 1370 1445 1376 1490">
     <span class='ocr_line' id='line_1_17' title="bbox 1370 1445 1376 1490; baseline 0 0"><span class='ocrx_word' id='word_1_154' title='bbox 1370 1445 1376 1490; x_wconf 71' lang='lat' dir='ltr'>i</span> 
     </span>
    </p>
   </div>
   <div class='ocr_carea' id='block_1_4' title="bbox 296 2171 1376 3584">
    <p class='ocr_par' dir='ltr' id='par_1_8' title="bbox 296 2171 1376 3584">
     <span class='ocr_line' id='line_1_18' title="bbox 372 2171 1376 2282; baseline -0.002 -32"><span class='ocrx_word' id='word_1_155' title='bbox 372 2177 586 2282; x_wconf 84' lang='lat' dir='ltr'>Icosium)</span> <span class='ocrx_word' id='word_1_156' title='bbox 637 2185 694 2250; x_wconf 86' lang='lat' dir='ltr'>Gr.</span> <span class='ocrx_word' id='word_1_157' title='bbox 713 2179 865 2258; x_wconf 81' lang='grc' dir='ltr'>Ἰκόσιον,</span> <span class='ocrx_word' id='word_1_158' title='bbox 890 2186 978 2253; x_wconf 81' lang='lat' dir='ltr'>unda</span> <span class='ocrx_word' id='word_1_159' title='bbox 993 2182 1184 2280; x_wconf 82' lang='lat' dir='ltr'>Icosatoraus</span> <span class='ocrx_word' id='word_1_160' title='bbox 1196 2187 1232 2248; x_wconf 84' lang='lat' dir='ltr'>in</span> <span class='ocrx_word' id='word_1_161' title='bbox 1248 2181 1339 2248; x_wconf 86' lang='lat' dir='ltr'>notit.</span> <span class='ocrx_word' id='word_1_162' title='bbox 1374 2171 1376 2210; x_wconf 62' lang='lat'><strong>¹</strong></span> 
     </span>
     <span class='ocr_line' id='line_1_19' title="bbox 299 2277 1376 2372; baseline -0.006 -18"><span class='ocrx_word' id='word_1_163' title='bbox 299 2283 433 2354; x_wconf 68' lang='lat' dir='ltr'>Africae.</span> <span class='ocrx_word' id='word_1_164' title='bbox 483 2287 648 2351; x_wconf 70' lang='lat' dir='ltr'>Coloniam</span> <span class='ocrx_word' id='word_1_165' title='bbox 682 2285 758 2350; x_wconf 82' lang='lat' dir='ltr'>facit</span> <span class='ocrx_word' id='word_1_166' title='bbox 790 2289 948 2365; x_wconf 73' lang='lat' dir='ltr'>Antonin.</span> <span class='ocrx_word' id='word_1_167' title='bbox 974 2308 1008 2372; x_wconf 91' lang='lat' dir='ltr'>p.</span> <span class='ocrx_word' id='word_1_168' title='bbox 1038 2301 1094 2367; x_wconf 79' lang='lat'>²5·</span> <span class='ocrx_word' id='word_1_169' title='bbox 1128 2303 1167 2352; x_wconf 90' lang='lat' dir='ltr'>ut</span> <span class='ocrx_word' id='word_1_170' title='bbox 1195 2286 1340 2348; x_wconf 83' lang='lat' dir='ltr'>Martian.</span> <span class='ocrx_word' id='word_1_171' title='bbox 1375 2277 1376 2312; x_wconf 61' lang='lat'>¹</span> 
     </span>
     <span class='ocr_line' id='line_1_20' title="bbox 297 2375 1376 2474; baseline -0.007 -20"><span class='ocrx_word' id='word_1_172' title='bbox 297 2391 377 2474; x_wconf 87' lang='lat' dir='ltr'>Cap.</span> <span class='ocrx_word' id='word_1_173' title='bbox 396 2392 430 2454; x_wconf 89' lang='grc'>6.</span> <span class='ocrx_word' id='word_1_174' title='bbox 452 2411 485 2472; x_wconf 89' lang='lat' dir='ltr'>p.</span> <span class='ocrx_word' id='word_1_175' title='bbox 510 2390 592 2452; x_wconf 76' lang='lat'><strong>216.</strong></span> <span class='ocrx_word' id='word_1_176' title='bbox 634 2388 759 2451; x_wconf 74' lang='lat' dir='ltr'>Plinius</span> <span class='ocrx_word' id='word_1_177' title='bbox 781 2401 814 2467; x_wconf 85' lang='lat'>5.</span> <span class='ocrx_word' id='word_1_178' title='bbox 839 2406 871 2452; x_wconf 87' lang='lat'>1.</span> <span class='ocrx_word' id='word_1_179' title='bbox 893 2385 916 2452; x_wconf 80' lang='lat' dir='ltr'>i.</span> <span class='ocrx_word' id='word_1_180' title='bbox 941 2403 975 2452; x_wconf 83' lang='lat'>2.</span> <span class='ocrx_word' id='word_1_181' title='bbox 1027 2389 1123 2460; x_wconf 62' lang='lat' dir='ltr'>intio</span> <span class='ocrx_word' id='word_1_182' title='bbox 1148 2389 1340 2454; x_wconf 85' lang='lat' dir='ltr'>donatuma</span> <span class='ocrx_word' id='word_1_183' title='bbox 1367 2375 1376 2414; x_wconf 48' lang='lat' dir='ltr'>&#39;i</span> 
     </span>
     <span class='ocr_line' id='line_1_21' title="bbox 298 2487 1376 2573; baseline -0.005 -21"><span class='ocrx_word' id='word_1_184' title='bbox 298 2489 482 2573; x_wconf 76' lang='lat' dir='ltr'>Vespasiano</span> <span class='ocrx_word' id='word_1_185' title='bbox 504 2488 624 2558; x_wconf 84' lang='lat' dir='ltr'>scribit.</span> <span class='ocrx_word' id='word_1_186' title='bbox 650 2491 779 2553; x_wconf 72' lang='lat' dir='ltr'>Solinus</span> <span class='ocrx_word' id='word_1_187' title='bbox 798 2509 825 2552; x_wconf 86' lang='lat' dir='ltr'>c.</span> <span class='ocrx_word' id='word_1_188' title='bbox 846 2502 902 2568; x_wconf 77' lang='lat'>23.</span> <span class='ocrx_word' id='word_1_189' title='bbox 925 2487 947 2553; x_wconf 83' lang='lat' dir='ltr'>s.</span> <span class='ocrx_word' id='word_1_190' title='bbox 964 2501 1023 2568; x_wconf 84' lang='lat'>25.</span> <span class='ocrx_word' id='word_1_191' title='bbox 1046 2509 1145 2553; x_wconf 80' lang='lat' dir='ltr'>aoo.</span> <span class='ocrx_word' id='word_1_192' title='bbox 1170 2487 1341 2554; x_wconf 83' lang='lat' dir='ltr'>comitiboa</span> <span class='ocrx_word' id='word_1_193' title='bbox 1375 2503 1376 2513; x_wconf 57' lang='lat'>¹</span> 
     </span>
     <span class='ocr_line' id='line_1_22' title="bbox 298 2589 1374 2676; baseline -0.006 -22"><span class='ocrx_word' id='word_1_194' title='bbox 298 2591 456 2664; x_wconf 84' lang='lat' dir='ltr'>Herculia,</span> <span class='ocrx_word' id='word_1_195' title='bbox 477 2589 531 2673; x_wconf 89' lang='lat' dir='ltr'>qui</span> <span class='ocrx_word' id='word_1_196' title='bbox 547 2589 752 2662; x_wconf 79' lang='lat' dir='ltr'>desciverant,</span> <span class='ocrx_word' id='word_1_197' title='bbox 774 2609 896 2652; x_wconf 90' lang='lat' dir='ltr'>nomen</span> <span class='ocrx_word' id='word_1_198' title='bbox 912 2591 1046 2662; x_wconf 84' lang='lat' dir='ltr'>derivat.</span> <span class='ocrx_word' id='word_1_199' title='bbox 1062 2591 1215 2676; x_wconf 83' lang='lat' dir='ltr'>neglecta</span> <span class='ocrx_word' id='word_1_200' title='bbox 1228 2589 1342 2658; x_wconf 84' lang='lat' dir='ltr'>Graeca</span> <span class='ocrx_word' id='word_1_201' title='bbox 1372 2591 1374 2596; x_wconf 87' lang='grc'><strong>’</strong></span> 
     </span>
     <span class='ocr_line' id='line_1_23' title="bbox 298 2687 1376 2775; baseline -0.005 -21"><span class='ocrx_word' id='word_1_202' title='bbox 298 2691 448 2775; x_wconf 79' lang='lat' dir='ltr'>scriptura</span> <span class='ocrx_word' id='word_1_203' title='bbox 463 2705 495 2754; x_wconf 90' lang='lat' dir='ltr'>et</span> <span class='ocrx_word' id='word_1_204' title='bbox 511 2691 575 2754; x_wconf 82' lang='lat' dir='ltr'>sane</span> <span class='ocrx_word' id='word_1_205' title='bbox 591 2692 707 2754; x_wconf 86' lang='lat' dir='ltr'>idonea</span> <span class='ocrx_word' id='word_1_206' title='bbox 723 2693 922 2754; x_wconf 82' lang='lat' dir='ltr'>auctoritate.</span> <span class='ocrx_word' id='word_1_207' title='bbox 949 2693 1000 2754; x_wconf 86' lang='lat' dir='ltr'>De</span> <span class='ocrx_word' id='word_1_208' title='bbox 1015 2692 1182 2756; x_wconf 86' lang='lat' dir='ltr'>hodierno</span> <span class='ocrx_word' id='word_1_209' title='bbox 1199 2693 1342 2760; x_wconf 85' lang='lat' dir='ltr'>nomine,</span> <span class='ocrx_word' id='word_1_210' title='bbox 1371 2687 1376 2724; x_wconf 62' lang='lat' dir='ltr'>&#39;i</span> 
     </span>
     <span class='ocr_line' id='line_1_24' title="bbox 299 2785 1376 2877; baseline -0.006 -21"><span class='ocrx_word' id='word_1_211' title='bbox 299 2795 377 2856; x_wconf 90' lang='lat' dir='ltr'>olim</span> <span class='ocrx_word' id='word_1_212' title='bbox 392 2795 426 2854; x_wconf 92' lang='lat' dir='ltr'>in</span> <span class='ocrx_word' id='word_1_213' title='bbox 441 2794 564 2877; x_wconf 79' lang='lat' dir='ltr'>primit,</span> <span class='ocrx_word' id='word_1_214' title='bbox 591 2792 729 2855; x_wconf 84' lang='lat' dir='ltr'>diversae</span> <span class='ocrx_word' id='word_1_215' title='bbox 743 2792 928 2854; x_wconf 80' lang='lat' dir='ltr'>exstiterunt</span> <span class='ocrx_word' id='word_1_216' title='bbox 943 2791 1131 2865; x_wconf 80' lang='lat' dir='ltr'>sententiae.</span> <span class='ocrx_word' id='word_1_217' title='bbox 1160 2794 1212 2855; x_wconf 90' lang='lat' dir='ltr'>uti</span> <span class='ocrx_word' id='word_1_218' title='bbox 1227 2794 1344 2857; x_wconf 79' lang='lat' dir='ltr'>dotent</span> <span class='ocrx_word' id='word_1_219' title='bbox 1375 2785 1376 2826; x_wconf 65' lang='lat'>³</span> 
     </span>
     <span class='ocr_line' id='line_1_25' title="bbox 299 2889 1376 2978; baseline -0.001 -21"><span class='ocrx_word' id='word_1_220' title='bbox 299 2893 439 2958; x_wconf 89' lang='lat' dir='ltr'>Orteliua</span> <span class='ocrx_word' id='word_1_221' title='bbox 469 2907 502 2956; x_wconf 88' lang='lat' dir='ltr'>et</span> <span class='ocrx_word' id='word_1_222' title='bbox 529 2895 696 2956; x_wconf 76' lang='lat' dir='ltr'>Ferrarius.</span> <span class='ocrx_word' id='word_1_223' title='bbox 747 2893 922 2957; x_wconf 80' lang='lat' dir='ltr'>D&#39;Anviiie</span> <span class='ocrx_word' id='word_1_224' title='bbox 944 2894 979 2955; x_wconf 87' lang='lat' dir='ltr'>in</span> <span class='ocrx_word' id='word_1_225' title='bbox 1005 2893 1128 2978; x_wconf 84' lang='lat' dir='ltr'>Geogr.</span> <span class='ocrx_word' id='word_1_226' title='bbox 1158 2914 1233 2959; x_wconf 87' lang='lat' dir='ltr'>ane.</span> <span class='ocrx_word' id='word_1_227' title='bbox 1254 2895 1296 2956; x_wconf 88' lang='lat' dir='ltr'>T.</span> <span class='ocrx_word' id='word_1_228' title='bbox 1312 2905 1343 2971; x_wconf 78' lang='lat'>3·</span> <span class='ocrx_word' id='word_1_229' title='bbox 1372 2889 1376 2930; x_wconf 59' lang='lat' dir='ltr'>i</span> 
     </span>
     <span class='ocr_line' id='line_1_26' title="bbox 298 2985 1344 3080; baseline -0.003 -23"><span class='ocrx_word' id='word_1_230' title='bbox 298 3015 332 3080; x_wconf 89' lang='lat' dir='ltr'>p.</span> <span class='ocrx_word' id='word_1_231' title='bbox 350 3013 410 3076; x_wconf 86' lang='grc'><strong>99.</strong></span> <span class='ocrx_word' id='word_1_232' title='bbox 431 2985 534 3057; x_wconf 79' lang='lat' dir='ltr'>Sher·</span> <span class='ocrx_word' id='word_1_233' title='bbox 549 2995 635 3056; x_wconf 74' lang='lat' dir='ltr'>sealt</span> <span class='ocrx_word' id='word_1_234' title='bbox 656 2994 774 3068; x_wconf 87' lang='lat' dir='ltr'>credit,</span> <span class='ocrx_word' id='word_1_235' title='bbox 808 3015 905 3076; x_wconf 86' lang='lat' dir='ltr'>quem</span> <span class='ocrx_word' id='word_1_236' title='bbox 927 2991 1067 3057; x_wconf 79' lang='lat' dir='ltr'>refutant</span> <span class='ocrx_word' id='word_1_237' title='bbox 1089 2995 1210 3077; x_wconf 86' lang='lat' dir='ltr'>Belley</span> <span class='ocrx_word' id='word_1_238' title='bbox 1231 3016 1267 3080; x_wconf 93' lang='lat' dir='ltr'>p.</span> <span class='ocrx_word' id='word_1_239' title='bbox 1285 3010 1344 3074; x_wconf 73' lang='lat'>92.</span> 
     </span>
     <span class='ocr_line' id='line_1_27' title="bbox 297 3093 1376 3180; baseline -0.004 -22"><span class='ocrx_word' id='word_1_240' title='bbox 297 3117 326 3160; x_wconf 90' lang='lat' dir='ltr'>c.</span> <span class='ocrx_word' id='word_1_241' title='bbox 343 3099 364 3158; x_wconf 87' lang='lat'>1.</span> <span class='ocrx_word' id='word_1_242' title='bbox 391 3109 424 3158; x_wconf 90' lang='lat' dir='ltr'>et</span> <span class='ocrx_word' id='word_1_243' title='bbox 437 3097 532 3160; x_wconf 87' lang='lat' dir='ltr'>Shaw</span> <span class='ocrx_word' id='word_1_244' title='bbox 547 3097 589 3158; x_wconf 88' lang='lat' dir='ltr'>T.</span> <span class='ocrx_word' id='word_1_245' title='bbox 609 3116 637 3159; x_wconf 87' lang='lat' dir='ltr'>a.</span> <span class='ocrx_word' id='word_1_246' title='bbox 653 3115 685 3179; x_wconf 91' lang='lat' dir='ltr'>p.</span> <span class='ocrx_word' id='word_1_247' title='bbox 703 3107 762 3175; x_wconf 81' lang='lat'>89.</span> <span class='ocrx_word' id='word_1_248' title='bbox 789 3097 844 3178; x_wconf 88' lang='lat' dir='ltr'>qui</span> <span class='ocrx_word' id='word_1_249' title='bbox 861 3095 955 3158; x_wconf 86' lang='lat' dir='ltr'>docet</span> <span class='ocrx_word' id='word_1_250' title='bbox 967 3115 1007 3158; x_wconf 85' lang='lat' dir='ltr'>ex</span> <span class='ocrx_word' id='word_1_251' title='bbox 1021 3096 1081 3158; x_wconf 83' lang='lat' dir='ltr'>fitu</span> <span class='ocrx_word' id='word_1_252' title='bbox 1097 3099 1248 3160; x_wconf 84' lang='lat' dir='ltr'>maxime</span> <span class='ocrx_word' id='word_1_253' title='bbox 1263 3093 1346 3180; x_wconf 86' lang='lat' dir='ltr'>apud</span> <span class='ocrx_word' id='word_1_254' title='bbox 1374 3095 1376 3136; x_wconf 71' lang='lat'><em>³</em></span> 
     </span>
     <span class='ocr_line' id='line_1_28' title="bbox 298 3193 1376 3278; baseline -0.006 -16"><span class='ocrx_word' id='word_1_255' title='bbox 298 3197 520 3262; x_wconf 84' lang='lat' dir='ltr'>Ptolemaeum</span> <span class='ocrx_word' id='word_1_256' title='bbox 535 3205 570 3278; x_wconf 71' lang='grc'>4,</span> <span class='ocrx_word' id='word_1_257' title='bbox 587 3211 621 3260; x_wconf 78' lang='lat' dir='ltr'>u.</span> <span class='ocrx_word' id='word_1_258' title='bbox 643 3197 703 3260; x_wconf 82' lang='lat' dir='ltr'>elie</span> <span class='ocrx_word' id='word_1_259' title='bbox 724 3196 758 3260; x_wconf 87' lang='lat' dir='ltr'>h.</span> <span class='ocrx_word' id='word_1_260' title='bbox 772 3195 876 3277; x_wconf 64' lang='lat' dir='ltr'>Aiga,</span> <span class='ocrx_word' id='word_1_261' title='bbox 897 3196 1012 3259; x_wconf 81' lang='lat' dir='ltr'>incolit</span> <span class='ocrx_word' id='word_1_262' title='bbox 1025 3197 1153 3262; x_wconf 77' lang='lat' dir='ltr'>At-Je·</span> <span class='ocrx_word' id='word_1_263' title='bbox 1166 3199 1273 3271; x_wconf 66' lang='lat' dir='ltr'>Zeia.</span> <span class='ocrx_word' id='word_1_264' title='bbox 1295 3193 1347 3258; x_wconf 82' lang='lat' dir='ltr'>cui</span> <span class='ocrx_word' id='word_1_265' title='bbox 1375 3205 1376 3210; x_wconf 76' lang='grc'>’</span> 
     </span>
     <span class='ocr_line' id='line_1_29' title="bbox 300 3295 1376 3383; baseline -0.003 -23"><span class='ocrx_word' id='word_1_266' title='bbox 300 3297 507 3383; x_wconf 80' lang='lat' dir='ltr'>suffragantur</span> <span class='ocrx_word' id='word_1_267' title='bbox 530 3297 646 3361; x_wconf 76' lang='lat' dir='ltr'>muer.</span> <span class='ocrx_word' id='word_1_268' title='bbox 665 3297 703 3360; x_wconf 83' lang='lat' dir='ltr'>ad</span> <span class='ocrx_word' id='word_1_269' title='bbox 725 3297 864 3360; x_wconf 80' lang='lat' dir='ltr'>Gurhria</span> <span class='ocrx_word' id='word_1_270' title='bbox 884 3325 934 3340; x_wconf 91' lang='lat'>—</span> <span class='ocrx_word' id='word_1_271' title='bbox 950 3295 1064 3361; x_wconf 82' lang='lat' dir='ltr'>Gesch.</span> <span class='ocrx_word' id='word_1_272' title='bbox 1084 3299 1164 3362; x_wconf 83' lang='lat' dir='ltr'>vot.</span> <span class='ocrx_word' id='word_1_273' title='bbox 1188 3318 1222 3363; x_wconf 82' lang='lat' dir='ltr'>o.</span> <span class='ocrx_word' id='word_1_274' title='bbox 1239 3321 1272 3382; x_wconf 88' lang='lat' dir='ltr'>p.</span> <span class='ocrx_word' id='word_1_275' title='bbox 1293 3310 1346 3372; x_wconf 83' lang='lat'>17.</span> <span class='ocrx_word' id='word_1_276' title='bbox 1375 3301 1376 3342; x_wconf 72' lang='lat' dir='ltr'>t</span> 
     </span>
     <span class='ocr_line' id='line_1_30' title="bbox 296 3397 1376 3486; baseline -0.002 -24"><span class='ocrx_word' id='word_1_277' title='bbox 296 3399 408 3462; x_wconf 86' lang='lat' dir='ltr'>Poiret</span> <span class='ocrx_word' id='word_1_278' title='bbox 421 3419 449 3463; x_wconf 88' lang='lat' dir='ltr'>c.</span> <span class='ocrx_word' id='word_1_279' title='bbox 464 3397 487 3462; x_wconf 93' lang='lat' dir='ltr'>l.</span> <span class='ocrx_word' id='word_1_280' title='bbox 508 3411 542 3462; x_wconf 82' lang='lat' dir='ltr'>et</span> <span class='ocrx_word' id='word_1_281' title='bbox 557 3399 621 3461; x_wconf 88' lang='lat' dir='ltr'>alii.</span> <span class='ocrx_word' id='word_1_282' title='bbox 661 3397 788 3480; x_wconf 86' lang='lat' dir='ltr'>Nempe</span> <span class='ocrx_word' id='word_1_283' title='bbox 803 3399 950 3462; x_wconf 83' lang='lat' dir='ltr'>Saraceni</span> <span class='ocrx_word' id='word_1_284' title='bbox 966 3417 1081 3461; x_wconf 78' lang='lat' dir='ltr'>omnes</span> <span class='ocrx_word' id='word_1_285' title='bbox 1097 3421 1241 3486; x_wconf 80' lang='lat' dir='ltr'>magnas</span> <span class='ocrx_word' id='word_1_286' title='bbox 1256 3399 1349 3462; x_wconf 73' lang='lat' dir='ltr'>urbe·</span> <span class='ocrx_word' id='word_1_287' title='bbox 1375 3409 1376 3440; x_wconf 62' lang='lat'>¹</span> 
     </span>
     <span class='ocr_line' id='line_1_31' title="bbox 298 3499 1346 3584; baseline -0.004 -20"><span class='ocrx_word' id='word_1_288' title='bbox 298 3500 534 3573; x_wconf 76' lang='lat' dir='ltr'>destruxerunt,</span> <span class='ocrx_word' id='word_1_289' title='bbox 559 3513 591 3563; x_wconf 85' lang='lat' dir='ltr'>et</span> <span class='ocrx_word' id='word_1_290' title='bbox 606 3499 675 3584; x_wconf 77' lang='lat' dir='ltr'>post</span> <span class='ocrx_word' id='word_1_291' title='bbox 688 3518 799 3583; x_wconf 78' lang='lat' dir='ltr'>parvae</span> <span class='ocrx_word' id='word_1_292' title='bbox 814 3501 849 3560; x_wconf 91' lang='lat' dir='ltr'>in</span> <span class='ocrx_word' id='word_1_293' title='bbox 864 3517 974 3563; x_wconf 85' lang='lat' dir='ltr'>earum</span> <span class='ocrx_word' id='word_1_294' title='bbox 985 3499 1095 3562; x_wconf 87' lang='lat' dir='ltr'>locum</span> <span class='ocrx_word' id='word_1_295' title='bbox 1111 3503 1346 3566; x_wconf 80' lang='lat' dir='ltr'>condiderunt.</span> 
     </span>
    </p>
   </div>
   <div class='ocr_carea' id='block_1_5' title="bbox 299 3692 1376 4087">
    <p class='ocr_par' dir='ltr' id='par_1_9' title="bbox 299 3692 1376 4087">
     <span class='ocr_line' id='line_1_32' title="bbox 373 3692 1376 3792; baseline 0.003 -30"><span class='ocrx_word' id='word_1_296' title='bbox 373 3692 608 3792; x_wconf 78' lang='lat' dir='ltr'>Rutha&#39;fr&#39;o)</span> <span class='ocrx_word' id='word_1_297' title='bbox 641 3699 772 3764; x_wconf 86' lang='lat' dir='ltr'>Nomen</span> <span class='ocrx_word' id='word_1_298' title='bbox 789 3699 946 3786; x_wconf 74' lang='lat' dir='ltr'>suspectae</span> <span class='ocrx_word' id='word_1_299' title='bbox 967 3700 1043 3764; x_wconf 82' lang='lat' dir='ltr'>fidei</span> <span class='ocrx_word' id='word_1_300' title='bbox 1059 3698 1194 3766; x_wconf 83' lang='lat' dir='ltr'>faciunt</span> <span class='ocrx_word' id='word_1_301' title='bbox 1213 3705 1351 3768; x_wconf 81' lang='lat' dir='ltr'>aliorum</span> <span class='ocrx_word' id='word_1_302' title='bbox 1375 3711 1376 3732; x_wconf 66' lang='lat'>¹</span> 
     </span>
     <span class='ocr_line' id='line_1_33' title="bbox 299 3801 1376 3884; baseline 0 -18"><span class='ocrx_word' id='word_1_303' title='bbox 299 3802 496 3866; x_wconf 74' lang='lat' dir='ltr'>narrationes</span> <span class='ocrx_word' id='word_1_304' title='bbox 510 3801 583 3863; x_wconf 86' lang='lat' dir='ltr'>alibi</span> <span class='ocrx_word' id='word_1_305' title='bbox 605 3803 755 3884; x_wconf 85' lang='lat' dir='ltr'>prolatae.</span> <span class='ocrx_word' id='word_1_306' title='bbox 791 3805 829 3866; x_wconf 90' lang='lat' dir='ltr'>ln</span> <span class='ocrx_word' id='word_1_307' title='bbox 844 3803 938 3866; x_wconf 73' lang='lat' dir='ltr'>Rura</span> <span class='ocrx_word' id='word_1_308' title='bbox 957 3801 1034 3864; x_wconf 86' lang='lat' dir='ltr'>latet</span> <span class='ocrx_word' id='word_1_309' title='bbox 1048 3801 1115 3865; x_wconf 82' lang='lat' dir='ltr'>stne</span> <span class='ocrx_word' id='word_1_310' title='bbox 1132 3805 1244 3870; x_wconf 84' lang='lat' dir='ltr'>dubio</span> <span class='ocrx_word' id='word_1_311' title='bbox 1262 3805 1353 3868; x_wconf 84' lang='lat' dir='ltr'>ufita·</span> <span class='ocrx_word' id='word_1_312' title='bbox 1375 3819 1376 3834; x_wconf 63' lang='lat'>¹</span> 
     </span>
     <span class='ocr_line' id='line_1_34' title="bbox 299 3902 1376 3988; baseline 0.002 -24"><span class='ocrx_word' id='word_1_313' title='bbox 299 3907 366 3966; x_wconf 85' lang='lat' dir='ltr'>tior</span> <span class='ocrx_word' id='word_1_314' title='bbox 387 3905 478 3976; x_wconf 84' lang='lat' dir='ltr'>Rus,</span> <span class='ocrx_word' id='word_1_315' title='bbox 510 3923 549 3965; x_wconf 84' lang='lat' dir='ltr'>ex</span> <span class='ocrx_word' id='word_1_316' title='bbox 571 3902 680 3988; x_wconf 88' lang='lat' dir='ltr'>lingua</span> <span class='ocrx_word' id='word_1_317' title='bbox 708 3903 827 3966; x_wconf 86' lang='lat' dir='ltr'>Punica</span> <span class='ocrx_word' id='word_1_318' title='bbox 852 3903 907 3966; x_wconf 84' lang='lat' dir='ltr'>vel</span> <span class='ocrx_word' id='word_1_319' title='bbox 933 3903 1087 3966; x_wconf 83' lang='lat' dir='ltr'>Hebraica</span> <span class='ocrx_word' id='word_1_320' title='bbox 1113 3907 1283 3981; x_wconf 73' lang='lat' dir='ltr'>duanam.</span> <span class='ocrx_word' id='word_1_321' title='bbox 1314 3909 1376 3966; x_wconf 59' lang='lat' dir='ltr'>ut*</span> 
     </span>
     <span class='ocr_line' id='line_1_35' title="bbox 301 4002 1353 4087; baseline 0.004 -23"><span class='ocrx_word' id='word_1_322' title='bbox 301 4005 338 4064; x_wconf 85' lang='lat' dir='ltr'>stt</span> <span class='ocrx_word' id='word_1_323' title='bbox 362 4016 459 4087; x_wconf 82' lang='lat' dir='ltr'>eaput</span> <span class='ocrx_word' id='word_1_324' title='bbox 483 4002 505 4066; x_wconf 81' lang='lat' dir='ltr'>i.</span> <span class='ocrx_word' id='word_1_325' title='bbox 526 4005 804 4084; x_wconf 87' lang='lat' dir='ltr'>promontorium,</span> <span class='ocrx_word' id='word_1_326' title='bbox 834 4003 934 4068; x_wconf 86' lang='lat' dir='ltr'>hodie</span> <span class='ocrx_word' id='word_1_327' title='bbox 957 4002 1113 4067; x_wconf 78' lang='lat' dir='ltr'>Ambibua</span> <span class='ocrx_word' id='word_1_328' title='bbox 1140 4007 1235 4072; x_wconf 78' lang='lat' dir='ltr'>Ros.</span> <span class='ocrx_word' id='word_1_329' title='bbox 1278 4007 1353 4072; x_wconf 79' lang='lat' dir='ltr'>Viti.</span> 
     </span>
    </p>
   </div>
   <div class='ocr_carea' id='block_1_6' title="bbox 299 4101 1359 4194">
    <p class='ocr_par' dir='ltr' id='par_1_10' title="bbox 299 4101 1359 4194">
     <span class='ocr_line' id='line_1_36' title="bbox 299 4101 1359 4194; baseline 0.002 -24"><span class='ocrx_word' id='word_1_330' title='bbox 299 4101 452 4170; x_wconf 82' lang='lat' dir='ltr'>Bochart.</span> <span class='ocrx_word' id='word_1_331' title='bbox 473 4102 509 4168; x_wconf 82' lang='lat' dir='ltr'>io</span> <span class='ocrx_word' id='word_1_332' title='bbox 529 4102 680 4172; x_wconf 76' lang='lat' dir='ltr'>chanaan</span> <span class='ocrx_word' id='word_1_333' title='bbox 698 4123 730 4180; x_wconf 82' lang='lat' dir='ltr'>a,</span> <span class='ocrx_word' id='word_1_334' title='bbox 755 4116 815 4190; x_wconf 71' lang='lat'>55.</span> <span class='ocrx_word' id='word_1_335' title='bbox 862 4107 915 4176; x_wconf 82' lang='lat' dir='ltr'>De</span> <span class='ocrx_word' id='word_1_336' title='bbox 936 4103 1001 4193; x_wconf 80' lang='lat' dir='ltr'>ipsa</span> <span class='ocrx_word' id='word_1_337' title='bbox 1024 4104 1105 4170; x_wconf 85' lang='lat' dir='ltr'>urba</span> <span class='ocrx_word' id='word_1_338' title='bbox 1127 4105 1278 4194; x_wconf 78' lang='lat' dir='ltr'>emaque</span> <span class='ocrx_word' id='word_1_339' title='bbox 1297 4127 1359 4174; x_wconf 83' lang='lat' dir='ltr'>uo·</span> 
     </span>
    </p>
   </div>
   <div class='ocr_carea' id='block_1_7' title="bbox 0 0 1382 4964">
    <p class='ocr_par' dir='ltr' id='par_1_11' title="bbox 0 0 1382 4964">
     <span class='ocr_line' id='line_1_37' title="bbox 0 0 1382 4964; baseline 0 0"><span class='ocrx_word' id='word_1_340' title='bbox 0 0 1382 4964; x_wconf 95' lang='lat' dir='ltr'> </span> 
     </span>
    </p>
   </div>
  </div>
 </body>
</html>
