2828 4966
324 440 362 482 ro
591 418 753 478 NOTAE
794 419 1094 478 uxuottt’tcta

321 595 360 656 rle
376 593 434 656 iltu
450 591 535 656 orbis
551 591 639 657 librie
655 594 873 656 continentur.
910 592 995 655 Nam
1014 597 1118 678 primo
1138 596 1199 666 ait.
1224 595 1268 668 se,
1293 615 1375 678 quae

319 698 355 758 srt
382 694 482 758 forma
515 697 649 764 Totius.
684 713 763 775 quae
791 696 945 756 maximae
970 710 1088 778 partes.
1122 699 1377 779 expediturum.

318 798 405 880 qnod
427 794 502 858 secit
524 796 597 857 libri
620 817 648 859 t.
672 795 828 877 capitibus
845 811 879 874 4.
904 798 1080 878 prioribus:
1115 800 1246 860 deinde
1268 798 1379 862 rursue

320 918 390 960 oras
413 898 577 970 omnium,
603 909 639 959 ut
660 897 741 958 intra
765 910 913 978 extraque
933 897 1008 968 stnt.
1034 899 1306 981 persecuturum:
1334 921 1376 962 en

320 1001 380 1060 tibi
397 1011 620 1083 argumentum
643 999 742 1060 totitte
762 998 875 1078 reliqui
895 1001 1000 1080 operia
1020 1021 1035 1062 a
1057 1001 1128 1061 libri
1151 1023 1183 1063 t.
1206 1004 1319 1083 capite
1340 1015 1375 1078 5.

319 1103 356 1164 ad
377 1103 484 1164 finem.
525 1101 601 1184 Quo
617 1119 694 1160 vero
708 1098 829 1162 facilius
844 1099 921 1162 haec
935 1103 1044 1162 omnia
1058 1101 1126 1164 sciri
1145 1103 1374 1186 cognoscique

318 1199 454 1287 posstnt,
487 1202 588 1284 paulo
603 1200 696 1262 altiua
718 1197 872 1262 summam
892 1205 1101 1284 repetiturum
1124 1203 1153 1266 se
1176 1208 1245 1275 ait,
1273 1207 1375 1286 itique

318 1303 395 1365 fecit
416 1303 470 1365 lib.
492 1321 521 1366 ι.
539 1322 566 1364 c.
588 1323 618 1365 t.
636 1303 790 1383 usquead
808 1323 841 1366 v.
859 1317 893 1377 7.
945 1304 1042 1386 Quod
1059 1317 1168 1366 autern
1187 1324 1262 1388 cap.
1279 1316 1317 1384 4,
1339 1316 1373 1382 5.

319 1406 430 1467 eadem
448 1423 528 1466 voce
550 1403 694 1466 exactius
713 1405 829 1474 utitur,
862 1421 929 1464 non
945 1406 1073 1467 videtur
1087 1427 1156 1468 rem
1181 1409 1374 1478 conficeret·

318 1527 393 1570 nam
413 1506 530 1566 dicitur
545 1519 723 1586 comparate
741 1505 779 1565 ad
798 1522 852 1576 ea,
878 1524 957 1584 quae
978 1520 1112 1588 quatuor
1131 1527 1230 1590 capp.
1253 1509 1372 1589 priori·

316 1606 378 1668 bue
400 1606 557 1688 proposita
575 1619 684 1668 erant:
717 1604 768 1667 sed
790 1606 899 1666 omnia
921 1619 1046 1680 tarnem
1072 1627 1151 1690 quae
1169 1607 1370 1690 sequuntur,

318 1729 356 1770 ex
372 1710 411 1768 iis
430 1705 512 1778 sunt.
535 1725 613 1790 quae
630 1711 725 1778 κτητο,Ι
745 1725 812 1768 non
830 1706 922 1774 aliar.
951 1706 979 1769 se
995 1710 1155 1771 dicturum
1175 1713 1368 1792 profitetur.

316 1811 360 1874 Et
381 1809 474 1889 qttid,
508 1805 621 1890 quaeso
646 1821 695 1880 te,
728 1827 785 1888 per
805 1805 992 1870 universnm
1017 1829 1098 1892 optte
1120 1811 1230 1880 aliud.
1266 1830 1368 1894 quarn

316 1906 477 1973 ctariffim
500 1923 533 1971 et
556 1909 683 1972 strictim
708 1910 822 1993 attigit,
855 1908 1034 1991 praesertim
1059 1911 1080 1972 st
1104 1931 1180 1973 cum
1205 1913 1364 1982 aliorum,

316 2013 420 2074 veluti
434 2012 608 2083 Strabonis,
637 2011 814 2074 Ptolemaei
832 2025 864 2072 et
883 2011 1051 2074 Pausaniae
1066 2013 1158 2073 simili
1176 2015 1214 2074 in
1239 2033 1364 2098 genere

316 2114 405 2175 libris
422 2111 574 2176 conlatae.
624 2113 716 2194 Quae
733 2131 807 2173 cnm
826 2113 952 2181 italam,
978 2114 1121 2174 euntium
1139 2117 1257 2196 utique
1272 2112 1366 2176 vide·

317 2229 369 2276 tur
395 2216 428 2274 in
454 2215 584 2276 Vadiani
608 2212 806 2282 sententiam,
841 2211 972 2284 Melam,
1006 2214 1224 2285 existimantis.
1261 2217 1365 2276 alium

315 2317 450 2383 librum.
489 2315 551 2375 boc
587 2315 776 2397 ampliorem
816 2311 949 2374 scribare
981 2316 1015 2375 in
1052 2317 1162 2376 animo
1197 2315 1361 2378 babnille.

318 2416 415 2500 Quod
441 2414 493 2475 ille
526 2426 634 2474 utrum
667 2413 795 2496 posthac
821 2405 970 2476 abiecerit
1003 2415 1185 2487 confilium,
1223 2439 1267 2479 an
1293 2415 1360 2478 sato

317 2520 511 2597 interceptae
536 2529 646 2576 conata
672 2517 819 2597 perficere
850 2533 917 2576 non
946 2519 1105 2598 potuerit.
1142 2537 1181 2578 arr
1212 2519 1359 2598 deniqne

317 2637 400 2699 optta
418 2631 598 2698 temporum
619 2617 732 2680 iniuria
752 2617 963 2686 interciderit,
985 2619 1056 2699 qnia
1072 2619 1216 2681 divinare
1234 2614 1359 2703 ponit?

288 2771 292 2780 .
316 2738 365 2781 ro.
384 2735 462 2780 avo.
482 2731 685 2780 nvuutattve
704 2719 737 2778 t'n
754 2714 931 2804 prolufione
945 2709 1141 2808 scholastico
1156 2741 1182 2782 c.
1200 2721 1223 2783 s.
1265 2719 1356 2782 Nolo

317 2819 520 2890 diatmutare,
547 2837 599 2880 me
615 2821 710 2881 etiam
728 2819 806 2880 olim
831 2819 862 2878 in
878 2819 988 2880 eadem
1005 2819 1166 2890 sententia,
1191 2841 1255 2902 qua
1270 2821 1356 2902 Kap-

314 2923 405 3004 piue‚
435 2917 543 2990 suillo,
575 2921 613 2981 ad
636 2940 731 3002 qnam
753 2917 817 3000 ipse
840 2918 923 2980 Mela
946 2921 1101 2982 deducere
1125 2918 1236 3004 possit,
1272 2923 1357 2982 ‹lttm

316 3042 382 3103 cap.
405 3031 441 3098 4.
469 3020 533 3080 huc
554 3019 706 3102 respicere
722 3020 859 3082 videtur.
911 3022 952 3081 lit
971 3021 1118 3083 lubenter
1134 3023 1239 3085 victua
1263 3042 1355 3106 argu·

316 3135 500 3184 mentorum
521 3123 683 3205 gravitate.
712 3121 840 3204 fingulie
857 3124 1028 3186 accuratius
1050 3123 1216 3205 perpensis.
1251 3137 1353 3185 teme·

316 3225 389 3286 rarii
405 3235 436 3285 et
452 3222 533 3283 male
554 3224 721 3303 pertinacia
738 3221 797 3283 else
817 3226 943 3306 putavi,
972 3225 1092 3286 diutius
1109 3226 1153 3284 illi
1172 3225 1351 3292 inhaerere,

316 3339 371 3387 aut
390 3323 520 3409 argutiis
543 3321 675 3404 speciem
697 3323 897 3406 coloremque
914 3339 1047 3408 captare.
1100 3325 1277 3387 Moverunt
1297 3343 1351 3386 au·

318 3441 384 3488 tem
408 3427 502 3486 haec:
540 3425 629 3508 Quae
650 3439 807 3486 memorat
833 3426 934 3488 noller
956 3447 1022 3508 cap.
1044 3436 1078 3506 4.
1096 3423 1118 3490 s.
1146 3427 1293 3508 proxime
1315 3435 1349 3486 et

316 3529 412 3588 unice
427 3525 619 3607 respondent
634 3529 688 3596 iia,
720 3547 797 3607 quae
815 3525 844 3588 so
860 3529 893 3587 in
917 3527 979 3588 lroc
999 3527 1106 3590 libello
1128 3529 1348 3609 expositurum

316 3626 375 3690 else
398 3625 591 3708 promiserat.
642 3627 769 3709 Nempe
791 3631 896 3710 primo
917 3627 970 3689 hic
990 3642 1054 3690 erat
1073 3630 1213 3691 dicturae
1228 3629 1268 3692 de
1285 3625 1346 3688 sor·

315 3747 368 3791 ma
387 3729 518 3796 Totius.
549 3730 697 3790 maximia
728 3729 796 3791 eiua
821 3727 960 3810 partibus
986 3749 1155 3812 earumque
1179 3731 1288 3792 indole
1313 3739 1347 3790 et

317 3819 424 3898 cuitu.
452 3828 538 3908 quod
559 3825 637 3890 insra
658 3849 685 3892 c.
703 3829 724 3892 l.
749 3826 779 3890 se
794 3829 971 3911 praellitille
987 3833 1030 3892 ait
1041 3851 1140 3913 capp.
1160 3850 1190 3893 t.
1207 3846 1239 3892 a.
1259 3845 1291 3910 3.
1308 3841 1344 3903 4.

317 3931 414 4013 Quorl
437 3929 534 4012 igitur
555 3929 607 3989 bic
626 3928 668 3992 eil
688 3929 817 3999 deinde,
848 3949 904 4011 per
920 3951 1020 3994 netrua
1037 3933 1263 4002 mutationem,
1288 3928 1346 3989 ubi

314 4033 451 4114 primam
474 4025 615 4111 promiffi
634 4045 755 4112 partem
776 4043 938 4114 exegerat,
963 4030 1043 4094 insra
1064 4033 1107 4094 est
1127 4053 1226 4101 trane,
1252 4031 1345 4092 etita

317 4131 377 4196 elle
395 4130 459 4216 ipsa
479 4131 649 4194 earundem
670 4150 778 4195 rerum
801 4133 987 4216 explicatio,
1020 4135 1075 4200 etii
1091 4135 1217 4196 variatie
1237 4133 1344 4196 verbi·
