2756 4964
353 361 413 465 170
613 382 782 466 ,nocta
820 357 1124 443 axacarrcaa

349 560 483 624 alterum
500 555 687 639 Hipponem
708 557 853 620 conlocat
868 557 1086 621 Ptolemaeus.
1125 558 1165 622 At
1180 560 1259 621 illam
1276 549 1344 644 dape

236 677 240 692 ⁴
350 681 425 724 cum
440 661 558 744 palude
577 677 678 740 prope
692 660 818 720 Uticam
832 658 969 722 ostendit
984 661 1120 723 Diodor.
1142 679 1196 732 ao,
1213 671 1268 740 55.
1289 659 1345 719 und

349 763 466 846 duplex
487 762 538 822 illa
555 757 633 830 suit.
660 780 699 820 ex
715 760 835 822 indicio
857 761 955 822 etlam
979 762 1117 823 Diodori
1141 781 1196 832 tto.
1212 776 1267 840 57.
1311 762 1345 822 Sa

347 879 381 928 et
401 880 570 944 utramque
591 861 706 924 urbem
722 861 760 922 ab
779 863 894 924 vicinia
912 863 975 926 illia
998 865 1227 947 promontoriiq
1247 863 1345 924 bocru

349 987 426 1032 auen
449 965 592 1028 sortitum
615 961 692 1032 elle,
724 963 800 1026 iude
820 964 967 1046 adparere
989 967 1132 1036 videtur,
1159 965 1298 1046 doctique
1313 966 1345 1024 rit

347 1067 560 1130 contendunt.
615 1064 709 1126 Certe
722 1057 843 1130 ‘'ln-arou
867 1057 952 1152 ἄκρα
977 1066 1095 1146 Libyae
1118 1065 1192 1130 urbe
1215 1079 1332 1128 vocatur

347 1169 510 1251 Stephano
525 1165 558 1229 h.
580 1186 613 1228 v.
644 1185 661 1224 a
684 1186 744 1246 qua
766 1167 887 1228 incolae
907 1169 954 1228 illi
973 1162 1179 1254 ‘tnnaplnm
1208 1187 1284 1249 quot
1303 1186 1345 1228 cur

347 1268 548 1334 Uticenfibus
577 1267 744 1351 coniungit
769 1267 924 1347 Polybiua
953 1287 981 1338 ι,
1006 1285 1065 1344 70.
1089 1285 1149 1348 75.
1181 1269 1346 1349 Hippcgrel

348 1372 504 1453 adpellare
526 1369 656 1430 videtur
678 1369 840 1450 Appianua
863 1369 903 1432 de
922 1369 990 1432 reb.
1011 1371 1095 1432 Pun.
1112 1390 1179 1453 cap.
1200 1391 1276 1434 rto.
1296 1371 1346 1430 iutt

345 1475 472 1536 Uticam
493 1471 625 1553 quidem
650 1483 682 1531 et
703 1469 947 1555 Carthaginem,
980 1474 1067 1552 quod
1088 1484 1194 1534 tamen
1211 1473 1248 1533 ad
1266 1471 1346 1532 librar]

317 1561 468 1658 'lapsum
491 1573 544 1634 vel
570 1572 783 1634 temeritatem
809 1573 913 1634 reiicit
938 1571 1227 1658 Schweighaeuser.
1251 1573 1346 1650 Vola

345 1697 379 1761 p.
400 1686 487 1756 48⁰·
541 1674 601 1735 Sed
624 1675 713 1756 plura
731 1673 771 1733 de
792 1673 855 1735 boc
877 1673 999 1735 dabunt
1018 1674 1163 1738 Bochart.
1181 1677 1215 1736 in
1233 1675 1344 1736 Chanar

352 1799 382 1850 r,
400 1788 460 1857 24.
488 1789 521 1839 et
537 1773 719 1858 Walleling.
744 1775 782 1835 ad
805 1775 939 1836 Diodor.
958 1795 1003 1838 cc.
1025 1777 1058 1838 ll.
1086 1777 1142 1858 qui
1160 1777 1249 1838 limul
1265 1775 1346 1836 Berkt

343 1880 426 1944 lium
449 1877 488 1940 ad
511 1877 708 1958 Stephanum
732 1895 763 1958 p.
781 1885 868 1954 499.
891 1875 1023 1949 rehatat,
1056 1879 1108 1940 cul
1128 1878 1194 1941 duo
1217 1878 1347 1960 Hippone

344 1995 379 2044 et
398 1981 479 2042 duae
499 1979 697 2061 Hippuacrae
718 1974 807 2040 inille
828 1977 1030 2044 ridebantur.
1083 1979 1180 2042 Certe
1197 1980 1347 2061 Hipponet

344 2079 483 2148 leorlum
496 2093 655 2142 memorat
664 2079 930 2161 pollStephanua.
958 2080 1102 2143 Nostram
1112 2079 1227 2142 urbem
1241 2083 1280 2142 sac
1294 2079 1347 2160 laep

345 2183 529 2266 [impliciter
548 2195 584 2242 et
609 2182 694 2268 nude
713 2179 864 2263 produci,
894 2181 1005 2243 docuit
1025 2183 1295 2267 schweighauser.
1308 2181 1347 2242 c]

344 2286 431 2367 quod
463 2281 593 2364 quidem
621 2302 660 2344 ex
691 2301 776 2343 nexu
808 2283 904 2343 etiam
935 2282 1138 2346 diiudicatur.
1201 2285 1302 2346 Hodie
1331 2301 1346 2342 e

343 2387 475 2450 Bt'zerta
495 2397 646 2464 corrupto
668 2380 769 2464 prilco
791 2384 942 2452 nomine.
976 2405 1169 2465 quamquam
1195 2386 1311 2446 incolae
1334 2401 1346 2442 a

343 2485 476 2550 Arabico
496 2481 707 2544 Bur-Shertd
727 2484 748 2546 i.
769 2503 797 2546 e.
822 2485 907 2546 filius
929 2487 1042 2548 canalia
1069 2483 1091 2549 l'.
1112 2487 1205 2547 rivali
1227 2487 1348 2547 derivant

342 2589 417 2650 Vid.
437 2585 533 2646 Shaw
548 2603 575 2646 c.
591 2584 613 2646 l.
636 2598 671 2645 et
685 2585 795 2646 Poiret
810 2603 935 2670 voyage
949 2587 986 2650 P.
1001 2607 1032 2651 1.
1048 2607 1081 2669 p.
1101 2603 1182 2661 127.
1217 2586 1282 2671 lple
1297 2585 1348 2646 sinu

343 2689 420 2750 hinc
432 2677 532 2774 Golfo
546 2684 581 2746 di
594 2686 732 2748 Bizerta.
763 2687 895 2748 Tractus
909 2687 1067 2760 arenosus,
1083 2686 1137 2750 led
1153 2704 1260 2752 tamen
1275 2701 1348 2750 amot

342 2809 415 2852 uua.
441 2787 538 2852 Shaw
554 2789 594 2849 T.
618 2807 647 2850 t.
666 2807 699 2870 p.
720 2798 800 2864 ¹8¹·
822 2800 855 2850 et
869 2787 980 2850 Poiret
994 2807 1021 2853 c.
1037 2790 1059 2853 l.

419 2993 469 3054 Iar
495 2987 660 3071 altero)
698 2989 750 3052 Sic
766 3003 799 3052 et
814 2991 899 3055 Plio.
916 3001 949 3068 5,
969 3005 1001 3071 5.
1018 2990 1040 3056 l.
1054 3001 1089 3072 4.
1116 2994 1180 3057 Sed
1198 2993 1306 3056 Strabo
1320 3003 1348 3064 ιτ

343 3115 376 3180 p.
400 3108 485 3172 572.
512 3089 533 3154 l.
557 3101 642 3170 832.
672 3083 795 3155 κόλπον
821 3087 1092 3180 Καρχηδονιακὸν
1124 3109 1230 3158 vocat.
1286 3093 1348 3155 llun

325 3198 447 3258 ¹finum
467 3195 562 3256 etiam
584 3193 691 3254 innuit
707 3193 819 3272 Scylax
838 3212 866 3258 c.
888 3194 911 3257 l.
945 3195 1064 3279 quippe
1084 3196 1120 3257 iu
1139 3216 1205 3279 quo
1222 3195 1348 3276 Carthag

342 3297 502 3362 nienlium
522 3296 687 3378 regionem
707 3296 812 3376 pouit.
1166 3303 1173 3312 '

418 3495 576 3584 casira)
630 3496 722 3580 Quae
745 3494 875 3561 luerunt
903 3499 1019 3582 oppida
1046 3501 1145 3564 altero
1168 3503 1203 3564 iu
1225 3504 1290 3566 linu
1311 3499 1348 3560 fia

343 3598 460 3682 quibua
481 3600 638 3684 originem
655 3599 817 3661 dederunt
839 3599 930 3664 callra
945 3603 1180 3666 Romanorum.
1220 3607 1348 3666 llomau(

342 3719 415 3762 rum
430 3701 582 3762 nimirum
599 3699 689 3762 callra
704 3715 794 3762 eraut
811 3699 952 3773 hiberna,
972 3705 1097 3764 munita
1112 3717 1145 3766 et
1160 3705 1274 3766 ordine
1288 3699 1348 3761 insta

343 3802 489 3863 vicorum
511 3801 674 3870 inllructa.
707 3821 771 3882 quo
794 3803 997 3865 confluebant
1017 3819 1207 3868 mercatoree
1225 3821 1348 3868 commo

344 3903 468 3965 ciorum
490 3899 587 3964 musa.
640 3901 727 3966 llaec
742 3905 850 3966 multia
864 3903 948 3965 haud
966 3905 1160 3988 ignobilibus
1176 3907 1300 3986 oppidio
1315 3921 1347 3960 or

344 4005 455 4090 giuem
470 4003 646 4076 dederunt,
671 4023 750 4083 quae
766 4004 869 4084 pollac
885 4025 1005 4068 nomen
1023 4007 1150 4090 aliquod
1165 4011 1348 4070 retinnerunt

346 4119 515 4168 caecarat
536 4102 614 4169 MS.
664 4103 768 4170 cnon
788 4107 900 4172 multia
915 4107 1047 4174 urbibua
1062 4107 1169 4174 caulae
1184 4107 1345 4173 aruinum
