2922 4958
352 435 418 510 59⁴
623 423 784 484 NOTAE
825 423 1127 484 exacutum

358 606 453 669 dunt.
493 601 609 664 Utrum
631 597 783 664 Chaldaei
803 617 842 660 ex
864 597 1039 678 Babylonia
1062 597 1125 660 huc
1144 597 1393 682 commigrarinc

360 717 400 768 ut
423 705 536 766 docere
560 702 673 763 nititur
697 702 823 761 Ditmar
850 699 930 760 iiber
954 701 1008 762 daa
1033 699 1199 762 Vaterlsnd
1225 699 1284 761 der
1306 699 1394 762 Chal·

360 807 453 875 dier.
486 825 525 865 an
549 801 713 882 corruptio
733 799 872 884 adspersa
899 799 995 862 fuerit
1020 803 1165 874 nomini,
1198 801 1286 882 quod
1309 813 1396 882 putat

359 907 540 972 Eustathiua
555 907 592 966 arl
618 900 747 981 Dionys.
764 923 794 962 v.
811 904 896 979 768.
917 901 1051 962 dubium
1067 902 1120 967 eli.
1174 905 1298 967 Contra
1319 902 1396 963 banc

359 1009 540 1089 Chalybum
573 1019 687 1066 terram
720 999 966 1084 antiquilltmaru
996 1003 1230 1066 Chaldaeorum
1263 1005 1396 1086 patriam

357 1124 450 1197 putat
472 1107 638 1171 Michaelis
661 1107 694 1166 in
722 1103 881 1190 spicilegio
908 1105 1026 1190 Geogr.
1049 1105 1148 1167 Hebr.
1170 1106 1207 1168 Ρ.
1229 1123 1260 1169 o.
1284 1125 1319 1188 p.
1339 1119 1395 1178 77.

360 1213 419 1276 ubi
440 1224 473 1274 et
488 1209 552 1292 iqq.
576 1209 615 1270 de
632 1209 672 1270 iis
689 1207 784 1270 etiam
802 1227 818 1268 a
839 1205 979 1267 Forlloro
1002 1207 1124 1289 prolixe
1145 1209 1340 1290 exponitur,
1365 1219 1395 1268 et

361 1313 479 1396 duplex
494 1309 733 1372 indstaldaea
750 1308 960 1376 constituitur.
976 1309 1014 1368 ad
1031 1309 1186 1369 orientem
1204 1329 1278 1378 rana,
1301 1309 1394 1368 altera

361 1415 400 1478 ad
430 1416 574 1484 boream3
608 1411 664 1494 ipii
690 1411 802 1492 populi
829 1410 981 1470 Hebraeis
1006 1406 1077 1469 lunt
1099 1399 1243 1498 nlillln.
1296 1408 1393 1492 Quod

361 1517 475 1580 Strabo
498 1515 537 1575 de
560 1512 699 1573 nominis
722 1513 900 1572 mutatione
921 1509 1041 1572 obliare
1062 1511 1203 1580 videtur,
1236 1513 1279 1570 ita
1304 1511 1393 1570 illum

360 1617 469 1679 locum
496 1613 572 1675 iacta
595 1611 774 1672 inverlione
794 1612 888 1694 legit:
923 1609 952 1673 oi
977 1608 1033 1674 νῦν
1057 1607 1210 1688 Χάλυβες
1236 1605 1393 1672 Χαλδαῖοι

359 1713 400 1782 τὸ
431 1709 572 1778 παλαιὸν
606 1704 823 1800 ὠνομάζοντο,
857 1712 941 1793 quod
969 1711 1132 1774 Strabonis
1157 1725 1257 1776 aetate
1276 1711 1393 1790 Chaly-

361 1819 441 1880 bum
470 1835 589 1878 nomen
618 1817 725 1874 notius
751 1810 845 1874 fuerit
877 1825 910 1873 et
936 1812 1089 1876 ulitatiua.
1149 1814 1330 1896 Xenophon
1356 1815 1393 1875 da

362 1919 474 2002 erped.
499 1917 553 1977 lib.
574 1929 607 1991 7.
626 1929 703 1976 extr.
732 1927 902 1996 utrumque
923 1914 1081 1996 populum
1097 1915 1277 1998 dillinguit,
1309 1915 1393 1974 utin

359 2018 423 2106 ipis
441 2019 617 2080 narratione
634 2027 666 2094 5.
682 2025 715 2092 5,
739 2035 766 2077 ι.
782 2029 814 2076 et
828 2035 862 2095 9.
885 2018 1029 2076 vicinum
1047 2029 1152 2078 tamen
1168 2014 1252 2078 lacit.
1305 2015 1394 2076 Nihil

360 2143 457 2192 vero.
488 2138 548 2182 nec
570 2115 625 2179 niu
647 2117 790 2178 nominis
817 2114 932 2185 forma,
966 2116 1093 2178 differre
1118 2115 1221 2178 caniet
1245 2115 1395 2178 lilannert

363 2223 480 2306 Geogr.
506 2221 577 2282 Vol.
595 2219 628 2284 6.
655 2220 691 2280 P.
711 2235 743 2281 o.
768 2237 799 2298 p.
818 2228 861 2284 [aa
877 2237 904 2279 ι.
931 2231 963 2277 et
987 2219 1105 2280 Perfice
1130 2219 1307 2281 Chaldaeos
1335 2217 1394 2279 elle

361 2339 502 2387 vocatos.
539 2319 589 2384 Cf.
615 2319 812 2382 Conllantin.
836 2319 992 2400 Porpbyr.
1015 2319 1055 2380 de
1078 2319 1179 2382 them.
1203 2341 1231 2391 ι,
1247 2329 1280 2396 8.
1319 2319 1394 2381 Pro·

360 2423 480 2488 miscuo
513 2421 657 2484 adhiberi
691 2433 821 2502 coeptos
853 2419 1009 2498 Chalybes
1034 2432 1067 2482 et
1097 2419 1276 2484 Chaldaeos
1301 2423 1394 2482 docet

359 2523 521 2590 Plutarchi
540 2523 637 2591 locus,
663 2523 824 2604 magisque
839 2523 1037 2591 consumant,
1059 2541 1138 2602 quae
1157 2522 1393 2584 exauctoribus

359 2621 564 2689 innotescunt
580 2635 612 2683 et
627 2623 795 2691 declarant.
821 2621 888 2703 poll
902 2623 1035 2684 nomine
1051 2637 1212 2684 contracto
1227 2625 1392 2708 regionem

359 2729 477 2790 dicaam
495 2723 555 2787 elle
576 2717 740 2792 Xaldlnu.
774 2737 903 2806 gentem
925 2717 1091 2797 Χᾰλδους,
1119 2725 1159 2785 de
1180 2742 1245 2806 quo
1267 2723 1394 2786 consule

359 2827 561 2891 Eustatbium
577 2843 601 2885 c.
620 2825 639 2886 l.
665 2837 696 2884 et
713 2825 745 2884 in
768 2826 879 2906 primis
895 2823 1093 2888 Constantio.
1109 2825 1309 2909 Porphyrog.
1325 2845 1353 2886 c.
1370 2827 1393 2888 Ι.

360 2929 449 2992 Hinc
465 2943 498 2989 et
517 2925 635 3010 Geogr.
658 2927 803 2988 Ravenn.
821 2941 853 2995 Ω,
882 2925 934 2989 ι6.
961 2927 1014 2988 hic
1034 2928 1127 3008 pouit
1146 2929 1276 3008 patriam
1301 2925 1395 2988 Chal·

360 3031 523 3092 daeoruru.
589 3027 813 3090 Constantinus
849 3024 970 3088 caulam
1003 3028 1145 3090 nominis
1186 3047 1202 3089 a
1234 3028 1394 3104 Samariae

360 3144 468 3214 captae
492 3129 604 3192 incolis
628 3130 734 3197 ducit,
759 3146 841 3210 quoa
863 3127 925 3188 huc
946 3127 1278 3208 deduxerintllffyrii.
1312 3127 1393 3190 [ama

273 3241 276 3254 '
359 3229 607 3313 scripturatelle.
640 3227 1054 3312 cr.2.1teg.17.2-6.
1088 3241 1309 3309 18‚9—1a.
1344 3231 1394 3290 Ex

359 3333 604 3418 migrationibus
622 3345 653 3391 et
669 3329 941 3392 commistionibus
963 3329 1097 3409 explicat
1117 3331 1212 3392 etiam
1235 3329 1392 3414 Upbagen

360 3435 396 3495 in
418 3453 538 3516 parerg.
559 3431 664 3493 bilior.
684 3451 714 3513 p.
730 3452 775 3493 m.
799 3439 877 3510 147.
902 3459 950 3474 -
990 3431 1052 3490 Sed
1073 3431 1112 3492 de
1133 3429 1257 3492 sedibus
1275 3431 1390 3512 aliqua.

360 3535 543 3597 Herodotus
565 3553 591 3601 a.
613 3544 671 3610 28.
699 3531 843 3593 conlocat
863 3533 947 3594 inter
964 3530 1189 3611 Mariandynus
1209 3545 1243 3592 et
1258 3530 1392 3612 l'apbla·

359 3653 478 3722 gones;
506 3631 554 3694 led
571 3635 674 3714 paullo
690 3635 722 3692 id
739 3633 843 3694 latius.
893 3633 936 3694 Er
956 3631 994 3692 fic
1008 3632 1103 3692 multi
1118 3633 1180 3701 alii,
1202 3629 1390 3713 posteriores

357 3737 506 3806 maxime,
536 3735 671 3794 omniuo
695 3734 859 3794 Ponticam
882 3745 1011 3815 gentem
1033 3733 1199 3814 adpellant.
1223 3745 1259 3792 ut
1280 3733 1390 3796 Schol.

358 3839 468 3920 Eurip.
491 3836 528 3898 ad
547 3835 612 3897 Alc.
636 3855 667 3896 v.
687 3845 771 3915 933.
802 3833 913 3894 Vibius
934 3835 1026 3914 Sequ.
1050 3854 1080 3915 p.
1102 3843 1159 3916 34.
1210 3833 1309 3918 Quod
1334 3833 1391 3896 etii

357 3943 492 4004 omnino
510 3955 621 3998 verum
643 3935 700 4006 est.
732 3935 865 4019 propius
886 3948 992 3996 mutan
1011 3934 1064 3996 alii
1083 3934 1124 3995 ita
1141 3934 1322 4018 designant.
1353 3949 1392 3996 ut

357 4061 467 4123 parurn
488 4037 607 4100 {labiles
623 4034 711 4099 inille
733 4037 887 4118 adpareat.
940 4035 1026 4098 Ultra
1043 4036 1156 4114 Halym
1180 4038 1267 4096 enim
1293 4039 1391 4120 drgo·

351 4151 520 4204 stantarum
538 4153 682 4220 tempore
698 4139 737 4200 sd
753 4137 996 4200 Thermodonta
1012 4149 1045 4199 et
1058 4138 1257 4200 Amazonum
1273 4150 1390 4200 terram
