2764 4954
137 301 147 318 ’
189 351 239 412 rn
267 353 400 412 rona
436 351 544 408 nar.
585 350 665 408 ur
709 349 815 410 arx.
854 349 936 422 ις.
1022 355 1085 430 ⁸⁷9

73 521 194 588 narratio
210 539 279 588 erat
289 523 331 586 de
345 524 465 605 Alpheo
482 543 589 586 amne.
613 521 671 602 [ci.
690 541 724 594 a.
739 537 774 602 3,
793 525 864 606 16.]
906 517 962 588 Sic
979 521 1082 604 Tigrir

73 626 143 710 apud
161 623 269 688 lustin.
289 623 346 688 lib.
361 637 422 704 43.
445 625 528 705 [ιἰα,
548 639 582 706 3,
604 617 680 712 rr.]
711 621 802 688 etin
825 637 920 686 antro
946 623 1082 708 Corycia
1118 647 1122 654 ·

70 748 131 790 ιοοιι
151 749 219 811 cap.
241 741 294 804 13.
316 727 382 790 hoe
403 721 510 810 ipsum
533 722 691 814 arripuit,
724 723 815 812 quud
836 721 983 810 potuerit
1001 743 1080 788 eun·

67 825 152 911 tigilie
171 829 227 890 sub
248 827 384 892 Oceano
403 823 600 890 meridiano.
635 847 659 890 ι.
682 845 880 890 unonovrvt
897 825 976 890 MS.
1024 821 1078 890 Cf.

15 987 16 990 ,
67 929 171 992 Seneca
190 929 265 992 Nat.
283 929 349 1014 Qu.
367 943 401 1005 3,
425 929 482 993 26.
514 923 668 992 Aristiden
691 929 792 992 Tom.
811 945 843 991 a.
866 949 900 1012 p.
925 941 1011 1006 339.
1036 927 1080 990 sre

64 1027 149 1096 ridet:
177 1024 212 1094 ἔκ
226 1027 295 1096 τῶν
311 1023 500 1118 ιἰτορῥὴτων
515 1023 626 1096 τότων
641 1028 700 1114 τῆς
715 1026 900 1120 οἰκουμένης
918 1017 1080 1117 ὖτόιρχιιν

65 1121 144 1214 αὐτῷ
163 1127 222 1218 τὴν
246 1125 404 1202 ἐπίδοσιν,
431 1123 539 1218 ὥσπερ
563 1127 779 1218 σοφιζόμενον
803 1126 862 1196 τόν
886 1125 1024 1202 Νεῖλον,
1056 1121 1079 1218 ’i

15 1263 16 1306 ι
64 1227 232 1312 δεδοικότα,
258 1226 307 1320 pt,
327 1229 420 1318 φανῇ
442 1225 494 1294 διό
515 1229 617 1298 τοῦτο
639 1218 872 1322 αὐξανόμενος.
913 1229 964 1294 Aa
983 1249 1077 1314 argu·

15 1313 16 1406 i
63 1330 110 1394 tiaa
137 1329 301 1396 convertit
333 1329 549 1394 Wendeliuua
585 1331 627 1394 de
661 1329 863 1397 admirandis
887 1327 958 1398 Nili
979 1341 1016 1412 lp,
1045 1352 1076 1394 ι.

63 1433 134 1520 quod
153 1437 194 1498 fic
214 1431 272 1496 die
296 1434 389 1498 suuni
410 1447 444 1495 et
462 1448 561 1498 noete
581 1431 723 1500 fruatur.

201 1637 233 1718 5.
262 1649 298 1716 5.
349 1632 576 1718 Chemmis)
637 1637 686 1700 Ita
719 1655 853 1722 quoqne
883 1634 1074 1700 Herodotus

59 1736 102 1816 [n
122 1739 223 1820 156.]
243 1735 385 1800 insulam
405 1739 493 1800 hanc
511 1737 671 1822 adpellem
706 1741 889 1800 Hecataeus
907 1733 1074 1801 Chembiu

14 1833 15 1874 i
59 1833 85 1896 in
98 1841 164 1900 loco
181 1835 343 1922 Stephani
365 1837 407 1918 [s.
423 1861 456 1900 v.
472 1835 616 1928 Χέμμις]
637 1835 683 1901 ita
702 1838 861 1922 legendo:
885 1835 939 1903 Ἐν
953 1833 1078 1904 Βουτοῖ

59 1937 159 2022 [vulgo
178 1931 338 2022 Βοότοις]
368 1933 438 2028 rapi
466 1932 507 2005 ri
530 1936 613 2028 ἱερόν
643 1940 702 2026 τῆς
729 1935 856 2025 Λητοῦς
884 1933 954 2004 iuri
979 1939 1075 2024 νῆσος

57 2038 158 2128 Χὲμβις
179 2033 306 2132 ὄνομα,
339 2035 392 2129 ἱρός
412 2037 473 2106 τοῦ
493 2035 713 2116 Ἀπόλλωνος.
758 2033 854 2104 Ἔστι
882 2035 915 2104 δὲ
939 2034 959 2126 >3
981 2038 1076 2126 νῆσος

58 2139 193 2230 μεταρσία
233 2135 292 2205 καὶ
325 2137 475 2232 reperiri
503 2135 553 2204 ἐντὶ
586 2139 647 2207 τοῦ
682 2135 802 2218 ὕδατος
833 2133 889 2205 καὶ
924 2137 1074 2206 κινέεται.

58 2239 158 2326 [rugo
188 2241 359 2324 κινεῖται]
415 2239 487 2306 Alia
510 2241 554 2304 est
576 2240 763 2316 Chemmis,
797 2237 942 2329 quaein
962 2240 1073 2304 Nemo

58 2341 207 2406 Thebaico
225 2337 284 2406 srta
299 2358 386 2424 erat,
412 2364 578 2429 quamque
595 2341 708 2421 Πανός
725 2337 822 2410 πόλιν
840 2341 1075 2428 interpretatur

12 2475 13 2518 ι
57 2441 202 2506 Diodorus
229 2441 374 2508 Siculus.
404 2445 462 2524 [ι,
487 2447 565 2528 ι8.]
616 2441 843 2508 Meminerant
867 2442 968 2508 huius
995 2465 1075 2508 eum

12 2521 13 2594 i
58 2541 114 2616 nii,
138 2561 208 2608 turn
229 2544 300 2628 ipse
319 2565 452 2630 qnoque
472 2545 672 2608 Herodotus.
693 2547 750 2626 [9,
768 2549 850 2628 9ι.]
873 2547 1072 2610 Plutarchua
1203 2545 1206 2556 ⁴

12 2671 13 2724 ι
57 2639 82 2704 in
97 2645 199 2708 libello
218 2647 264 2707 de
280 2646 361 2708 lsrde
378 2662 411 2710 et
426 2643 552 2710 ostride
572 2647 631 2730 [p.
643 2657 729 2727 4⁰5·
751 2649 820 2708 Vol.
838 2661 871 2724 7.
893 2649 944 2710 ed.
961 2644 1071 2731 Lipt]
1146 2701 1152 2714 .

12 2761 13 2822 ἴ
56 2765 205 2830 perperam
223 2744 333 2812 Χὲννιν
353 2764 459 2812 vocat.
498 2749 684 2831 Stephanus
699 2769 739 2808 ex
754 2744 950 2810 anctoritate
966 2749 1070 2810 Here·

57 2845 111 2909 doti
125 2865 155 2912 et
168 2851 260 2912 hanc
275 2867 407 2933 quoqne
422 2847 564 2912 insulam
579 2847 639 2910 effe
653 2845 780 2933 inquit:
805 2841 906 2915 Ἔστι
920 2843 978 2914 καί
990 2845 1073 2938 Χέμ-

56 2969 94 3032 μις
109 2944 196 3028 πόλις
216 2943 357 3039 μεγάλη
374 2943 476 3038 νόμον
497 2945 558 3014 τοῦ
582 2947 753 3034 Θηβαϊκοῦ
779 2943 878 3034 ἐγγὺς
901 2949 959 3034 τῆς
982 2947 1073 3026 Νόας

57 3043 156 3127 τόλιος.
208 3045 294 3137 Φησὶ
314 3047 340 3114 δ’
357 3045 373 3114 ό
391 3041 492 3126 οὗτός
509 3044 564 3114 καὶ
578 3051 672 3137 νῆσον
690 3041 774 3116 εἶναι
785 3047 908 3140 Χέμμιν
924 3047 955 3116 ἐν
970 3039 1076 3140 αὐτῇ.

57 3147 105 3210 Sed
125 3172 290 3238 nusquam
307 3153 373 3216 hoc
387 3149 574 3238 Herodotus
594 3147 716 3234 prodit.
768 3153 882 3236 ltaque
897 3151 986 3235 apud
999 3153 1070 3214 Ste-

57 3249 181 3330 phanum
206 3253 388 3338 legendum
413 3247 443 3316 ἐν
469 3251 606 3325 Βουτοῖ,
639 3271 708 3316 non
733 3247 764 3316 ἐν
791 3249 889 3338 αὐτῇ.
926 3271 1069 3320 voretur.

57 3349 221 3419 Hulstenine
235 3354 280 3416 ad
295 3355 449 3438 Stephan.
461 3375 494 3436 p.
505 3366 588 3432 355.
606 3347 637 3418 ἐν
654 3349 742 3440 αότῆ
756 3353 797 3416 ic.
809 3342 968 3438 Αἰγύπτῳ
983 3355 1070 3418 bene

58 3453 186 3536 explieat.
234 3451 360 3545 Χέμμιν
384 3449 494 3545 ιιόομιςν
514 3455 556 3516 ad
577 3452 692 3518 Nilum
709 3470 948 3517 commemorat
969 3451 1071 3520 etiam

57 3551 205 3621 Heliodor.
220 3553 260 3619 in
274 3553 427 3640 Aethiop.
445 3574 478 3618 a.
496 3577 532 3640 p.¹
546 3570 606 3636 93.
633 3555 829 3634 (Bourdel.)
867 3555 933 3618 Sed
947 3557 1012 3619 hoc
1027 3555 1071 3620 ad

56 3653 169 3733 urbem,
195 3677 298 3743 quam
313 3654 370 3720 alii
385 3672 517 3732 vocant²
539 3653 693 3741 pertinet,
717 3656 758 3718 de
772 3677 836 3742 qua
852 3655 894 3721 ei.
913 3659 1068 3724 Larcher.

59 3753 90 3813 td
106 3759 257 3823 Herodot.
278 3778 311 3832 n,
329 3777 389 3840 91.
432 3757 475 3822 H.
491 3758 604 3821 Akmin
625 3757 646 3820 s.
671 3757 801 3830 Ekmirr,
833 3761 886 3820 vel
906 3761 948 3823 ch
967 3759 1071 3844 prole

59 3852 125 3921 aliia.
169 3863 291 3924 Denou
315 3857 410 3922 Reise
435 3880 468 3944 p.
491 3869 575 3940 341.
600 3859 752 3932 Aelamitae
784 3856 927 3922 Sonuini
949 3858 1068 3924 Reisen

59 3952 89 4018 Τ.
104 3975 133 4022 ο.
147 3983 179 4045 p.
196 3972 279 4042 244.
300 3961 492 4026 Echmr'mm.
535 3959 588 4027 cf.
606 3955 775 4025 lablonslri
791 3956 827 4022 iu
842 3959 992 4026 Pantheo
1007 3964 1068 4028 Ae.

59 4057 175 4142 gyptior.
191 4065 233 4144 Τ.
253 4087 283 4128 a·
301 4085 334 4150 p·
353 4081 423 4145 29⁰
439 4061 506 4149 s‘i‘l·
