2764 4954
159 412 369 472 nerone.
396 410 506 468 uer..
547 409 628 466 nr.
671 407 781 468 cut
823 408 902 480 se.
987 417 1047 484 aar

47 590 107 649 lectt
122 585 285 672 prostent.)
322 581 391 670 Qui
413 579 448 644 in
464 577 600 646 Graecis
623 581 807 655 subsistunt,
834 577 1051 646 Grammatici

47 685 191 770 inprimis
213 684 348 758 Graeci,
382 700 502 769 petunt
526 705 543 746 a
567 677 684 772 πυρὸς,
720 685 808 770 quast
832 683 988 768 Iosephus
1009 681 1052 746 iis

47 793 117 850 relut
134 785 287 873 grartariis
309 787 385 848 usus
409 783 528 858 suerit,
559 787 735 870 (Stephon.
752 787 784 850 h.
800 807 831 848 v.
847 787 989 866 Etymol.
1005 786 1052 849 M.

46 913 69 974 p.
82 893 170 970 697.)
195 889 285 976 quod
305 909 369 950 nec
391 884 618 950 exstructionis
635 885 819 972 impensae,
844 907 907 950 nec
922 903 1054 972 tempus

47 992 182 1066 admittit;
207 994 260 1053 vel
275 1011 293 1051 a
307 989 390 1077 πῦρ,
411 988 502 1075 quod
518 989 559 1050 ad
574 986 660 1073 ignis
676 987 817 1074 speciem
834 989 1055 1052 adtenuentur
1126 1047 1128 1054 .

45 1090 72 1152 in
84 1113 203 1154 conum.
230 1089 406 1170 (Ammian.
422 1087 607 1154 Marcellin.
625 1109 684 1162 ee,
705 1095 774 1169 15.)
807 1091 905 1154 Plura
922 1091 964 1152 ad
980 1095 1054 1154 slm-

45 1193 125 1256 nian.
140 1215 167 1257 c.
180 1197 202 1256 l.
221 1191 314 1255 dabit
326 1197 479 1276 Wagner.
497 1189 635 1254 Allatius
650 1193 691 1254 ad
704 1189 882 1256 Philonem
895 1191 937 1254 de
955 1209 975 1268 7
994 1189 1055 1254 nti·

45 1294 141 1357 reculis
161 1319 192 1380 p.
214 1297 324 1374 2654.
349 1290 402 1371 (in
428 1296 574 1358 Gronov.
598 1294 676 1356 thes.
700 1295 770 1356 Vol.
788 1299 842 1375 8.)
876 1295 991 1374 sieyne
1015 1293 1058 1356 ad

46 1395 160 1458 Guthrie
175 1395 247 1459 hist.
263 1397 333 1457 Vol.
355 1417 383 1457 t.
410 1411 448 1458 ut
467 1411 668 1479 praeteream
687 1393 780 1458 alios.
823 1395 873 1458 Ad
887 1393 1057 1480 Aegyptia·

46 1517 102 1558 tant
119 1495 279 1582 originem
299 1513 474 1558 revocatur
489 1494 612 1559 verius.
651 1495 754 1560 sicet
772 1497 812 1558 de
829 1495 1058 1560 conditoribus

45 1597 116 1660 ntia
129 1600 314 1670 traduntur,
334 1601 446 1683 quales
463 1597 538 1661 sunt
553 1590 728 1691 Israelitae,
744 1599 917 1683 (Iosephus
932 1596 1068 1692 antiqu.

9 1779 10 1784 ἵ
46 1697 197 1782 ludaico,
219 1719 257 1782 9,
284 1723 312 1761 ι.
346 1697 387 1760 cs.
409 1696 564 1764 Perizon.
586 1697 715 1784 Origin.
734 1693 869 1784 Aegypt.
890 1721 961 1786 cap.
981 1705 1060 1779 ot.)

46 1793 177 1892 Iosephus
223 1795 427 1885 (Etymol'og.
442 1802 489 1864 M.
506 1821 534 1864 c.
552 1803 595 1880 l.)
627 1817 661 1864 at
678 1800 815 1864 fuerunt
831 1823 871 1864 ex
892 1802 965 1864 saxo
984 1801 1061 1864 stru·

9 1949 10 1978 q
46 1919 114 1976 cue,
145 1923 224 1966 eum
247 1899 412 1964 Israelitae
435 1905 561 1986 tegulas
581 1919 710 1966 tanturn
733 1918 766 1966 et
783 1903 896 1966 asseres
918 1923 1061 1986 coquere

9 2011 11 2100 p
47 2021 236 2086 cogerentur,
275 2018 308 2065 et
329 2000 365 2064 in
386 2004 523 2089 losepho
542 2002 606 2066 alia
626 2005 720 2090 supra
736 2021 993 2068 commemorata
1013 2025 1062 2065 re-

9 2101 11 2146 t
46 2121 187 2188 pugnant;
214 2102 357 2188 Aegypti
366 2125 469 2188 reges,
486 2103 520 2167 in
537 2103 580 2168 iis
590 2107 721 2178 Moeris,
737 2107 908 2184 (Herodot.
922 2125 953 2176 o,
970 2110 1063 2184 101.)

49 2207 161 2288 epops,
183 2206 292 2286 (idem
305 2224 336 2278 u,
352 2211 445 2287 124.)
470 2207 638 2271 Chemmis.
664 2205 928 2286 (Diodor.Sicul.
948 2231 977 2278 ι.
991 2209 1063 2285 63.)

47 2307 119 2370 llaec
131 2307 270 2394 quidem
289 2308 329 2368 de
351 2307 494 2370 maxima
515 2309 556 2370 ad
571 2310 705 2372 Melam.
742 2311 826 2372 Nam
841 2307 920 2371 alias
938 2307 994 2370 alii
1012 2329 1065 2370 ex-

49 2405 219 2473 struxerunt.
273 2407 424 2492 Aegyptii
441 2425 551 2486 tamen
568 2409 669 2472 hodie
687 2407 833 2494 gigantes
849 2408 974 2474 iactant
989 2431 1066 2474 con·

9 2541 10 2550 2
50 2505 169 2584 ditores,
196 2531 301 2597 quam
322 2509 467 2572 fabulam
485 2513 619 2594 explosit
639 2513 776 2574 Norden
792 2535 824 2597 p.
846 2515 909 2578 161
934 2513 976 2598 sq.
1017 2515 1066 2574 lta

9 2661 11 2740 q
50 2607 167 2674 enimin
185 2607 286 2674 vastia
305 2609 482 2696 arduisque
499 2609 643 2676 molibus
662 2629 695 2676 et
714 2612 874 2678 aedificiis
895 2615 935 2676 ad
955 2611 1067 2698 gigan-

9 2745 11 2800 ,
50 2723 100 2781 tes,
121 2717 170 2775 vel
186 2715 342 2795 cyclopes
360 2713 539 2798 confugere
557 2715 678 2784 solent,
705 2715 746 2776 de
762 2737 827 2802 qno
842 2715 883 2778 cs.
899 2713 1068 2778 Wincltcl·

9 2801 10 2864 l
50 2831 128 2875 nnnn
151 2817 235 2878 iiber
264 2811 319 2875 die
342 2815 511 2877 Baukunll
536 2815 594 2876 der
618 2819 712 2878 Alten
740 2839 771 2900 p.
795 2841 849 2879 ιι.
889 2814 1068 2879 AliasAra·
1113 2837 1119 2847 ·

9 2919 10 2996 j
51 2911 111 2976 butu
131 2933 163 2978 et
186 2912 410 2999 Copticorum
436 2913 611 2999 opiniones
640 2919 786 2981 recenset
807 2920 943 3002 Allgem.
968 2919 1069 2980 Welt·

9 3089 10 3100 ἵ
52 3013 144 3078 oetch.
157 3019 228 3080 Vol.
254 3040 283 3078 1.
305 3037 337 3100 p.
350 3029 432 3094 387.
465 3019 581 3102 Neque
596 3016 653 3081 hic
670 3017 848 3102 praeterire
865 3020 969 3080 debeo
988 3019 1069 3080 duas

52 3113 224 3195 opiniones,
263 3137 343 3202 quas
366 3115 532 3181 recentior
557 3135 646 3182 aetas
675 3118 761 3182 tulit.
810 3121 938 3204 Nempe
962 3123 1070 3185 Bruce

9 3251 10 3254 =
52 3215 146 3281 lleisen
162 3223 203 3282 T.
227 3243 259 3281 1.
275 3241 308 3302 p.
331 3222 410 3284 106.
428 3217 556 3282 nativas
570 3241 669 3306 rupee
687 3217 768 3282 olim
784 3219 877 3282 fuisse
891 3237 994 3304 putat.
1013 3223 1071 3281 ho·

52 3315 159 3382 ninum
191 3339 296 3406 opera
323 3319 364 3380 ad
391 3319 588 3384 hodiernam
622 3321 762 3384 sormam
788 3319 927 3397 excisas;
968 3317 1072 3383 Witte

54 3419 220 3492 (ilerden
249 3401 416 3506 ilrsprnng
439 3422 497 3484 der
517 3420 717 3503 Pyramiden
741 3445 773 3508 p.
802 3443 846 3488 uo
867 3425 952 3509 sqq.)
985 3422 1072 3486 facta

55 3531 139 3584 terroe
165 3523 377 3586 concussione
403 3521 438 3584 in
466 3527 569 3586 altum
596 3525 738 3587 extrusas
763 3521 855 3586 soille
880 3523 1013 3608 operose
1041 3539 1072 3585 et

57 3621 192 3687 stmilibus
215 3621 377 3708 exemplis
399 3625 561 3688 adstruere
583 3621 719 3702 nititur;
754 3625 914 3688 refutatus
935 3641 968 3687 et
990 3621 1074 3688 deri·

58 3719 111 3796 sus,
139 3727 159 3786 st
181 3723 266 3788 serio
291 3721 348 3787 illa
369 3723 549 3811 scripserit,
586 3747 604 3789 a
625 3725 776 3796 Niebuhr
797 3724 834 3788 in
857 3727 933 3788 dem
956 3727 1075 3790 Neuen

57 3821 223 3896 Deutsclten
246 3826 398 3890 Mulsum
422 3849 473 3890 an.
505 3845 609 3909 1790.
634 3829 670 3890 P.
694 3851 747 3892 to.
774 3849 807 3911 p.
825 3829 896 3907 963
920 3827 985 3912 sqq.
1039 3825 1076 3890 si

58 3935 167 4010 tempus
182 3928 345 4013 spectetur
361 3927 516 4013 propius,
543 3933 628 3992 ultra
644 3927 946 4012 Hieroglyphorunt
960 3926 1074 3992 iuven·

58 4019 166 4092 tionem
195 4027 235 4092 id
259 4029 496 4120 proferendum
525 4045 620 4118 putat
644 4031 783 4096 Norden
806 4025 901 4094 Reise
929 4051 962 4116 p.
995 4037 1074 4111 ι54μ
