2892 4950
220 340 271 400 ru
299 339 435 398 rous.
464 341 573 398 nur.
613 341 695 398 ut.
739 340 885 402 cxvu.
924 338 1005 408 t...
1066 341 1131 410 435

86 511 162 598 ipse
183 526 278 574 antea
301 531 371 595 cap.
389 521 424 588 5,
446 529 476 576 o.
499 515 540 577 stc
562 510 719 598 explicat,
756 527 793 574 ut
817 510 997 574 Maeander
1019 507 1129 572 subter

84 633 183 676 mare
206 613 369 696 depressus
393 605 524 676 alveum
551 635 590 676 eo
615 630 688 698 agat
714 630 748 678 et
772 613 915 697 Asopum
942 607 1126 696 progignat.

85 717 142 776 De
162 710 235 774 eius
257 714 352 776 cursu
368 711 497 776 Plinius
512 716 594 778 haec
611 716 726 778 habet:
761 716 809 776 ita
829 709 963 806 stnuofis
976 705 1129 800 flauas.

87 829 127 878 ut
143 807 244 906 saepe
267 815 415 876 credatur
437 818 568 910 revertir
615 837 699 902 quae
726 830 840 898 argute
864 809 1011 876 excoluit
1029 805 1127 875 Orici.

88 918 229 980 Metam.
248 927 283 991 8,
305 917 371 978 162
389 915 454 1000 sqq.
488 913 625 1001 eiusque
648 904 795 980 imitator
817 917 942 978 Seneca
968 912 1006 978 in
1029 913 1127 975 Herc.

88 1017 156 1080 sur.
181 1019 267 1094 683.
318 1013 406 1078 Hinc
431 1015 589 1081 bicor-nius
608 1035 747 1082 vocatur
769 1019 809 1080 ab
830 1013 969 1080 Aethico
992 1035 1027 1100 p.
1044 1029 1127 1091 720.

89 1119 165 1200 (ed.
186 1119 308 1196 Gron.)
332 1115 422 1208 quast
432 1115 507 1210 fine
523 1119 586 1180 dno
608 1121 781 1200 redigentes
793 1108 833 1212 fi
853 1120 885 1180 in
905 1139 1011 1180 unum.
1063 1111 1129 1176 Sed

90 1217 150 1281 cui
172 1219 277 1279 flexus
300 1237 368 1279 non
393 1217 591 1282 surrttlicti‘?
643 1219 715 1282 Vid.
746 1239 828 1304 quos
858 1216 1033 1280 nominant
1054 1233 1129 1298 pro·

90 1317 204 1382 ductis
219 1315 320 1381 etiam
337 1316 438 1408 aliqui
454 1336 626 1382 auctorum
648 1317 757 1383 verbis
775 1317 923 1383 Oberlin.
940 1318 982 1382 ad
996 1313 1131 1382 Vibium

88 1445 123 1506 p.
149 1431 231 1500 144.
264 1421 418 1482 Bochart.
439 1418 475 1482 in
493 1423 615 1505 Phaleg
633 1442 664 1494 e,
687 1441 740 1484 re.
773 1421 982 1484 Hosmauuus
1000 1417 1043 1480 ad
1060 1437 1130 1480 ors·

91 1525 171 1584 cula
187 1519 299 1601 Sibyll.
317 1533 431 1605 P·5¹8
442 1522 485 1607 sq.
511 1539 543 1584 et
560 1545 665 1608 nuper
676 1520 795 1586 Barbis
810 1519 845 1584 in
862 1517 1017 1605 ruagauin
1034 1539 1129 1596 ency-

91 1621 294 1706 clopedique
318 1620 422 1683 nnne'e
442 1642 472 1684 e.
494 1625 533 1685 T.
555 1635 716 1702 4.n.13.
738 1646 770 1706 p.
787 1635 844 1704 74.
896 1619 983 1684 Hinc
1004 1612 1132 1686 σκολιά·

90 1746 191 1818 sprec
217 1743 332 1784 omues
365 1721 549 1812 Moiuvdpot
575 1726 795 1796 vocabantur,
821 1724 1003 1802 (Straboc.
1021 1724 1042 1783 l.
1078 1719 1130 1784 cf.

90 1821 210 1908 Virgil.
228 1826 308 1886 Aen.
320 1836 354 1902 5,
374 1830 475 1904 251.)
501 1841 534 1886 et
550 1827 674 1888 Seneca
690 1823 778 1908 epist.
797 1835 877 1905 104.
892 1845 936 1885 m.
957 1837 1132 1910 poetarum

92 1922 251 1990 omnimn
276 1921 545 1988 exercitationem
571 1943 604 1988 et
633 1927 750 1990 ludum
776 1946 853 1988 cum
883 1944 922 1988 eo
953 1935 1131 2008 comparat.

93 2027 147 2092 Cf.
173 2023 274 2087 etiam
292 2022 410 2088 Cicero
435 2023 472 2088 in
492 2024 600 2090 Pison.
624 2049 652 2094 c.
672 2045 728 2088 eo.
759 2042 791 2089 et
807 2026 958 2088 Erasmus
980 2021 1016 2086 in
1039 2023 1131 2106 adag.

92 2141 128 2210 4,
156 2150 212 2199 ro,
236 2137 295 2204 58.
346 2128 542 2190 Flexuosum
566 2113 770 2190 autem'eius
792 2127 922 2192 cursum
943 2143 1133 2209 vagumque

93 2225 355 2310 descripserunt,
387 2231 442 2290 vel
467 2226 502 2290 in
535 2231 645 2291 tabula
681 2231 883 2314 proposrtum
912 2224 1134 2289 exhibuerunt

92 2332 252 2400 Wheler,
274 2331 304 2390 le
321 2331 449 2406 Bruyn‚
474 2329 649 2392 Chandler.
694 2327 903 2394 Hodiernum
925 2348 1046 2391 nomeu
1070 2324 1133 2388 ser·

94 2448 152 2496 tur
169 2431 328 2500 Met'nder,
352 2429 491 2501 Mioder,
515 2427 634 2495 Turcis
655 2430 777 2520 Bojuelr
795 2431 934 2494 Mtnder.
956 2479 959 2492 .
986 2425 1134 2516 Quidam

93 2532 220 2600 Modre
239 2531 373 2603 volunt,
400 2545 438 2592 ut
454 2528 621 2592 Ferrarius
642 2528 677 2595 in
694 2535 771 2596 Lex.
789 2534 906 2616 Geogr.
920 2533 953 2595 h.
968 2553 999 2592 v.
1022 2544 1133 2592 aucto·

96 2653 152 2698 res
167 2628 342 2715 Anglicani
365 2627 516 2693 historiae
536 2627 728 2696 universalis
745 2634 785 2696 T.
805 2652 835 2696 e.
855 2655 887 2716 p.
907 2641 987 2709 104.
1010 2629 1134 2702 ,Minds

97 2736 285 2817 adpellatur
299 2729 416 2794 iamin
433 2733 496 2794 tab.
513 2729 663 2816 Peuting.
681 2752 716 2814 9.
729 2737 770 2800 E.
798 2731 863 2798 Atii
878 2731 984 2818 prisco
997 2728 1135 2798 nomine

98 2835 270 2918 adferunt,
293 2849 331 2916 ut
344 2828 498 2896 Pococke
514 2835 554 2895 T.
566 2850 598 2910 3.
615 2856 647 2922 p.
659 2819 717 2911 5o.
740 2847 806 2912 115
824 2833 866 2920 sq.
890 2837 997 2897 Lucas
1009 2851 1136 2916 voyage

99 2939 185 3033 dans
202 2939 233 3000 la
250 2929 353 2998 Grice
371 2969 420 2984 -
443 2937 482 2999 T.
503 2959 531 3000 r.
552 2937 603 3000 ch.
621 2949 678 3012 35.
695 2957 727 3020 p.
745 2950 833 3012 307.

178 3136 396 3219 Latmum)
445 3137 715 3202 commemorant
734 3140 856 3222 plures,
887 3132 1022 3220 quidam
1038 3129 1138 3198 etiam

100 3239 140 3304 in
155 3236 254 3304 Caria
275 3253 421 3322 ponunt,
447 3253 486 3300 ut
500 3237 682 3322 Antigonus
699 3235 735 3300 in
749 3235 820 3300 hist.
835 3234 977 3298 mirabil.
997 3257 1067 3320 cap.
1081 3245 1136 3316 ¹8·

101 3363 144 3404 ex
160 3337 341 3411 Aristotele,
365 3335 491 3402 delion.
508 3337 579 3403 hist.
595 3335 726 3404 animal.
744 3352 777 3418 5,
802 3350 855 3418 14.
882 3335 1000 3402 Cicero
1017 3335 1136 3422 quaest.

103 3441 242 3506 Tuscul.
262 3465 292 3512 1,
307 3451 365 3518 38.
390 3437 478 3506 Ptin.
495 3452 529 3517 8.
545 3441 568 3504 s.
597 3437 654 3526 qui
671 3437 761 3512 alibi,
788 3455 888 3524 prout
901 3435 1011 3502 varios
1028 3452 1138 3500 aucto·

97 3533 156 3608 res
178 3539 307 3614 reddit,
342 3539 385 3602 ad
415 3538 544 3604 Ioniam
577 3563 653 3604 cum
681 3541 795 3604 Nostro
818 3555 965 3605 revocat.
1013 3541 1139 3622 Nempe

102 3641 271 3709 Milcsrum
293 3662 409 3726 agrum
429 3641 545 3705 Cariae
569 3628 720 3706 n'multis
744 3641 864 3715 tribui,
895 3641 989 3725 supra
1011 3635 1139 3703 monui.

102 3730 533 3830 'Tamquam'memora'pile
555 3741 659 3806 iidem
681 3759 831 3832 auctores
856 3759 984 3827 praeter
997 3739 1141 3807 Cicero·

105 3868 185 3912 nem
205 3846 358 3916 narrent,
394 3841 538 3928 scorpios
562 3841 611 3907 ibi
633 3845 712 3917 esse,
748 3843 805 3929 qui
828 3841 1018 3928 peregrinos
1043 3837 1141 3912 nihil,

107 3962 166 4011 aut
193 3943 409 4010 mediocriter
435 3947 586 4019 laedant,
627 3943 800 4030 indigenas
838 3941 1041 4007 interimant.
1090 3941 1141 4007 Cs.

108 4045 212 4114 etiam
250 4044 448 4135 Apollonius
483 4047 639 4132 Dyscolos
673 4043 743 4111 tritt
775 4061 952 4110 comment.
985 4065 1056 4132 cup.
1087 4067 1140 4108 ιι.

1359 3628 1369 3666 )
