2764 4954
234 413 286 471 tn
313 415 451 474 nour.
482 415 590 472 ner..
632 415 713 472 nr.
756 415 862 474 ont
903 415 982 488 te.
1065 426 1127 494 293

97 587 141 650 rie
156 586 214 660 eii,
242 600 279 648 ut
295 589 330 651 in
347 589 492 674 Aegypto
512 609 641 674 corpora
655 589 828 652 hominurn
843 587 1072 652 deionctornm
1087 606 1127 651 eo

95 687 209 772 perfusa
226 687 400 754 serventur.
453 693 503 752 De
517 694 705 754 cadaverum
719 703 826 754 autern
843 693 877 753 in
891 692 1038 775 Aegypto
1055 711 1128 752 con·

94 791 269 854 drudorum
296 793 396 854 multu
418 812 493 854 cura
519 795 654 856 Diodor.
677 791 734 856 lib.
752 805 785 856 u.
811 788 888 882 [lib.
910 811 940 856 t.
962 812 987 853 c.
1006 786 1126 878 91tq.]

93 911 276 956 rturnrrve.
331 893 442 956 Graeci
463 907 581 956 rorant
607 883 812 980 ταριχεύειν,
839 889 995 978 (Diodor.
1014 907 1047 964 2,
1071 903 1125 970 ²5·

93 993 203 1057 Sextur
219 995 403 1077 Empiricut
417 995 451 1056 in
465 996 624 1076 Pyrrhon.
636 997 802 1078 Hypotyp.
814 1007 846 1074 3,
861 1003 915 1074 ¹4·
934 993 1030 1078 iegm.
1041 995 1126 1058 226.

3 1119 4 1122 ¹
93 1089 220 1176 aliique,
246 1114 327 1177 quoe
342 1095 472 1158 adducit
486 1097 630 1160 Reitziut
644 1097 682 1158 ad
700 1097 831 1158 Lucien.
845 1097 885 1158 de
900 1095 987 1158 luctu
1003 1115 1031 1157 c.
1045 1089 1127 1176 ur.)

92 1197 172 1258 unde
193 1193 385 1284 ταρίχευσις
402 1197 504 1280 ipsum
519 1199 687 1260 artificium
711 1194 890 1280 (Herodot.
903 1211 934 1268 Ω,
953 1193 1043 1274 356
1055 1191 1126 1278 -)

92 1309 137 1367 et,
162 1300 219 1379 qui
244 1298 415 1370 callebant,
445 1295 645 1386 ταριχευταὶ
668 1295 824 1380 (Diodor.
847 1319 875 1368 r.
892 1295 974 1382 91.)
995 1298 1046 1360 vel
1069 1318 1126 1360 ru·

92 1399 293 1487 ριχευτῆρες,
320 1399 495 1478 (Menetho
517 1413 553 1480 4,
583 1399 689 1478 267.)
722 1399 836 1462 Cicero
861 1397 991 1462 Tuscul.
1012 1419 1040 1470 t,
1064 1407 1126 1476 45.

92 1501 233 1573 rorrdire,·
269 1502 366 1562 Varro
386 1503 468 1583 apud
491 1501 686 1564 Diomedem
709 1521 740 1584 p.
759 1513 843 1578 372.
870 1501 925 1579 (in
949 1499 1125 1562 Grammut.

90 1598 237 1679 Putich.)
255 1592 382 1692 fallere.
422 1603 552 1666 Ptolixe
573 1603 720 1684 inprimis
736 1599 962 1684 descripserunt
980 1601 1127 1663 Herodo-

5 1704 8 1713 '
91 1714 137 1762 tur
154 1718 185 1774 o,
204 1704 266 1780 86.
292 1721 326 1766 et
346 1703 481 1768 Diodor.
499 1725 526 1768 c.
542 1705 564 1768 1.
599 1701 651 1768 cf.
669 1723 747 1786 quae
765 1701 809 1762 ibi
828 1703 994 1765 adnotavit
1008 1699 1127 1764 Weffe·

5 1824 10 1843 ¹
90 1801 164 1888 ling.
189 1805 336 1886 itemque
359 1805 472 1884 Heyne
492 1807 532 1866 ad
556 1803 692 1868 Guthrie
713 1801 1017 1866 weit-Geschi'chte
1033 1805 1073 1865 T.
1093 1819 1124 1866 ι.

6 1934 7 1938 “
91 1922 120 1984 p.
139 1904 219 1981 186.
248 1905 509 1991 Lindenbrogine
526 1906 564 1968 ed
582 1905 796 1970 Censorinum
812 1925 839 1968 c.
862 1919 915 1982 17.
943 1917 976 1966 et
995 1903 1124 1968 Trifler.

7 2028 11 2043 ·
91 2005 122 2066 in
142 2005 317 2070 observatt.
341 2009 410 2071 crit.
433 2028 466 2089 p.
493 2020 573 2088 195.
631 2003 867 2095 Ἑπιμὲλεσθαι
889 2003 950 2070 τοῦ
974 1997 1127 2093 σώματος

93 2109 223 2169 omnino
246 2121 342 2172 vocat
364 2107 550 2170 Plutarchus
573 2110 607 2170 in
632 2123 665 2185 7.
688 2109 828 2192 Sapient.
850 2108 1008 2168 convivio
1030 2107 1070 2167 T.
1089 2105 1124 2168 6.

90 2225 120 2288 p.
133 2209 217 2287 6⁰5.
246 2211 319 2288 (ed.
338 2207 443 2293 Lipi.)
486 2209 595 2273 Cedrii
613 2211 647 2271 in
669 2211 728 2272 hac
748 2229 782 2271 re
802 2205 876 2271 uiue
890 2208 987 2270 etalii
1003 2219 1126 2288 praeter

7 2334 12 2359 r
91 2306 228 2370 Plinium
245 2313 448 2373 mentionem
465 2309 601 2382 faciunt.
626 2331 705 2394 quoe
721 2310 914 2372 memoravit
929 2307 975 2370 ibi
990 2307 1126 2370 Herdui·

7 2390 11 2411 '
91 2426 156 2474 nuo.
194 2411 355 2473 nieutona
370 2432 499 2494 corpora
516 2415 649 2476 mumius
665 2413 771 2474 vocari
786 2424 921 2482 uotum.
942 2411 982 2474 de
998 2409 1124 2492 quibus,

7 2582 11 2599 Ι
92 2525 206 2589 praeter
227 2515 385 2574 itinerum
402 2528 614 2596 enarratores,
640 2514 734 2576 multi
759 2511 959 2594 scripserunt,
984 2531 1125 2594 quorum

7 2634 11 2669 :
91 2615 216 2676 nomine
234 2613 322 2675 dabit
334 2613 464 2678 Meufet.
479 2617 512 2676 in
528 2613 606 2678 bibl.
615 2615 721 2676 histor.
732 2614 802 2676 Vol.
814 2628 847 2692 3.
863 2615 901 2677 P.
916 2633 945 2678 ι.
960 2633 992 2696 p.
1003 2615 1050 2688 76
1059 2612 1123 2694 sqq.

91 2711 135 2774 De
158 2713 222 2796 ipso
252 2717 467 2777 medicatione
495 2737 534 2778 ex
566 2715 796 2778 recentioribus
821 2713 947 2796 copiose
977 2713 1125 2796 exposuit

7 2816 11 2839 ¹
93 2811 202 2892 errius
218 2817 255 2880 iu
270 2816 340 2878 hist.
357 2818 396 2880 de
412 2817 601 2880 i’academie
616 2851 665 2865 -
689 2819 729 2879 de
751 2817 837 2877 Paris
856 2817 952 2878 Tum.
971 2829 1028 2892 23.
1051 2835 1123 2898 pag.

98 2933 158 2995 ¹¹9
182 2917 247 3000 sqq.
301 2919 453 2980 Ventrem
478 2917 625 2980 exemiffe
650 2932 854 3002 peccatorum
883 2915 970 2978 ceusu
996 2917 1126 2977 tradunt

91 3011 244 3082 Plutarch.
270 3019 312 3082 de
335 3019 389 3082 eiu
408 3023 550 3082 carnium
574 3033 652 3082 orat.
676 3035 709 3090 2.
731 3021 775 3082 in.
811 3031 844 3079 et
864 3017 1062 3099 Porphyrius
1084 3017 1124 3078 de

93 3115 194 3184 abtin.
212 3131 249 3201 sp,
276 3140 333 3184 to.
371 3121 523 3186 Ceterum
539 3122 678 3183 eundern
692 3139 815 3182 morem
831 3119 962 3181 Luciuni
978 3133 1124 3200 ternpore

94 3218 188 3286 adhuc
202 3221 344 3292 valuiffe,
370 3237 458 3308 patet
474 3245 514 3287 ex
527 3223 669 3286 Lucieno
692 3223 732 3283 de
754 3223 842 3282 luctu
859 3240 925 3303 cap.
946 3235 1004 3281 21.
1030 3237 1125 3301 atque

93 3321 181 3385 etiam
210 3343 302 3385 nunc
328 3325 364 3386 in
390 3321 546 3388 divitibus
573 3321 688 3388 servari
718 3324 862 3386 adfirmat
894 3320 1017 3384 Meillet
1044 3340 1072 3384 c.
1101 3321 1124 3382 l.

92 3415 176 3486 lettre
199 3444 258 3491 ro.
283 3445 316 3508 p.
333 3437 394 3506 88.

163 3627 435 3712 penetralia)
491 3631 630 3693 Aedium
665 3629 795 3693 intimae
829 3640 953 3710 partes.
986 3625 1128 3706 adquae

98 3719 174 3789 Mein
190 3729 269 3791 dum
289 3732 370 3793 hanc
389 3751 505 3793 vocent
521 3731 666 3815 usurpat,
694 3733 788 3793 tacito
805 3731 935 3792 videtur
958 3727 1128 3813 significare

99 3827 280 3893 consecratae
294 3832 378 3916 apud
397 3829 480 3914 ipior
503 3829 603 3896 fuiffe.
640 3854 663 3896 r.
688 3851 878 3894 onouovtre
897 3829 974 3894 MS.
1024 3829 1129 3892 Domi

96 3913 218 4011 servant
240 3933 353 3998 cicero
376 3931 503 3996 Tufoul.
526 3955 555 4007 t,
571 3947 631 4014 (45.
659 3935 692 3996 id
712 3935 800 4016 quod
822 3934 919 3994 etiam
939 3928 1042 3994 seciffe
1058 3931 1127 3994 Me·

100 4029 185 4096 roitre
197 4036 353 4116 quosdam
368 4032 465 4098 refert
480 4036 593 4098 Strabo
613 4050 667 4111 17.
683 4057 715 4118 p.
733 4037 817 4112 565.
832 4031 853 4093 s.
871 4045 955 4114 8221.
994 4035 1033 4095 In
1050 4031 1126 4096 cou-

102 4129 189 4198 vivii·
205 4135 421 4224 abnegypriir
436 4138 595 4222 adposnor
612 4135 713 4210 iuiffe,
739 4135 868 4200 teiiotur
883 4136 1040 4200 Luoienue
1058 4156 1086 4198 c.
1104 4135 1127 4196 i.
