<?xml version="1.0" encoding="UTF-8"?>
<!DOCTYPE html PUBLIC "-//W3C//DTD XHTML 1.0 Transitional//EN"
    "http://www.w3.org/TR/xhtml1/DTD/xhtml1-transitional.dtd">
<html xmlns="http://www.w3.org/1999/xhtml" xml:lang="en" lang="en">
 <head>
  <title>
</title>
<meta http-equiv="Content-Type" content="text/html;charset=utf-8" />
  <meta name='ocr-system' content='tesseract 3.04.00' />
  <meta name='ocr-capabilities' content='ocr_page ocr_carea ocr_par ocr_line ocrx_word'/>
</head>
<body>
  <div class='ocr_page' id='page_1' title='image "./pomponiimelaede06melagoog_0598.png"; bbox 0 0 2922 4958; ppageno 0'>
   <div class='ocr_carea' id='block_1_1' title="bbox 217 395 1093 508">
    <p class='ocr_par' dir='ltr' id='par_1_1' title="bbox 217 395 1093 508">
     <span class='ocr_line' id='line_1_1' title="bbox 217 395 1093 508; baseline 0.005 -24"><span class='ocrx_word' id='word_1_1' title='bbox 217 395 220 404; x_wconf 70' lang='grc'>’</span> <span class='ocrx_word' id='word_1_2' title='bbox 317 437 381 508; x_wconf 73' lang='lat'><strong>59²</strong></span> <span class='ocrx_word' id='word_1_3' title='bbox 590 425 751 486; x_wconf 73' lang='lat' dir='ltr'><strong>norro</strong></span> <span class='ocrx_word' id='word_1_4' title='bbox 788 429 1093 490; x_wconf 76' lang='lat' dir='ltr'><strong>uxaonrrcrn</strong></span> 
     </span>
    </p>
   </div>
   <div class='ocr_carea' id='block_1_2' title="bbox 316 599 1364 2112">
    <p class='ocr_par' dir='ltr' id='par_1_2' title="bbox 316 599 1364 2112">
     <span class='ocr_line' id='line_1_2' title="bbox 317 599 1361 685; baseline 0.004 -19"><span class='ocrx_word' id='word_1_5' title='bbox 317 616 351 666; x_wconf 89' lang='lat' dir='ltr'><strong>et</strong></span> <span class='ocrx_word' id='word_1_6' title='bbox 367 599 445 662; x_wconf 85' lang='lat' dir='ltr'><strong>bino</strong></span> <span class='ocrx_word' id='word_1_7' title='bbox 458 599 617 681; x_wconf 84' lang='lat' dir='ltr'><strong>Cytorum</strong></span> <span class='ocrx_word' id='word_1_8' title='bbox 633 621 649 662; x_wconf 90' lang='lat' dir='ltr'><strong>a</strong></span> <span class='ocrx_word' id='word_1_9' title='bbox 666 601 813 665; x_wconf 82' lang='lat' dir='ltr'><strong>Cerambi</strong></span> <span class='ocrx_word' id='word_1_10' title='bbox 835 619 904 665; x_wconf 81' lang='lat' dir='ltr'><strong>roo</strong></span> <span class='ocrx_word' id='word_1_11' title='bbox 920 603 1022 667; x_wconf 81' lang='lat' dir='ltr'><strong>stadiis</strong></span> <span class='ocrx_word' id='word_1_12' title='bbox 1039 619 1196 678; x_wconf 78' lang='lat' dir='ltr'>removet,</span> <span class='ocrx_word' id='word_1_13' title='bbox 1221 605 1361 685; x_wconf 86' lang='lat' dir='ltr'><strong>Cotyotr</strong></span> 
     </span>
     <span class='ocr_line' id='line_1_3' title="bbox 319 701 1361 792; baseline 0.002 -24"><span class='ocrx_word' id='word_1_14' title='bbox 319 701 533 768; x_wconf 77' lang='lat' dir='ltr'><strong>rCerasunte</strong></span> <span class='ocrx_word' id='word_1_15' title='bbox 560 717 642 782; x_wconf 77' lang='lat'><strong>350.</strong></span> <span class='ocrx_word' id='word_1_16' title='bbox 671 705 818 767; x_wconf 73' lang='lat' dir='ltr'><strong>Arrianus</strong></span> <span class='ocrx_word' id='word_1_17' title='bbox 850 707 883 766; x_wconf 90' lang='lat' dir='ltr'><strong>in</strong></span> <span class='ocrx_word' id='word_1_18' title='bbox 911 708 1035 789; x_wconf 88' lang='lat' dir='ltr'><strong>periplo</strong></span> <span class='ocrx_word' id='word_1_19' title='bbox 1056 708 1154 769; x_wconf 90' lang='lat' dir='ltr'><strong>Ponti</strong></span> <span class='ocrx_word' id='word_1_20' title='bbox 1176 729 1208 790; x_wconf 88' lang='lat' dir='ltr'><strong>p.</strong></span> <span class='ocrx_word' id='word_1_21' title='bbox 1235 723 1278 785; x_wconf 84' lang='lat'><strong>¹5</strong></span> <span class='ocrx_word' id='word_1_22' title='bbox 1300 707 1361 792; x_wconf 84' lang='lat' dir='ltr'><strong>sqq.</strong></span> 
     </span>
     <span class='ocr_line' id='line_1_4' title="bbox 317 798 1362 896; baseline 0.004 -26"><span class='ocrx_word' id='word_1_23' title='bbox 317 803 419 870; x_wconf 88' lang='lat' dir='ltr'><strong>Huds.</strong></span> <span class='ocrx_word' id='word_1_24' title='bbox 465 806 571 866; x_wconf 78' lang='lat' dir='ltr'>Incola</span> <span class='ocrx_word' id='word_1_25' title='bbox 588 805 700 884; x_wconf 86' lang='lat' dir='ltr'><strong>Cytori</strong></span> <span class='ocrx_word' id='word_1_26' title='bbox 722 798 924 892; x_wconf 71' lang='lat' dir='ltr'><strong>liurwprrirr,</strong></span> <span class='ocrx_word' id='word_1_27' title='bbox 936 889 938 894; x_wconf 23' lang='grc' dir='ltr'>Ι</span> <span class='ocrx_word' id='word_1_28' title='bbox 951 810 1156 896; x_wconf 66' lang='grc' dir='ltr'><strong>Κυτινρὲτης,</strong></span> <span class='ocrx_word' id='word_1_29' title='bbox 1182 805 1362 894; x_wconf 74' lang='grc' dir='ltr'><strong>Ηυτώριος.</strong></span> 
     </span>
     <span class='ocr_line' id='line_1_5' title="bbox 318 907 1364 1000; baseline 0.006 -30"><span class='ocrx_word' id='word_1_30' title='bbox 318 907 519 989; x_wconf 78' lang='lat' dir='ltr'><strong>(Stephanus</strong></span> <span class='ocrx_word' id='word_1_31' title='bbox 540 921 573 966; x_wconf 88' lang='lat' dir='ltr'><strong>et</strong></span> <span class='ocrx_word' id='word_1_32' title='bbox 594 927 632 968; x_wconf 85' lang='lat' dir='ltr'><strong>ex</strong></span> <span class='ocrx_word' id='word_1_33' title='bbox 656 927 695 968; x_wconf 92' lang='lat' dir='ltr'><strong>eo</strong></span> <span class='ocrx_word' id='word_1_34' title='bbox 714 907 855 970; x_wconf 86' lang='lat' dir='ltr'><strong>Eustath.</strong></span> <span class='ocrx_word' id='word_1_35' title='bbox 875 929 902 970; x_wconf 88' lang='lat' dir='ltr'><strong>c.</strong></span> <span class='ocrx_word' id='word_1_36' title='bbox 921 910 963 986; x_wconf 93' lang='lat' dir='ltr'><strong>l.)</strong></span> <span class='ocrx_word' id='word_1_37' title='bbox 987 925 1020 971; x_wconf 90' lang='lat' dir='ltr'><strong>et</strong></span> <span class='ocrx_word' id='word_1_38' title='bbox 1043 929 1101 993; x_wconf 86' lang='lat' dir='ltr'><strong>pro</strong></span> <span class='ocrx_word' id='word_1_39' title='bbox 1124 913 1186 974; x_wconf 87' lang='lat' dir='ltr'><strong>hoo</strong></span> <span class='ocrx_word' id='word_1_40' title='bbox 1203 912 1364 1000; x_wconf 74' lang='lat' dir='ltr'><strong>Koropror</strong></span> 
     </span>
     <span class='ocr_line' id='line_1_6' title="bbox 317 1007 1362 1096; baseline 0.001 -24"><span class='ocrx_word' id='word_1_41' title='bbox 317 1011 353 1072; x_wconf 84' lang='lat' dir='ltr'><strong>iu</strong></span> <span class='ocrx_word' id='word_1_42' title='bbox 372 1011 491 1070; x_wconf 81' lang='lat' dir='ltr'><strong>numie.</strong></span> <span class='ocrx_word' id='word_1_43' title='bbox 518 1007 657 1088; x_wconf 86' lang='lat' dir='ltr'><strong>(llasche</strong></span> <span class='ocrx_word' id='word_1_44' title='bbox 678 1013 712 1070; x_wconf 90' lang='lat' dir='ltr'><strong>io</strong></span> <span class='ocrx_word' id='word_1_45' title='bbox 742 1011 817 1072; x_wconf 85' lang='lat' dir='ltr'>Lex.</span> <span class='ocrx_word' id='word_1_46' title='bbox 838 1031 928 1071; x_wconf 91' lang='lat' dir='ltr'><strong>num.</strong></span> <span class='ocrx_word' id='word_1_47' title='bbox 953 1013 993 1072; x_wconf 87' lang='lat' dir='ltr'><strong>T.</strong></span> <span class='ocrx_word' id='word_1_48' title='bbox 1018 1031 1047 1074; x_wconf 89' lang='lat'><strong>1.</strong></span> <span class='ocrx_word' id='word_1_49' title='bbox 1071 1012 1107 1074; x_wconf 87' lang='lat' dir='ltr'><strong>P.</strong></span> <span class='ocrx_word' id='word_1_50' title='bbox 1125 1029 1158 1076; x_wconf 81' lang='lat'><strong>2.</strong></span> <span class='ocrx_word' id='word_1_51' title='bbox 1180 1035 1212 1096; x_wconf 87' lang='lat' dir='ltr'><strong>p.</strong></span> <span class='ocrx_word' id='word_1_52' title='bbox 1234 1017 1362 1091; x_wconf 83' lang='lat'><strong>1171.)</strong></span> 
     </span>
     <span class='ocr_line' id='line_1_7' title="bbox 317 1106 1361 1196; baseline 0.003 -22"><span class='ocrx_word' id='word_1_53' title='bbox 317 1106 426 1174; x_wconf 86' lang='grc' dir='ltr'>Πόλιν</span> <span class='ocrx_word' id='word_1_54' title='bbox 448 1106 624 1195; x_wconf 70' lang='grc' dir='ltr'>Ἑλληνίδα</span> <span class='ocrx_word' id='word_1_55' title='bbox 647 1125 740 1171; x_wconf 87' lang='lat' dir='ltr'><strong>vocat</strong></span> <span class='ocrx_word' id='word_1_56' title='bbox 767 1113 894 1190; x_wconf 80' lang='lat' dir='ltr'><strong>Scylax,</strong></span> <span class='ocrx_word' id='word_1_57' title='bbox 928 1115 1110 1194; x_wconf 83' lang='lat' dir='ltr'><strong>emporium</strong></span> <span class='ocrx_word' id='word_1_58' title='bbox 1133 1115 1361 1196; x_wconf 76' lang='lat' dir='ltr'><strong>Sinopensium</strong></span> 
     </span>
     <span class='ocr_line' id='line_1_8' title="bbox 316 1212 1363 1284; baseline 0 -6"><span class='ocrx_word' id='word_1_59' title='bbox 316 1213 442 1278; x_wconf 81' lang='lat' dir='ltr'><strong>Strabo.</strong></span> <span class='ocrx_word' id='word_1_60' title='bbox 482 1212 631 1273; x_wconf 83' lang='lat' dir='ltr'><strong>Montem</strong></span> <span class='ocrx_word' id='word_1_61' title='bbox 653 1215 769 1274; x_wconf 88' lang='lat' dir='ltr'><strong>eodem</strong></span> <span class='ocrx_word' id='word_1_62' title='bbox 785 1216 918 1275; x_wconf 89' lang='lat' dir='ltr'><strong>nomine</strong></span> <span class='ocrx_word' id='word_1_63' title='bbox 936 1233 1092 1276; x_wconf 88' lang='lat' dir='ltr'><strong>memorat</strong></span> <span class='ocrx_word' id='word_1_64' title='bbox 1110 1216 1194 1276; x_wconf 86' lang='lat' dir='ltr'><strong>Plio.</strong></span> <span class='ocrx_word' id='word_1_65' title='bbox 1213 1217 1247 1284; x_wconf 86' lang='lat'><strong>6.</strong></span> <span class='ocrx_word' id='word_1_66' title='bbox 1268 1231 1303 1277; x_wconf 72' lang='grc' dir='ltr'><strong>Ω.</strong></span> <span class='ocrx_word' id='word_1_67' title='bbox 1329 1229 1363 1279; x_wconf 85' lang='lat' dir='ltr'><strong>et</strong></span> 
     </span>
     <span class='ocr_line' id='line_1_9' title="bbox 316 1313 1361 1398; baseline 0.003 -22"><span class='ocrx_word' id='word_1_68' title='bbox 316 1317 394 1376; x_wconf 89' lang='lat' dir='ltr'><strong>inde</strong></span> <span class='ocrx_word' id='word_1_69' title='bbox 419 1314 594 1375; x_wconf 80' lang='lat' dir='ltr'><strong>Martianus</strong></span> <span class='ocrx_word' id='word_1_70' title='bbox 617 1313 693 1395; x_wconf 86' lang='lat' dir='ltr'><strong>Cup.</strong></span> <span class='ocrx_word' id='word_1_71' title='bbox 714 1315 747 1377; x_wconf 87' lang='grc'><strong>6.</strong></span> <span class='ocrx_word' id='word_1_72' title='bbox 772 1336 802 1396; x_wconf 90' lang='lat' dir='ltr'><strong>p.</strong></span> <span class='ocrx_word' id='word_1_73' title='bbox 822 1331 906 1378; x_wconf 65' lang='grc' dir='ltr'><strong>ναν.</strong></span> <span class='ocrx_word' id='word_1_74' title='bbox 933 1335 1029 1398; x_wconf 86' lang='lat' dir='ltr'><strong>quem</strong></span> <span class='ocrx_word' id='word_1_75' title='bbox 1050 1314 1128 1378; x_wconf 79' lang='lat' dir='ltr'><strong>iulio</strong></span> <span class='ocrx_word' id='word_1_76' title='bbox 1153 1317 1361 1380; x_wconf 78' lang='lat' dir='ltr'>Macedoniae</span> 
     </span>
     <span class='ocr_line' id='line_1_10' title="bbox 317 1415 1362 1500; baseline 0.004 -22"><span class='ocrx_word' id='word_1_77' title='bbox 317 1417 372 1478; x_wconf 87' lang='lat' dir='ltr'><strong>tlat</strong></span> <span class='ocrx_word' id='word_1_78' title='bbox 394 1417 525 1478; x_wconf 73' lang='lat' dir='ltr'><strong>Servius</strong></span> <span class='ocrx_word' id='word_1_79' title='bbox 547 1417 584 1474; x_wconf 85' lang='lat' dir='ltr'><strong>ad</strong></span> <span class='ocrx_word' id='word_1_80' title='bbox 608 1415 719 1500; x_wconf 82' lang='lat' dir='ltr'><strong>Virgil.</strong></span> <span class='ocrx_word' id='word_1_81' title='bbox 744 1417 859 1500; x_wconf 83' lang='lat' dir='ltr'><strong>(ieorg.</strong></span> <span class='ocrx_word' id='word_1_82' title='bbox 880 1433 911 1488; x_wconf 82' lang='lat' dir='ltr'><strong>rt,</strong></span> <span class='ocrx_word' id='word_1_83' title='bbox 932 1428 1017 1498; x_wconf 72' lang='lat'><strong>437.</strong></span> <span class='ocrx_word' id='word_1_84' title='bbox 1044 1419 1194 1480; x_wconf 83' lang='lat' dir='ltr'><strong>amultir</strong></span> <span class='ocrx_word' id='word_1_85' title='bbox 1211 1420 1287 1481; x_wconf 89' lang='lat' dir='ltr'><strong>ideo</strong></span> <span class='ocrx_word' id='word_1_86' title='bbox 1305 1438 1362 1482; x_wconf 92' lang='lat' dir='ltr'><strong>no·</strong></span> 
     </span>
     <span class='ocr_line' id='line_1_11' title="bbox 316 1517 1361 1600; baseline 0.006 -21"><span class='ocrx_word' id='word_1_87' title='bbox 316 1531 412 1582; x_wconf 84' lang='lat' dir='ltr'><strong>tatue.</strong></span> <span class='ocrx_word' id='word_1_88' title='bbox 467 1517 616 1600; x_wconf 78' lang='lat' dir='ltr'><strong>Cytorios</strong></span> <span class='ocrx_word' id='word_1_89' title='bbox 637 1531 757 1579; x_wconf 78' lang='lat' dir='ltr'><strong>orontes</strong></span> <span class='ocrx_word' id='word_1_90' title='bbox 776 1533 882 1579; x_wconf 87' lang='lat' dir='ltr'><strong>tamen</strong></span> <span class='ocrx_word' id='word_1_91' title='bbox 903 1520 999 1580; x_wconf 87' lang='lat' dir='ltr'><strong>etiam</strong></span> <span class='ocrx_word' id='word_1_92' title='bbox 1020 1519 1102 1580; x_wconf 80' lang='lat' dir='ltr'><strong>dixit</strong></span> <span class='ocrx_word' id='word_1_93' title='bbox 1118 1520 1201 1582; x_wconf 86' lang='lat' dir='ltr'><strong>Plio.</strong></span> <span class='ocrx_word' id='word_1_94' title='bbox 1227 1523 1281 1592; x_wconf 81' lang='lat'><strong>16.</strong></span> <span class='ocrx_word' id='word_1_95' title='bbox 1302 1533 1361 1598; x_wconf 78' lang='lat'><strong>28.</strong></span> 
     </span>
     <span class='ocr_line' id='line_1_12' title="bbox 316 1617 1362 1684; baseline 0.002 -2"><span class='ocrx_word' id='word_1_96' title='bbox 316 1617 340 1684; x_wconf 90' lang='lat' dir='ltr'><strong>s.</strong></span> <span class='ocrx_word' id='word_1_97' title='bbox 363 1621 418 1682; x_wconf 80' lang='lat'><strong>26.</strong></span> <span class='ocrx_word' id='word_1_98' title='bbox 454 1633 492 1679; x_wconf 90' lang='lat' dir='ltr'><strong>ut</strong></span> <span class='ocrx_word' id='word_1_99' title='bbox 518 1632 654 1678; x_wconf 85' lang='lat' dir='ltr'><strong>tractum</strong></span> <span class='ocrx_word' id='word_1_100' title='bbox 683 1622 845 1681; x_wconf 89' lang='lat' dir='ltr'><strong>montium</strong></span> <span class='ocrx_word' id='word_1_101' title='bbox 872 1622 994 1682; x_wconf 82' lang='lat' dir='ltr'><strong>innuat.</strong></span> <span class='ocrx_word' id='word_1_102' title='bbox 1069 1623 1362 1684; x_wconf 78' lang='lat' dir='ltr'><strong>inclamitantem</strong></span> 
     </span>
     <span class='ocr_line' id='line_1_13' title="bbox 316 1718 1360 1804; baseline 0.002 -20"><span class='ocrx_word' id='word_1_103' title='bbox 316 1723 459 1784; x_wconf 76' lang='lat' dir='ltr'><strong>maxime</strong></span> <span class='ocrx_word' id='word_1_104' title='bbox 481 1718 564 1780; x_wconf 81' lang='lat' dir='ltr'><strong>buxo</strong></span> <span class='ocrx_word' id='word_1_105' title='bbox 582 1721 644 1782; x_wconf 87' lang='lat' dir='ltr'><strong>live</strong></span> <span class='ocrx_word' id='word_1_106' title='bbox 663 1739 774 1788; x_wconf 85' lang='lat' dir='ltr'><strong>mone.</strong></span> <span class='ocrx_word' id='word_1_107' title='bbox 806 1721 868 1782; x_wconf 78' lang='lat' dir='ltr'><strong>sive</strong></span> <span class='ocrx_word' id='word_1_108' title='bbox 889 1741 979 1804; x_wconf 80' lang='lat' dir='ltr'><strong>eger,</strong></span> <span class='ocrx_word' id='word_1_109' title='bbox 1007 1720 1094 1783; x_wconf 88' lang='lat' dir='ltr'><strong>unde</strong></span> <span class='ocrx_word' id='word_1_110' title='bbox 1112 1722 1228 1784; x_wconf 89' lang='lat' dir='ltr'><strong>Catuli.</strong></span> <span class='ocrx_word' id='word_1_111' title='bbox 1244 1734 1279 1800; x_wconf 76' lang='grc'><strong>4,</strong></span> <span class='ocrx_word' id='word_1_112' title='bbox 1304 1737 1360 1802; x_wconf 81' lang='lat'><strong>13.</strong></span> 
     </span>
     <span class='ocr_line' id='line_1_14' title="bbox 320 1811 1362 1910; baseline -0.002 -24"><span class='ocrx_word' id='word_1_113' title='bbox 320 1823 459 1906; x_wconf 76' lang='lat' dir='ltr'><em>Cytoros</em></span> <span class='ocrx_word' id='word_1_114' title='bbox 481 1811 620 1910; x_wconf 81' lang='lat' dir='ltr'><strong>buxifer.</strong></span> <span class='ocrx_word' id='word_1_115' title='bbox 652 1819 703 1884; x_wconf 83' lang='lat' dir='ltr'><strong>cf.</strong></span> <span class='ocrx_word' id='word_1_116' title='bbox 719 1815 832 1884; x_wconf 81' lang='lat' dir='ltr'><strong>Strabo</strong></span> <span class='ocrx_word' id='word_1_117' title='bbox 851 1843 877 1884; x_wconf 87' lang='lat' dir='ltr'><strong>c.</strong></span> <span class='ocrx_word' id='word_1_118' title='bbox 900 1823 921 1884; x_wconf 93' lang='lat' dir='ltr'><strong>l.</strong></span> <span class='ocrx_word' id='word_1_119' title='bbox 947 1823 1117 1904; x_wconf 87' lang='lat' dir='ltr'><strong>Theophr.</strong></span> <span class='ocrx_word' id='word_1_120' title='bbox 1133 1826 1168 1884; x_wconf 88' lang='lat' dir='ltr'><strong>in</strong></span> <span class='ocrx_word' id='word_1_121' title='bbox 1184 1823 1254 1885; x_wconf 77' lang='lat' dir='ltr'><strong>hili.</strong></span> <span class='ocrx_word' id='word_1_122' title='bbox 1272 1826 1362 1906; x_wconf 87' lang='lat' dir='ltr'><strong>plan·</strong></span> 
     </span>
     <span class='ocr_line' id='line_1_15' title="bbox 317 1922 1362 2001; baseline 0.002 -16"><span class='ocrx_word' id='word_1_123' title='bbox 317 1937 377 1988; x_wconf 89' lang='lat' dir='ltr'><strong>tar.</strong></span> <span class='ocrx_word' id='word_1_124' title='bbox 397 1937 430 2000; x_wconf 74' lang='lat'><strong>3.</strong></span> <span class='ocrx_word' id='word_1_125' title='bbox 455 1936 507 2001; x_wconf 81' lang='lat'><strong>¹5·</strong></span> <span class='ocrx_word' id='word_1_126' title='bbox 543 1922 906 2000; x_wconf 77' lang='lat' dir='ltr'><strong>Plin.16,28.s.r(i.</strong></span> <span class='ocrx_word' id='word_1_127' title='bbox 944 1923 1124 1988; x_wconf 81' lang='lat' dir='ltr'><strong>Eullatltius</strong></span> <span class='ocrx_word' id='word_1_128' title='bbox 1147 1945 1173 1987; x_wconf 87' lang='lat' dir='ltr'><strong>c.</strong></span> <span class='ocrx_word' id='word_1_129' title='bbox 1198 1925 1220 1987; x_wconf 94' lang='lat' dir='ltr'><strong>l.</strong></span> <span class='ocrx_word' id='word_1_130' title='bbox 1273 1927 1362 1987; x_wconf 81' lang='lat' dir='ltr'><strong>Hine</strong></span> 
     </span>
     <span class='ocr_line' id='line_1_16' title="bbox 319 2015 1360 2112; baseline 0 -23"><span class='ocrx_word' id='word_1_131' title='bbox 319 2015 462 2112; x_wconf 69' lang='grc' dir='ltr'>ὑλήεντα</span> <span class='ocrx_word' id='word_1_132' title='bbox 483 2024 619 2107; x_wconf 85' lang='lat' dir='ltr'><strong>explicat</strong></span> <span class='ocrx_word' id='word_1_133' title='bbox 631 2024 736 2088; x_wconf 89' lang='lat' dir='ltr'><strong>Schol.</strong></span> <span class='ocrx_word' id='word_1_134' title='bbox 754 2026 787 2084; x_wconf 91' lang='lat' dir='ltr'><strong>in</strong></span> <span class='ocrx_word' id='word_1_135' title='bbox 804 2027 966 2108; x_wconf 74' lang='lat' dir='ltr'><strong>Apollonii</strong></span> <span class='ocrx_word' id='word_1_136' title='bbox 985 2027 1005 2085; x_wconf 94' lang='lat' dir='ltr'><strong>l.</strong></span> <span class='ocrx_word' id='word_1_137' title='bbox 1023 2045 1049 2088; x_wconf 87' lang='lat' dir='ltr'><strong>c.</strong></span> <span class='ocrx_word' id='word_1_138' title='bbox 1076 2029 1157 2088; x_wconf 88' lang='lat' dir='ltr'><strong>etin</strong></span> <span class='ocrx_word' id='word_1_139' title='bbox 1172 2027 1296 2088; x_wconf 85' lang='lat' dir='ltr'><strong>Valerio</strong></span> <span class='ocrx_word' id='word_1_140' title='bbox 1314 2029 1360 2089; x_wconf 71' lang='grc' dir='ltr'><strong>ΡΙ.</strong></span> 
     </span>
    </p>
   </div>
   <div class='ocr_carea' id='block_1_3' title="bbox 201 2125 1359 2208">
    <p class='ocr_par' dir='ltr' id='par_1_3' title="bbox 201 2125 1359 2208">
     <span class='ocr_line' id='line_1_17' title="bbox 201 2125 1359 2208; baseline 0.006 -25"><span class='ocrx_word' id='word_1_141' title='bbox 201 2164 202 2170; x_wconf 40' lang='lat'>1</span> <span class='ocrx_word' id='word_1_142' title='bbox 319 2139 354 2206; x_wconf 83' lang='lat'><strong>5,</strong></span> <span class='ocrx_word' id='word_1_143' title='bbox 386 2129 463 2190; x_wconf 78' lang='grc' dir='ltr'><strong>νοῦ.</strong></span> <span class='ocrx_word' id='word_1_144' title='bbox 505 2126 671 2206; x_wconf 83' lang='lat' dir='ltr'><strong>pallentem</strong></span> <span class='ocrx_word' id='word_1_145' title='bbox 709 2125 861 2208; x_wconf 79' lang='lat' dir='ltr'><strong><em>Cytorum</em></strong></span> <span class='ocrx_word' id='word_1_146' title='bbox 895 2125 1044 2188; x_wconf 82' lang='lat' dir='ltr'><strong>Heinsrue</strong></span> <span class='ocrx_word' id='word_1_147' title='bbox 1077 2143 1110 2189; x_wconf 88' lang='lat' dir='ltr'><strong>et</strong></span> <span class='ocrx_word' id='word_1_148' title='bbox 1143 2127 1359 2190; x_wconf 73' lang='lat' dir='ltr'><strong>Burmannus.</strong></span> 
     </span>
    </p>
   </div>
   <div class='ocr_carea' id='block_1_4' title="bbox 316 2228 1444 2512">
    <p class='ocr_par' dir='ltr' id='par_1_4' title="bbox 316 2228 1444 2512">
     <span class='ocr_line' id='line_1_18' title="bbox 318 2228 1360 2311; baseline -0.001 -20"><span class='ocrx_word' id='word_1_149' title='bbox 318 2229 407 2291; x_wconf 82' lang='lat' dir='ltr'><strong>Hinc</strong></span> <span class='ocrx_word' id='word_1_150' title='bbox 438 2229 629 2310; x_wconf 79' lang='lat' dir='ltr'><strong>Cytoriucus</strong></span> <span class='ocrx_word' id='word_1_151' title='bbox 659 2241 768 2308; x_wconf 81' lang='lat' dir='ltr'><strong><em>pecten</em></strong></span> <span class='ocrx_word' id='word_1_152' title='bbox 793 2228 985 2311; x_wconf 79' lang='lat' dir='ltr'><strong>intelligitur</strong></span> <span class='ocrx_word' id='word_1_153' title='bbox 1011 2229 1094 2308; x_wconf 86' lang='lat' dir='ltr'><strong>apud</strong></span> <span class='ocrx_word' id='word_1_154' title='bbox 1128 2229 1226 2290; x_wconf 87' lang='lat' dir='ltr'><strong>Ovid.</strong></span> <span class='ocrx_word' id='word_1_155' title='bbox 1258 2231 1360 2290; x_wconf 81' lang='lat' dir='ltr'><strong>illota·</strong></span> 
     </span>
     <span class='ocr_line' id='line_1_19' title="bbox 317 2327 1444 2414; baseline -0.002 -22"><span class='ocrx_word' id='word_1_156' title='bbox 317 2332 447 2412; x_wconf 87' lang='lat' dir='ltr'><strong>morph.</strong></span> <span class='ocrx_word' id='word_1_157' title='bbox 464 2339 499 2408; x_wconf 74' lang='lat'><strong>4.</strong></span> <span class='ocrx_word' id='word_1_158' title='bbox 520 2343 561 2408; x_wconf 79' lang='lat'><strong>31</strong></span> <span class='ocrx_word' id='word_1_159' title='bbox 576 2351 602 2393; x_wconf 86' lang='lat' dir='ltr'><strong>t.</strong></span> <span class='ocrx_word' id='word_1_160' title='bbox 642 2327 693 2392; x_wconf 83' lang='lat' dir='ltr'><strong>cf.</strong></span> <span class='ocrx_word' id='word_1_161' title='bbox 716 2331 749 2400; x_wconf 79' lang='lat' dir='ltr'><strong>(t,</strong></span> <span class='ocrx_word' id='word_1_162' title='bbox 772 2343 851 2409; x_wconf 77' lang='lat'><strong>133.</strong></span> <span class='ocrx_word' id='word_1_163' title='bbox 876 2343 908 2390; x_wconf 88' lang='lat' dir='ltr'><strong>et</strong></span> <span class='ocrx_word' id='word_1_164' title='bbox 928 2329 955 2390; x_wconf 82' lang='lat' dir='ltr'><strong>la</strong></span> <span class='ocrx_word' id='word_1_165' title='bbox 978 2329 1079 2392; x_wconf 80' lang='lat' dir='ltr'><strong>Corda</strong></span> <span class='ocrx_word' id='word_1_166' title='bbox 1102 2331 1139 2388; x_wconf 79' lang='lat' dir='ltr'><strong>etl</strong></span> <span class='ocrx_word' id='word_1_167' title='bbox 1164 2331 1274 2414; x_wconf 83' lang='lat' dir='ltr'><strong>Virgil.</strong></span> <span class='ocrx_word' id='word_1_168' title='bbox 1290 2351 1318 2392; x_wconf 84' lang='lat' dir='ltr'><strong>c.</strong></span> <span class='ocrx_word' id='word_1_169' title='bbox 1335 2333 1358 2393; x_wconf 95' lang='lat' dir='ltr'><strong>l.</strong></span> <span class='ocrx_word' id='word_1_170' title='bbox 1443 2401 1444 2404; x_wconf 7' lang='grc' dir='ltr'><strong>Ἴ</strong></span> 
     </span>
     <span class='ocr_line' id='line_1_20' title="bbox 316 2429 1444 2512; baseline -0.001 -18"><span class='ocrx_word' id='word_1_171' title='bbox 316 2431 450 2494; x_wconf 86' lang='lat' dir='ltr'><strong>Nomen</strong></span> <span class='ocrx_word' id='word_1_172' title='bbox 472 2433 639 2512; x_wconf 78' lang='lat' dir='ltr'><strong>antiquom</strong></span> <span class='ocrx_word' id='word_1_173' title='bbox 662 2429 711 2490; x_wconf 81' lang='lat' dir='ltr'><strong>sue</strong></span> <span class='ocrx_word' id='word_1_174' title='bbox 735 2443 834 2492; x_wconf 82' lang='lat' dir='ltr'><strong>aetate</strong></span> <span class='ocrx_word' id='word_1_175' title='bbox 857 2429 987 2491; x_wconf 89' lang='lat' dir='ltr'><strong>tenuille</strong></span> <span class='ocrx_word' id='word_1_176' title='bbox 1006 2431 1149 2492; x_wconf 85' lang='lat' dir='ltr'><strong>adfirmat</strong></span> <span class='ocrx_word' id='word_1_177' title='bbox 1164 2432 1357 2501; x_wconf 83' lang='lat' dir='ltr'><strong>Eollathiue.</strong></span> <span class='ocrx_word' id='word_1_178' title='bbox 1443 2429 1444 2442; x_wconf 53' lang='lat'>¹</span> 
     </span>
    </p>
   </div>
   <div class='ocr_carea' id='block_1_5' title="bbox 188 2531 1357 2616">
    <p class='ocr_par' dir='ltr' id='par_1_5' title="bbox 188 2531 1357 2616">
     <span class='ocr_line' id='line_1_21' title="bbox 188 2531 1357 2616; baseline -0.004 -18"><span class='ocrx_word' id='word_1_179' title='bbox 188 2591 191 2598; x_wconf 58' lang='grc'><strong>.</strong></span> <span class='ocrx_word' id='word_1_180' title='bbox 316 2533 476 2594; x_wconf 79' lang='lat' dir='ltr'><strong>recentior</strong></span> <span class='ocrx_word' id='word_1_181' title='bbox 499 2531 635 2591; x_wconf 81' lang='lat' dir='ltr'><strong>Kiedrur</strong></span> <span class='ocrx_word' id='word_1_182' title='bbox 651 2535 685 2590; x_wconf 82' lang='lat' dir='ltr'><strong>in</strong></span> <span class='ocrx_word' id='word_1_183' title='bbox 701 2531 806 2591; x_wconf 86' lang='lat' dir='ltr'><strong>tabula</strong></span> <span class='ocrx_word' id='word_1_184' title='bbox 824 2532 910 2591; x_wconf 80' lang='lat' dir='ltr'><strong>Afiae</strong></span> <span class='ocrx_word' id='word_1_185' title='bbox 930 2533 1075 2592; x_wconf 86' lang='lat' dir='ltr'><strong>adiunxit</strong></span> <span class='ocrx_word' id='word_1_186' title='bbox 1090 2531 1259 2607; x_wconf 79' lang='lat' dir='ltr'><strong>Pocoolte3</strong></span> <span class='ocrx_word' id='word_1_187' title='bbox 1285 2551 1357 2616; x_wconf 86' lang='lat' dir='ltr'><strong>por·</strong></span> 
     </span>
    </p>
   </div>
   <div class='ocr_carea' id='block_1_6' title="bbox 316 2630 1165 2727">
    <p class='ocr_par' dir='ltr' id='par_1_6' title="bbox 316 2630 1165 2727">
     <span class='ocr_line' id='line_1_22' title="bbox 316 2630 1165 2727; baseline 0.004 -34"><span class='ocrx_word' id='word_1_188' title='bbox 316 2645 388 2694; x_wconf 92' lang='lat' dir='ltr'><strong>tum</strong></span> <span class='ocrx_word' id='word_1_189' title='bbox 406 2630 538 2727; x_wconf 64' lang='lat' dir='ltr'><strong>{lustros</strong></span> <span class='ocrx_word' id='word_1_190' title='bbox 553 2631 660 2692; x_wconf 79' lang='lat' dir='ltr'><strong>laudat</strong></span> <span class='ocrx_word' id='word_1_191' title='bbox 675 2631 728 2692; x_wconf 86' lang='lat' dir='ltr'><strong>hic</strong></span> <span class='ocrx_word' id='word_1_192' title='bbox 743 2633 919 2694; x_wconf 86' lang='lat' dir='ltr'><strong>Tavernier</strong></span> <span class='ocrx_word' id='word_1_193' title='bbox 936 2653 1061 2719; x_wconf 82' lang='lat' dir='ltr'><strong>voyage</strong></span> <span class='ocrx_word' id='word_1_194' title='bbox 1077 2647 1108 2713; x_wconf 80' lang='lat'><strong>3.</strong></span> <span class='ocrx_word' id='word_1_195' title='bbox 1131 2635 1165 2696; x_wconf 85' lang='lat'><strong>6.</strong></span> 
     </span>
    </p>
   </div>
   <div class='ocr_carea' id='block_1_7' title="bbox 317 2828 1357 3018">
    <p class='ocr_par' dir='ltr' id='par_1_7' title="bbox 317 2828 1357 3018">
     <span class='ocr_line' id='line_1_23' title="bbox 395 2828 1357 2925; baseline 0.001 -27"><span class='ocrx_word' id='word_1_196' title='bbox 395 2832 585 2915; x_wconf 84' lang='lat' dir='ltr'><strong>Cinolis)</strong></span> <span class='ocrx_word' id='word_1_197' title='bbox 636 2833 691 2895; x_wconf 91' lang='lat' dir='ltr'><strong>Gr.</strong></span> <span class='ocrx_word' id='word_1_198' title='bbox 708 2828 867 2922; x_wconf 77' lang='grc' dir='ltr'><strong>Κίμωλις,</strong></span> <span class='ocrx_word' id='word_1_199' title='bbox 899 2829 1052 2925; x_wconf 61' lang='lat' dir='ltr'><strong>Repulit.</strong></span> <span class='ocrx_word' id='word_1_200' title='bbox 1079 2835 1099 2908; x_wconf 79' lang='lat' dir='ltr'><strong>s.</strong></span> <span class='ocrx_word' id='word_1_201' title='bbox 1122 2831 1276 2910; x_wconf 76' lang='grc' dir='ltr'>Κίνωλις,</span> <span class='ocrx_word' id='word_1_202' title='bbox 1300 2838 1357 2899; x_wconf 79' lang='lat' dir='ltr'><strong>lit·</strong></span> 
     </span>
     <span class='ocr_line' id='line_1_24' title="bbox 317 2931 1355 3018; baseline 0.003 -19"><span class='ocrx_word' id='word_1_203' title='bbox 317 2931 430 3012; x_wconf 79' lang='grc' dir='ltr'><strong>νωλίς;</strong></span> <span class='ocrx_word' id='word_1_204' title='bbox 472 2937 610 3018; x_wconf 85' lang='lat' dir='ltr'><strong>priorem</strong></span> <span class='ocrx_word' id='word_1_205' title='bbox 631 2934 766 2998; x_wconf 82' lang='lat' dir='ltr'><strong>sormam</strong></span> <span class='ocrx_word' id='word_1_206' title='bbox 789 2935 969 3018; x_wconf 84' lang='lat' dir='ltr'><strong>praeierunt</strong></span> <span class='ocrx_word' id='word_1_207' title='bbox 990 2939 1071 3001; x_wconf 89' lang='lat' dir='ltr'><strong>Plin.</strong></span> <span class='ocrx_word' id='word_1_208' title='bbox 1094 2939 1126 3007; x_wconf 88' lang='lat'><strong>6.</strong></span> <span class='ocrx_word' id='word_1_209' title='bbox 1148 2955 1182 3002; x_wconf 72' lang='grc' dir='ltr'><strong>α.</strong></span> <span class='ocrx_word' id='word_1_210' title='bbox 1214 2938 1355 3002; x_wconf 89' lang='lat' dir='ltr'><strong>Ptolem.</strong></span> 
     </span>
    </p>
   </div>
   <div class='ocr_carea' id='block_1_8' title="bbox 189 3037 1359 3122">
    <p class='ocr_par' dir='ltr' id='par_1_8' title="bbox 189 3037 1359 3122">
     <span class='ocr_line' id='line_1_25' title="bbox 189 3037 1359 3122; baseline -0.002 -20"><span class='ocrx_word' id='word_1_211' title='bbox 189 3097 192 3102; x_wconf 89' lang='lat'><strong>.</strong></span> <span class='ocrx_word' id='word_1_212' title='bbox 319 3053 354 3119; x_wconf 84' lang='lat'><strong>5.</strong></span> <span class='ocrx_word' id='word_1_213' title='bbox 373 3053 407 3118; x_wconf 78' lang='lat'><strong>4.</strong></span> <span class='ocrx_word' id='word_1_214' title='bbox 433 3053 465 3100; x_wconf 90' lang='lat' dir='ltr'><strong>et</strong></span> <span class='ocrx_word' id='word_1_215' title='bbox 480 3039 514 3098; x_wconf 90' lang='lat' dir='ltr'><strong>in</strong></span> <span class='ocrx_word' id='word_1_216' title='bbox 529 3038 683 3100; x_wconf 82' lang='lat' dir='ltr'><strong>Strabone</strong></span> <span class='ocrx_word' id='word_1_217' title='bbox 702 3054 756 3101; x_wconf 81' lang='lat'><strong>12·</strong></span> <span class='ocrx_word' id='word_1_218' title='bbox 773 3060 806 3120; x_wconf 82' lang='lat' dir='ltr'><strong>p.</strong></span> <span class='ocrx_word' id='word_1_219' title='bbox 819 3042 900 3116; x_wconf 76' lang='lat'><strong>376,</strong></span> <span class='ocrx_word' id='word_1_220' title='bbox 914 3037 935 3101; x_wconf 87' lang='lat' dir='ltr'><strong>s.</strong></span> <span class='ocrx_word' id='word_1_221' title='bbox 948 3049 1031 3117; x_wconf 77' lang='lat'><strong>545.</strong></span> <span class='ocrx_word' id='word_1_222' title='bbox 1049 3039 1121 3099; x_wconf 92' lang='lat' dir='ltr'><strong>libri</strong></span> <span class='ocrx_word' id='word_1_223' title='bbox 1139 3041 1236 3112; x_wconf 81' lang='lat' dir='ltr'><strong>editi3</strong></span> <span class='ocrx_word' id='word_1_224' title='bbox 1254 3040 1359 3122; x_wconf 70' lang='lat' dir='ltr'><strong>prolie-</strong></span> 
     </span>
    </p>
   </div>
   <div class='ocr_carea' id='block_1_9' title="bbox 316 3139 1357 4136">
    <p class='ocr_par' dir='ltr' id='par_1_9' title="bbox 316 3139 1357 4136">
     <span class='ocr_line' id='line_1_26' title="bbox 317 3139 1356 3222; baseline 0.001 -20"><span class='ocrx_word' id='word_1_225' title='bbox 317 3144 435 3202; x_wconf 87' lang='lat' dir='ltr'><strong>riurem</strong></span> <span class='ocrx_word' id='word_1_226' title='bbox 453 3140 617 3201; x_wconf 75' lang='lat' dir='ltr'><strong>Strabonis</strong></span> <span class='ocrx_word' id='word_1_227' title='bbox 634 3141 768 3208; x_wconf 83' lang='lat' dir='ltr'><strong>codices.</strong></span> <span class='ocrx_word' id='word_1_228' title='bbox 799 3141 975 3202; x_wconf 81' lang='lat' dir='ltr'><strong>Marcianuo</strong></span> <span class='ocrx_word' id='word_1_229' title='bbox 996 3141 1114 3201; x_wconf 86' lang='lat' dir='ltr'><strong>Heracl.</strong></span> <span class='ocrx_word' id='word_1_230' title='bbox 1134 3162 1164 3222; x_wconf 90' lang='lat' dir='ltr'><strong>p.</strong></span> <span class='ocrx_word' id='word_1_231' title='bbox 1177 3157 1234 3212; x_wconf 79' lang='lat'><strong>72.</strong></span> <span class='ocrx_word' id='word_1_232' title='bbox 1253 3139 1356 3204; x_wconf 85' lang='lat' dir='ltr'><strong>liudi.</strong></span> 
     </span>
     <span class='ocr_line' id='line_1_27' title="bbox 317 3237 1355 3326; baseline 0.001 -23"><span class='ocrx_word' id='word_1_233' title='bbox 317 3237 477 3326; x_wconf 69' lang='grc' dir='ltr'>(Κινὼλνς</span> <span class='ocrx_word' id='word_1_234' title='bbox 494 3242 606 3324; x_wconf 83' lang='lat' dir='ltr'><strong>volgo)</strong></span> <span class='ocrx_word' id='word_1_235' title='bbox 635 3243 756 3302; x_wconf 84' lang='lat' dir='ltr'><strong>Arrian.</strong></span> <span class='ocrx_word' id='word_1_236' title='bbox 774 3262 805 3322; x_wconf 91' lang='lat' dir='ltr'><strong>p.</strong></span> <span class='ocrx_word' id='word_1_237' title='bbox 820 3262 865 3302; x_wconf 90' lang='lat' dir='ltr'><strong>m.</strong></span> <span class='ocrx_word' id='word_1_238' title='bbox 882 3255 937 3318; x_wconf 82' lang='lat'><strong>¹5·</strong></span> <span class='ocrx_word' id='word_1_239' title='bbox 963 3261 1142 3320; x_wconf 80' lang='lat' dir='ltr'><strong>anonymus</strong></span> <span class='ocrx_word' id='word_1_240' title='bbox 1157 3245 1189 3302; x_wconf 91' lang='lat' dir='ltr'><strong>in</strong></span> <span class='ocrx_word' id='word_1_241' title='bbox 1206 3238 1355 3322; x_wconf 83' lang='lat' dir='ltr'><strong>descript.</strong></span> 
     </span>
     <span class='ocr_line' id='line_1_28' title="bbox 317 3341 1355 3427; baseline -0.004 -19"><span class='ocrx_word' id='word_1_242' title='bbox 317 3345 416 3408; x_wconf 88' lang='lat' dir='ltr'><strong>Ponti</strong></span> <span class='ocrx_word' id='word_1_243' title='bbox 435 3344 561 3412; x_wconf 86' lang='lat' dir='ltr'><strong>Euxini,</strong></span> <span class='ocrx_word' id='word_1_244' title='bbox 587 3346 621 3402; x_wconf 90' lang='lat' dir='ltr'><strong>in</strong></span> <span class='ocrx_word' id='word_1_245' title='bbox 641 3341 740 3402; x_wconf 81' lang='lat' dir='ltr'><strong>liurls.</strong></span> <span class='ocrx_word' id='word_1_246' title='bbox 762 3343 877 3427; x_wconf 82' lang='lat' dir='ltr'><strong>Geogr.</strong></span> <span class='ocrx_word' id='word_1_247' title='bbox 894 3347 975 3404; x_wconf 86' lang='lat' dir='ltr'><strong>min.</strong></span> <span class='ocrx_word' id='word_1_248' title='bbox 992 3343 1060 3404; x_wconf 93' lang='lat' dir='ltr'><strong>Vol.</strong></span> <span class='ocrx_word' id='word_1_249' title='bbox 1074 3356 1107 3421; x_wconf 77' lang='lat'><strong>3.</strong></span> <span class='ocrx_word' id='word_1_250' title='bbox 1123 3362 1155 3423; x_wconf 88' lang='lat' dir='ltr'><strong>p.</strong></span> <span class='ocrx_word' id='word_1_251' title='bbox 1172 3357 1205 3420; x_wconf 81' lang='lat'><strong>5.</strong></span> <span class='ocrx_word' id='word_1_252' title='bbox 1233 3363 1270 3403; x_wconf 83' lang='lat' dir='ltr'><strong>ex</strong></span> <span class='ocrx_word' id='word_1_253' title='bbox 1286 3361 1355 3423; x_wconf 88' lang='lat' dir='ltr'><strong>quo</strong></span> 
     </span>
     <span class='ocr_line' id='line_1_29' title="bbox 318 3441 1355 3526; baseline -0.003 -18"><span class='ocrx_word' id='word_1_254' title='bbox 318 3447 377 3508; x_wconf 73' lang='lat' dir='ltr'><strong>alia</strong></span> <span class='ocrx_word' id='word_1_255' title='bbox 407 3443 526 3504; x_wconf 82' lang='lat' dir='ltr'><strong>formae</strong></span> <span class='ocrx_word' id='word_1_256' title='bbox 554 3445 687 3504; x_wconf 82' lang='lat' dir='ltr'><strong>mutatio</strong></span> <span class='ocrx_word' id='word_1_257' title='bbox 714 3441 850 3506; x_wconf 86' lang='lat' dir='ltr'><strong>discitur.</strong></span> <span class='ocrx_word' id='word_1_258' title='bbox 905 3445 950 3504; x_wconf 81' lang='lat' dir='ltr'><strong>lta</strong></span> <span class='ocrx_word' id='word_1_259' title='bbox 975 3447 1062 3504; x_wconf 87' lang='lat' dir='ltr'><strong>enim</strong></span> <span class='ocrx_word' id='word_1_260' title='bbox 1091 3443 1162 3512; x_wconf 85' lang='lat' dir='ltr'><strong>ille.</strong></span> <span class='ocrx_word' id='word_1_261' title='bbox 1196 3444 1355 3526; x_wconf 72' lang='grc' dir='ltr'><strong>Κίμωλνς,</strong></span> 
     </span>
     <span class='ocr_line' id='line_1_30' title="bbox 317 3539 1356 3632; baseline -0.004 -23"><span class='ocrx_word' id='word_1_262' title='bbox 317 3548 440 3628; x_wconf 84' lang='lat' dir='ltr'><strong>iuquit,</strong></span> <span class='ocrx_word' id='word_1_263' title='bbox 467 3543 522 3608; x_wconf 88' lang='grc' dir='ltr'><strong>νῦν</strong></span> <span class='ocrx_word' id='word_1_264' title='bbox 543 3539 688 3628; x_wconf 66' lang='grc' dir='ltr'>Κινῶλης</span> <span class='ocrx_word' id='word_1_265' title='bbox 709 3539 886 3632; x_wconf 66' lang='grc' dir='ltr'>λεγομένη,</span> <span class='ocrx_word' id='word_1_266' title='bbox 912 3544 965 3605; x_wconf 84' lang='lat' dir='ltr'><strong>etit</strong></span> <span class='ocrx_word' id='word_1_267' title='bbox 987 3546 1020 3604; x_wconf 93' lang='lat' dir='ltr'><strong>in</strong></span> <span class='ocrx_word' id='word_1_268' title='bbox 1042 3543 1265 3624; x_wconf 73' lang='lat' dir='ltr'><strong>posterioribus</strong></span> <span class='ocrx_word' id='word_1_269' title='bbox 1285 3543 1356 3606; x_wconf 85' lang='lat' dir='ltr'><strong>scri·</strong></span> 
     </span>
     <span class='ocr_line' id='line_1_31' title="bbox 316 3645 1356 3732; baseline 0.001 -23"><span class='ocrx_word' id='word_1_270' title='bbox 316 3649 462 3732; x_wconf 85' lang='lat' dir='ltr'><strong>ptoribue</strong></span> <span class='ocrx_word' id='word_1_271' title='bbox 498 3647 585 3707; x_wconf 80' lang='lat' dir='ltr'><strong>urbia</strong></span> <span class='ocrx_word' id='word_1_272' title='bbox 623 3647 823 3707; x_wconf 85' lang='lat' dir='ltr'><strong>mentionem</strong></span> <span class='ocrx_word' id='word_1_273' title='bbox 856 3666 923 3708; x_wconf 90' lang='lat' dir='ltr'><strong>noo</strong></span> <span class='ocrx_word' id='word_1_274' title='bbox 957 3647 1078 3708; x_wconf 85' lang='lat' dir='ltr'><strong>inveni.</strong></span> <span class='ocrx_word' id='word_1_275' title='bbox 1148 3645 1235 3706; x_wconf 89' lang='lat' dir='ltr'><strong>Turn</strong></span> <span class='ocrx_word' id='word_1_276' title='bbox 1266 3649 1356 3710; x_wconf 86' lang='lat' dir='ltr'><strong>idem</strong></span> 
     </span>
     <span class='ocr_line' id='line_1_32' title="bbox 318 3745 1357 3836; baseline -0.004 -23"><span class='ocrx_word' id='word_1_277' title='bbox 318 3745 429 3836; x_wconf 67' lang='grc' dir='ltr'>κώμην</span> <span class='ocrx_word' id='word_1_278' title='bbox 451 3762 564 3818; x_wconf 80' lang='lat' dir='ltr'><strong>vocat,</strong></span> <span class='ocrx_word' id='word_1_279' title='bbox 600 3763 639 3809; x_wconf 92' lang='lat' dir='ltr'><strong>ut</strong></span> <span class='ocrx_word' id='word_1_280' title='bbox 661 3747 849 3810; x_wconf 75' lang='lat' dir='ltr'><strong>Marcianus.</strong></span> <span class='ocrx_word' id='word_1_281' title='bbox 902 3747 1096 3809; x_wconf 66' lang='lat' dir='ltr'><strong>turritano</strong></span> <span class='ocrx_word' id='word_1_282' title='bbox 1116 3749 1297 3830; x_wconf 89' lang='lat' dir='ltr'><strong>emporium</strong></span> <span class='ocrx_word' id='word_1_283' title='bbox 1321 3761 1357 3809; x_wconf 85' lang='lat' dir='ltr'><strong>et</strong></span> 
     </span>
     <span class='ocr_line' id='line_1_33' title="bbox 318 3849 1356 3933; baseline -0.004 -17"><span class='ocrx_word' id='word_1_284' title='bbox 318 3851 407 3916; x_wconf 86' lang='lat' dir='ltr'><strong>ilatio</strong></span> <span class='ocrx_word' id='word_1_285' title='bbox 425 3851 557 3910; x_wconf 86' lang='lat' dir='ltr'><strong>navium</strong></span> <span class='ocrx_word' id='word_1_286' title='bbox 574 3849 618 3909; x_wconf 90' lang='lat' dir='ltr'><strong>ibi</strong></span> <span class='ocrx_word' id='word_1_287' title='bbox 641 3863 921 3911; x_wconf 86' lang='lat' dir='ltr'><strong>commemoratur.</strong></span> <span class='ocrx_word' id='word_1_288' title='bbox 955 3851 1082 3926; x_wconf 84' lang='lat' dir='ltr'><strong>Scylaci.</strong></span> <span class='ocrx_word' id='word_1_289' title='bbox 1108 3849 1164 3909; x_wconf 84' lang='lat' dir='ltr'><strong>etii</strong></span> <span class='ocrx_word' id='word_1_290' title='bbox 1187 3852 1284 3933; x_wconf 76' lang='lat' dir='ltr'><strong>volgo</strong></span> <span class='ocrx_word' id='word_1_291' title='bbox 1308 3853 1356 3912; x_wconf 91' lang='lat' dir='ltr'><strong>ibi</strong></span> 
     </span>
     <span class='ocr_line' id='line_1_34' title="bbox 318 3945 1355 4038; baseline -0.001 -22"><span class='ocrx_word' id='word_1_292' title='bbox 318 3955 402 4016; x_wconf 80' lang='lat' dir='ltr'><strong>mele</strong></span> <span class='ocrx_word' id='word_1_293' title='bbox 436 3945 576 4038; x_wconf 74' lang='grc' dir='ltr'>Κορωνὶς</span> <span class='ocrx_word' id='word_1_294' title='bbox 610 3952 743 4034; x_wconf 83' lang='lat' dir='ltr'><strong>legitur.</strong></span> <span class='ocrx_word' id='word_1_295' title='bbox 777 3950 820 4011; x_wconf 88' lang='lat' dir='ltr'><strong>est</strong></span> <span class='ocrx_word' id='word_1_296' title='bbox 853 3945 948 4020; x_wconf 81' lang='grc' dir='ltr'>πόλις</span> <span class='ocrx_word' id='word_1_297' title='bbox 978 3945 1135 4034; x_wconf 70' lang='grc' dir='ltr'><strong>Ἑλληνίς.</strong></span> <span class='ocrx_word' id='word_1_298' title='bbox 1196 3949 1355 4015; x_wconf 78' lang='lat' dir='ltr'><strong>Abulsede</strong></span> 
     </span>
     <span class='ocr_line' id='line_1_35' title="bbox 318 4051 1094 4136; baseline -0.005 -20"><span class='ocrx_word' id='word_1_299' title='bbox 318 4055 383 4118; x_wconf 82' lang='lat' dir='ltr'><strong>tab.</strong></span> <span class='ocrx_word' id='word_1_300' title='bbox 403 4064 460 4130; x_wconf 81' lang='lat'><strong>18.</strong></span> <span class='ocrx_word' id='word_1_301' title='bbox 485 4073 517 4136; x_wconf 89' lang='lat' dir='ltr'><strong>p.</strong></span> <span class='ocrx_word' id='word_1_302' title='bbox 535 4067 621 4135; x_wconf 78' lang='lat'><strong>509.</strong></span> <span class='ocrx_word' id='word_1_303' title='bbox 643 4052 790 4114; x_wconf 78' lang='lat' dir='ltr'><strong>nominat</strong></span> <span class='ocrx_word' id='word_1_304' title='bbox 810 4051 922 4115; x_wconf 80' lang='lat' dir='ltr'><strong>Kiuulr&#39;</strong></span> <span class='ocrx_word' id='word_1_305' title='bbox 936 4054 976 4114; x_wconf 83' lang='lat' dir='ltr'><strong>ed</strong></span> <span class='ocrx_word' id='word_1_306' title='bbox 997 4071 1094 4114; x_wconf 87' lang='lat' dir='ltr'><strong>mare.</strong></span> 
     </span>
    </p>
   </div>
   <div class='ocr_carea' id='block_1_10' title="bbox 0 0 1466 4948">
    <p class='ocr_par' dir='ltr' id='par_1_10' title="bbox 0 0 1466 4948">
     <span class='ocr_line' id='line_1_36' title="bbox 0 0 1466 4948; baseline 0 0"><span class='ocrx_word' id='word_1_307' title='bbox 0 0 1466 4948; x_wconf 95' lang='lat' dir='ltr'><strong> </strong></span> 
     </span>
    </p>
   </div>
  </div>
 </body>
</html>
