2764 4958
310 429 371 492 262
579 431 743 492 NOTAE
783 429 1085 488 EXEGETICAE

378 601 722 689 fotephanrinen)
761 607 817 669 Gr.
837 600 1077 690 Ἐλεφαντίνῃ.
1096 605 1145 664 uti
1161 621 1233 667 mm
1246 599 1338 664 llere·

319 711 395 773 doto
415 725 446 778 2.
471 727 527 788 29.
559 707 714 772 Strabone
735 724 788 782 ¹7·
806 729 837 790 p.
854 718 938 787 541.
955 707 976 770 l.
995 721 1080 786 8¹7·
1107 706 1295 770 Heliodorus
1309 706 1339 764 in

319 812 469 892 Aethiop.
487 805 610 892 paii'nn.
623 811 773 892 ¹driilideo
787 813 828 873 T.
846 826 876 872 a.
895 831 926 892 p.
942 831 987 872 m.
1001 819 1083 889 348.
1108 806 1341 892 Agatharchides

323 915 363 975 de
384 913 462 972 meri
482 912 579 972 rubro
596 933 623 973 ce
642 931 676 991 9.
698 933 729 995 p.
749 929 804 973 oe.
826 911 924 976 lludl.
957 911 1190 992 Tlreophraiiue
1205 909 1243 970 de
1257 905 1345 991 lapid.

322 1035 355 1097 p.
373 1035 416 1076 m.
435 1014 518 1092 896.
540 1013 665 1094 aliique.
719 1015 768 1076 De
789 1013 908 1074 diverse
933 1013 1159 1075 terminatione
1183 1013 1298 1072 dicture
1316 1007 1346 1066 in

323 1116 409 1176 notia
425 1115 553 1175 criticie.
597 1115 675 1175 lude
692 1111 927 1188 ‘Elroaurlvur
945 1131 977 1177 et
995 1110 1233 1196 Ἐλεφαντίτης
1250 1110 1348 1170 dicun·

325 1229 387 1278 tur.
437 1213 547 1276 Noller
568 1215 679 1276 urbem
701 1217 889 1299 Aegyptiam
913 1217 1005 1285 dicit.
1036 1212 1293 1277 nostrarunl.
1320 1221 1350 1270 et

326 1315 525 1398 stephanon
564 1317 618 1378 ille
645 1317 737 1398 ponit
762 1319 794 1376 in
827 1319 943 1380 linibur
968 1317 1154 1400 Aethiopiae
1176 1330 1208 1378 ot
1232 1315 1351 1392 Syenen

327 1417 416 1478 addit
438 1430 491 1490 ¹7·
515 1437 548 1498 p.
564 1427 648 1497 541.
670 1416 690 1478 l.
707 1431 790 1495 787.
813 1433 979 1500 utrumque
999 1422 1128 1480 Tacitne
1150 1421 1182 1478 in
1202 1413 1308 1478 Annei.
1325 1425 1352 1480 2.

332 1513 694 1612 61.f.ctanstraotlm
728 1521 868 1580 Romani
892 1521 1013 1598 imperii
1037 1519 1127 1582 fuiffe
1155 1519 1269 1580 scribit.
1312 1511 1354 1574 dd

328 1635 401 1678 eam
426 1638 527 1698 urqne
552 1617 580 1679 le
600 1620 793 1703 progreilum
820 1621 879 1684 elle
906 1623 939 1682 in
964 1623 1078 1683 itinere
1102 1622 1238 1704 Aegypti
1264 1625 1356 1678 narrat

332 1719 519 1780 Herodotu'e
538 1733 569 1790 u,
596 1738 653 1800 29.
681 1723 874 1803 ulteriusque
893 1725 1001 1804 paullo
1022 1726 1060 1784 ad
1082 1723 1284 1784 catarrhactas
1302 1715 1358 1776 dti-

332 1817 437 1883 itiner.
476 1822 559 1882 Loca
580 1821 667 1884 dabit
694 1823 779 1885 lebb.
803 1825 842 1886 de
856 1823 1000 1886 'Aristidi
1018 1827 1085 1886 vita
1102 1827 1135 1893 6.
1163 1840 1195 1886 a.
1235 1821 1304 1886 dlii,
1328 1825 1360 1874 nt

332 1917 537 1984 Ptolemaeus
551 1935 585 2000 4,
603 1936 634 2001 5.
661 1925 744 1988 Plin.
761 1945 788 1987 c.
807 1927 829 1988 l.
856 1927 968 1989 Strabo
985 1947 1012 1989 e.
1033 1927 1053 1986 l.
1082 1923 1217 1986 insulam
1241 1921 1360 1983 iaciunt.

334 2023 463 2084 dimidii
493 2024 545 2085 hic
569 2023 655 2086 stadii
678 2025 800 2086 ambitu
822 2047 894 2088 cum
918 2029 1013 2098 urbe.
1047 2027 1080 2088 iu
1105 2046 1169 2108 qna
1194 2017 1363 2104 Cnnphidit

338 2126 496 2206 templum
511 2123 572 2185 tuit
590 2140 621 2187 et
638 2127 867 2188 Nilometrium
886 2129 918 2190 in
942 2143 1051 2210 puteo.
1092 2129 1141 2188 Ex
1164 2121 1363 2208 superioribue

336 2229 474 2306 adparet.
499 2227 637 2287 vicinam
652 2227 741 2290 inille
756 2231 888 2309 Syenae,
914 2235 962 2290 uti
978 2243 1010 2292 et
1026 2227 1139 2291 diserte
1158 2229 1252 2288 tradit
1268 2223 1364 2285 Theo·

337 2327 450 2408 pbrall.
468 2327 508 2388 de
524 2327 681 2410 lapidibus
698 2350 729 2410 p.
745 2349 789 2392 m.
810 2333 892 2410 596.
914 2329 985 2412 (erl.
1005 2327 1135 2411 Heius.)
1162 2344 1324 2407 utramque
1337 2322 1365 2378 in

340 2429 408 2512 ripa
421 2427 492 2490 'Nili
513 2429 726 2492 interfluentis
742 2431 828 2492 litem
850 2429 937 2493 inille
957 2433 1049 2492 tradit
1064 2430 1213 2492 Aristiden
1228 2431 1321 2491 Tom.
1339 2439 1365 2481 2·

340 2541 374 2608 p.
399 2549 443 2590 m.
471 2539 555 2608 544.
606 2531 716 2592 Errare
741 2533 838 2615 igitur
865 2535 993 2594 videtur
1017 2533 1141 2594 Plinius
1166 2543 1200 2608 5.
1226 2549 1280 2593 to.
1299 2525 1319 2587 s·
1336 2539 1364 2602 9·

341 2633 398 2709 qui
413 2627 500 2711 supra
515 2631 642 2707 Syenen
664 2635 716 2694 16.
734 2631 781 2695 Μ.
795 2633 832 2697 P.
849 2637 953 2716 ponit,
974 2635 1049 2695 licet
1063 2633 1257 2706 Strabonem
1273 2628 1369 2712 potiut

342 2731 549 2812 deprevatum
567 2734 644 2793 velit
662 2733 856 2796 llarduinue.
896 2735 966 2798 Vid.
983 2734 1143 2796 d'dnville
1161 2755 1195 2815 p.
1216 2721 1368 2808 11411·

343 2843 377 2891 et
397 2833 430 2893 iu
450 2833 561 2914 primia
582 2833 709 2897 Salmas.
730 2835 768 2895 ad
785 2837 886 2898 Solin.
905 2857 937 2918 p.
953 2857 997 2898 m.
1016 2850 1101 2914 311.
1124 2837 1181 2914 qui
1199 2825 1371 2915 Elephanti·

343 2950 408 2992 nen
433 2947 465 2992 et
485 2933 590 2997 Philae
608 2955 647 2997 ex
668 2955 773 2997 errore
797 2939 1003 2999 mnemonico
1028 2935 1183 2998 milcuille
1207 2946 1314 3018 putat.
1344 2937 1371 2986 et

344 3031 528 3120 Welleling.
548 3036 585 3096 orl
604 3037 758 3100 Antonin.
773 3039 878 3100 itiner.
895 3057 926 3120 p.
950 3040 1028 3117 164.
1062 3035 1253 3100 Strabonem
1273 3029 1372 3114 probet

345 3137 440 3196 etiem
458 3139 595 3198 narratio
609 3138 766 3200 Pocockii
781 3139 821 3200 Τ.
845 3159 873 3200 1.
891 3160 922 3221 p.
940 3160 985 3202 m.
1005 3140 1085 3212 176.
1140 3135 1265 3220 Quodli
1288 3129 1372 3193 hodio

349 3235 454 3316 Syene
476 3239 592 3298 dicitur
614 3231 752 3328 Affirarr,
790 3239 1004 3319 Elephantine
1028 3239 1070 3301 est
1096 3238 1264 3318 Etosag.
1290 3247 1372 3316 parra

349 3337 463 3410 insula,
487 3359 582 3420 quem
604 3339 784 3401 describunt
809 3339 942 3402 Norden
963 3362 995 3422 p.
1013 3354 1096 3419 355.
1124 3338 1274 3400 Pococlte
1291 3337 1319 3396 T
1323 3379 1329 3396 .
1350 3351 1372 3394 t·

348 3457 376 3502 o.
393 3440 416 3501 l.
437 3439 511 3523 (qui
526 3453 631 3500 tamen
649 3442 682 3500 in
700 3441 802 3502 tabula
821 3439 966 3522 adposuit
987 3441 1059 3501 hod.
1079 3432 1243 3526 Bertisnr)
1268 3439 1372 3508 Sarery

348 3541 447 3604 Tom.
468 3559 498 3604 o.
522 3563 553 3624 p.
577 3553 656 3619 118.
680 3543 734 3623 qui
751 3543 864 3603 urbem
883 3540 1072 3603 intercidille
1088 3556 1119 3603 et
1135 3545 1205 3601 eiue
1219 3535 1372 3600 ruderilutt

347 3642 501 3726 exiguum
528 3643 684 3723 oppidum
710 3641 949 3726 superstructum
978 3641 1067 3703 inille
1100 3639 1207 3703 refert.
1260 3637 1372 3702 Ruderl

351 3763 453 3825 nuper
474 3745 619 3803 exhibuit
637 3746 751 3804 Denon
770 3743 861 3806 nette
881 3764 914 3824 p.
933 3759 1002 3818 203
1023 3743 1064 3824 tq.
1092 3745 1148 3803 nbi
1171 3744 1261 3824 plura
1283 3743 1320 3800 de
1338 3738 1372 3794 in·

257 3915 264 3940 ἢ
353 3841 415 3905 lule
432 3859 465 3906 et
484 3844 574 3906 urbe.
624 3845 816 3924 Aegyptiam
832 3858 939 3904 autem
958 3844 1059 3906 noller
1077 3846 1181 3912 addit,
1207 3864 1243 3902 111
1266 3845 1372 3901 innuet.

352 3948 429 4009 inde
448 3947 578 4006 initium
601 3945 661 4006 else
682 3946 837 4029 Aegypti.
867 3965 940 4006 cnm
958 3947 987 4005 T
989 3943 1157 4027 echnmpio
1175 3941 1304 4003 insulae
1321 3937 1370 4018 91ιὶ

352 4049 486 4115 burdam
502 4048 692 4132 Aethiopiae
712 4047 925 4118 adtribuatur,
950 4047 1036 4148 quod
1056 4060 1089 4110 et
1110 4045 1223 4110 diserte
1246 4043 1372 4106 adfirmo*
