2852 4946
318 421 381 488 ³90
587 404 749 465 uorsa
790 402 1093 463 axaonrtcsa

321 579 453 646 Malalas
472 577 508 640 in
524 575 704 662 chronogr.
720 577 775 640 lib.
794 589 827 656 ss.
844 599 876 661 p.
892 587 951 658 35.
966 579 1048 642 Ven.
1070 610 1121 628 -
1152 575 1347 642 Dislenlionis
1398 611 1399 622 ι

323 679 411 746 causa
433 681 539 762 quaeri
555 680 650 742 debet
667 681 701 740 in
721 681 889 762 utriusque
910 682 1049 766 regionis
1066 682 1207 744 confinio
1229 681 1348 760 eiusque

323 785 414 867 vagis
431 783 583 844 terminis.
636 783 674 841 ln
688 782 829 843 confinio
844 793 951 844 autem
966 780 1055 845 inille
1069 783 1157 844 litam
1180 781 1302 864 adparet
1316 799 1349 840 ex

323 885 432 950 Plinio
453 895 487 962 5,
513 882 568 962 ια.
591 877 613 945 l.
628 899 688 946 us.
721 895 754 944 et
775 881 938 946 Strabonis
960 884 1030 946 loco
1054 883 1110 946 lib.
1133 884 1188 948 ι6.
1219 904 1250 966 p.
1274 895 1348 960 517.

322 983 345 1050 l.
366 999 412 1064 75
424 1007 450 1048 t.
485 985 551 1068 Qui
567 984 739 1046 accuratius
753 983 925 1067 deliguant,
943 975 1070 1067 ponunt
1085 986 1122 1046 ad
1137 999 1243 1067 portas
1257 985 1351 1061 Syrias

325 1109 343 1150 a
359 1100 468 1172 tergo,
494 1101 531 1147 ιιι
545 1085 678 1156 Plinius,
706 1085 789 1146 inter
805 1084 900 1144 illum
919 1101 950 1147 et
966 1087 1159 1154 Seleuciam,
1186 1101 1223 1148 ut
1238 1084 1350 1151 Strabo,

323 1191 408 1251 inter
419 1187 595 1250 Seleuciam
610 1202 642 1249 et
653 1185 872 1248 Alexandriam
887 1187 923 1246 ad
938 1185 1042 1253 llluru.
1060 1202 1097 1247 ut
1112 1187 1225 1253 tabula.
1242 1187 1349 1267 Geogr.

323 1291 470 1354 Ravenn.
494 1308 523 1351 c.
544 1288 566 1350 l.
626 1289 664 1349 ln
697 1287 809 1370 primis
845 1285 910 1347 huc
942 1285 1046 1349 arceffi
1078 1287 1181 1372 potest
1213 1287 1352 1350 Theodo-

323 1389 500 1454 aetnaei.
530 1389 585 1470 qui
608 1388 646 1448 stc
668 1389 804 1448 iudicat:
839 1382 906 1451 ἔστι
927 1385 1067 1451 Κίλισσα
1093 1383 1189 1460 πόλις
1214 1385 1245 1452 ἐν
1270 1375 1353 1470 δεξιᾷ

324 1486 504 1558 εἰσπλέοντι
528 1485 586 1553 τὸν
618 1486 766 1550 Κιλίκιον
793 1483 929 1554 κόλπον.
981 1491 1059 1553 lude
1092 1491 1219 1551 ducitur
1245 1489 1353 1574 gentile

224 1651 226 1658 ,
322 1581 471 1666 Ῥωσεῖις,
495 1590 698 1674 (Stephanus
715 1604 747 1651 et
763 1587 875 1672 nttmi)
902 1604 973 1652 tum
987 1585 1148 1670 Ῥωσικὸς,
1172 1592 1274 1654 veluti
1288 1581 1355 1650 σκὸ·

324 1691 434 1767 arslot,
451 1692 653 1775 (Stephanus,
671 1691 876 1755 Ptolemaeus
884 1713 910 1754 c.
921 1693 958 1766 1.)
980 1690 1127 1780 κέραμος,
1146 1713 1243 1776 quem
1259 1691 1356 1752 laudat

324 1794 511 1860 Athenaeus
528 1793 582 1854 lib.
600 1793 633 1862 6.
650 1807 683 1872 3.
697 1815 729 1874 p.
744 1813 789 1856 m.
805 1810 888 1872 229.
913 1809 945 1854 et
962 1785 1205 1859 εὐανθέστατον
1223 1807 1311 1855 vocat
1327 1793 1356 1850 in

325 1896 405 1958 luxu
437 1893 653 1976 sumtibusque
680 1895 865 1977 Cleopatrae
891 1897 1052 1959 notandis.
1107 1895 1210 1958 Porro
1234 1887 1357 1965 Ῥὼσιος

324 1991 423 2086 λιμὴν
457 2011 729 2058 commemoratur
754 2015 771 2056 a
798 1996 959 2074 Polyaeno
983 2007 1017 2076 4,
1043 1995 1075 2070 6,
1098 2014 1134 2076 9.
1186 1996 1294 2058 Hodie
1318 1993 1357 2053 ibi

325 2099 426 2162 multa
440 2098 552 2158 rudera
568 2095 707 2179 conspici
723 2117 760 2158 ex
774 2097 908 2158 aliorum
924 2097 1056 2178 quidem
1067 2097 1277 2167 sermonibus,
1301 2091 1357 2176 ipis

325 2201 380 2262 illa
407 2197 538 2284 regione
562 2199 686 2269 relicta,
717 2210 911 2282 cognoverat
933 2197 1099 2268 Pococlre,
1129 2199 1188 2278 (T.
1211 2215 1245 2262 s.
1267 2221 1297 2280 p.
1317 2215 1356 2256 m.

327 2301 434 2380 264.)
461 2301 516 2390 qui
536 2313 568 2362 et
587 2299 700 2362 urbem
723 2294 821 2382 ipsam
847 2299 881 2360 in
913 2301 1100 2384 cognomini
1125 2314 1238 2362 moute
1261 2299 1355 2382 ponit.

326 2401 424 2470 Certe
434 2418 532 2494 mons
548 2400 701 2463 Ilhoiicus
725 2394 924 2481 (σκόπελος)
944 2403 1047 2462 nautis
1067 2401 1215 2462 innotuit
1233 2399 1357 2462 nomine

329 2501 423 2580 Capu
438 2501 531 2581 Hog,
558 2515 595 2562 nt
612 2502 700 2564 idem
715 2499 811 2564 refert
824 2503 864 2564 T.
881 2517 914 2566 2.
932 2522 964 2586 p.
981 2523 1025 2566 m.
1041 2505 1125 2584 263.
1141 2503 1227 2576 aliae,
1250 2501 1357 2564 eodem

327 2601 419 2674 telle,
446 2599 530 2663 Iebel
546 2593 673 2704 *Totosa

402 2803 565 2888 Lycos)
600 2806 653 2870 Sic
669 2819 702 2866 et
719 2807 839 2872 Graeci.
874 2805 1016 2878 Fluebat,
1039 2807 1123 2870 inter
1138 2803 1359 2886 Palaebyblum

322 2903 385 2992 (ut
418 2926 478 2990 pro
512 2909 644 2992 vulgato
677 2903 809 2984 Βύβλος
835 2909 952 2971 habent
977 2907 1109 2990 lissei)
1141 2922 1174 2972 et
1197 2909 1359 2988 Berytum.

327 3005 463 3093 (Strabo
484 3006 541 3070 lib.
564 3010 617 3072 16.
643 3031 675 3091 p.
697 3023 779 3088 520.
798 3009 817 3072 i.
838 3006 943 3094 755.)
993 3009 1163 3074 Consentit
1184 3009 1309 3071 Plinius
1330 3015 1358 3082 5·

334 3127 391 3193 ²7·
406 3107 428 3172 l.
441 3125 498 3172 so.
523 3121 646 3170 tautum
665 3113 748 3191 quorl
766 3110 834 3194 poli
843 3113 998 3190 Berytum
1012 3111 1148 3174 oilendit
1163 3113 1249 3172 inter
1265 3110 1360 3169 Leon·

329 3223 389 3274 lon
414 3211 568 3292 oppidum
593 3223 626 3272 et
651 3211 817 3290 Berytum.
871 3213 1007 3275 Flumen
1032 3211 1120 3274 leon
1152 3209 1214 3274 effe
1241 3210 1361 3272 videtur

329 3313 415 3394 apud
438 3311 657 3374 Ptolemaeum
676 3325 709 3388 5,
734 3325 787 3390 ¹5·
819 3315 890 3395 quia
913 3315 1098 3396 proximum
1121 3311 1168 3373 illi
1190 3310 1266 3374 facit
1287 3309 1360 3370 Ado·

330 3415 441 3476 uidem
458 3413 608 3481 fluvium,
631 3415 685 3494 qui
701 3415 784 3498 aputl
801 3413 943 3476 Plinium
961 3415 1069 3492 Lycon
1086 3411 1235 3496 [equitur.
1272 3407 1360 3472 Navi·

330 3513 469 3598 gabilem
496 3512 568 3576 iacit
588 3514 700 3576 Strabo
728 3517 783 3578 16.
803 3536 835 3597 p.
854 3528 939 3595 519.
964 3513 985 3578 l.
1003 3526 1087 3594 755.
1120 3528 1153 3577 et
1174 3515 1260 3576 inter
1286 3511 1360 3572 ditos

330 3627 461 3677 montes
483 3616 669 3698 praecipites
687 3616 721 3675 in
737 3637 822 3678 mare
837 3617 948 3678 evolvi
965 3630 1066 3678 narrat
1082 3615 1252 3678 Maundrel
1266 3633 1296 3696 p.
1306 3621 1359 3688 48·

332 3715 395 3801 (T.
415 3736 443 3779 ι.
462 3717 496 3777 in
509 3717 627 3777 Paulus
641 3717 832 3802 Sammluug
847 3713 917 3800 -)
955 3719 1109 3780 Tractum
1129 3735 1245 3778 eorum
1261 3709 1359 3776 excilis

330 3817 464 3899 rupibus
485 3817 633 3900 pervium
655 3813 757 3880 fecisse
776 3819 977 3880 Antoninum
1000 3815 1246 3900 philosophum,
1272 3814 1360 3875 etiam

331 3920 437 3982 adhue
461 3932 672 3981 monumenta
694 3919 860 3992 testantur,
894 3921 944 3981 uti
969 3933 1059 3982 notat
1085 3921 1180 3981 eliam
1208 3916 1359 3978 Menoetii

333 4017 451 4102 Geogr.
469 4021 539 4080 Vol.
559 4019 592 4082 6.
614 4019 651 4082 P.
672 4039 701 4082 1.
725 4041 757 4102 p.
775 4031 859 4098 381.
887 4019 943 4083 etst
962 4021 1127 4084 Aurelium
1151 4027 1305 4080 memorat
1325 4027 1360 4072 ex

331 4116 538 4204 inscriptione
558 4117 708 4186 Poeoeke
733 4123 832 4187 Tum.
855 4143 888 4208 p.
915 4141 961 4188 m.
988 4131 1072 4208 134.
1122 4113 1230 4185 Hodie
1252 4113 1360 4184 arabes
