<?xml version="1.0" encoding="UTF-8"?>
<!DOCTYPE html PUBLIC "-//W3C//DTD XHTML 1.0 Transitional//EN"
    "http://www.w3.org/TR/xhtml1/DTD/xhtml1-transitional.dtd">
<html xmlns="http://www.w3.org/1999/xhtml" xml:lang="en" lang="en">
 <head>
  <title>
</title>
<meta http-equiv="Content-Type" content="text/html;charset=utf-8" />
  <meta name='ocr-system' content='tesseract 3.04.00' />
  <meta name='ocr-capabilities' content='ocr_page ocr_carea ocr_par ocr_line ocrx_word'/>
</head>
<body>
  <div class='ocr_page' id='page_1' title='image "./pomponiimelaede06melagoog_0612.png"; bbox 0 0 2922 4958; ppageno 0'>
   <div class='ocr_carea' id='block_1_1' title="bbox 218 364 1101 426">
    <p class='ocr_par' dir='ltr' id='par_1_1' title="bbox 218 364 1101 426">
     <span class='ocr_line' id='line_1_1' title="bbox 218 364 1101 426; baseline -0.002 0"><span class='ocrx_word' id='word_1_1' title='bbox 218 377 222 384; x_wconf 87' lang='lat'>&#39;</span> <span class='ocrx_word' id='word_1_2' title='bbox 322 364 386 426; x_wconf 79' lang='lat'><strong>606</strong></span> <span class='ocrx_word' id='word_1_3' title='bbox 593 366 756 426; x_wconf 74' lang='lat' dir='ltr'><strong>Nom</strong></span> <span class='ocrx_word' id='word_1_4' title='bbox 796 367 1101 426; x_wconf 67' lang='lat' dir='ltr'><strong>nxsson‘rrcrn</strong></span> 
     </span>
    </p>
   </div>
   <div class='ocr_carea' id='block_1_2' title="bbox 323 538 1381 1131">
    <p class='ocr_par' dir='ltr' id='par_1_2' title="bbox 323 538 1381 1131">
     <span class='ocr_line' id='line_1_2' title="bbox 323 538 1377 626; baseline 0.001 -20"><span class='ocrx_word' id='word_1_5' title='bbox 323 561 461 625; x_wconf 86' lang='lat' dir='ltr'><strong>nempe.</strong></span> <span class='ocrx_word' id='word_1_6' title='bbox 495 539 582 622; x_wconf 84' lang='lat' dir='ltr'><strong>quod</strong></span> <span class='ocrx_word' id='word_1_7' title='bbox 607 538 721 602; x_wconf 82' lang='lat' dir='ltr'><strong>Noster</strong></span> <span class='ocrx_word' id='word_1_8' title='bbox 744 543 803 610; x_wconf 79' lang='lat' dir='ltr'>ait,</span> <span class='ocrx_word' id='word_1_9' title='bbox 837 541 1038 622; x_wconf 83' lang='lat' dir='ltr'><strong>quia,torree</strong></span> <span class='ocrx_word' id='word_1_10' title='bbox 1063 543 1183 626; x_wconf 72' lang='lat' dir='ltr'><strong>ligneae</strong></span> <span class='ocrx_word' id='word_1_11' title='bbox 1209 539 1377 607; x_wconf 77' lang='lat' dir='ltr'><strong>subibant.</strong></span> 
     </span>
     <span class='ocr_line' id='line_1_3' title="bbox 324 641 1379 728; baseline 0 -21"><span class='ocrx_word' id='word_1_12' title='bbox 324 645 413 708; x_wconf 86' lang='lat' dir='ltr'><strong>Hinc</strong></span> <span class='ocrx_word' id='word_1_13' title='bbox 438 642 507 704; x_wconf 82' lang='lat' dir='ltr'>[aris</span> <span class='ocrx_word' id='word_1_14' title='bbox 527 641 658 724; x_wconf 82' lang='lat' dir='ltr'><strong>quidem</strong></span> <span class='ocrx_word' id='word_1_15' title='bbox 679 653 804 702; x_wconf 83' lang='lat' dir='ltr'><strong>remote</strong></span> <span class='ocrx_word' id='word_1_16' title='bbox 827 657 859 703; x_wconf 91' lang='lat' dir='ltr'><strong>et</strong></span> <span class='ocrx_word' id='word_1_17' title='bbox 881 643 1003 705; x_wconf 82' lang='lat' dir='ltr'>duriter</span> <span class='ocrx_word' id='word_1_18' title='bbox 1025 642 1210 705; x_wconf 80' lang='lat' dir='ltr'><strong>Duracerim</strong></span> <span class='ocrx_word' id='word_1_19' title='bbox 1239 659 1379 728; x_wconf 74' lang='lat' dir='ltr'><strong>gentem</strong></span> 
     </span>
     <span class='ocr_line' id='line_1_4' title="bbox 326 741 1380 836; baseline 0.003 -28"><span class='ocrx_word' id='word_1_20' title='bbox 326 760 419 808; x_wconf 80' lang='lat' dir='ltr'><strong>vocat</strong></span> <span class='ocrx_word' id='word_1_21' title='bbox 436 747 550 806; x_wconf 81' lang='lat' dir='ltr'><strong>livien.</strong></span> <span class='ocrx_word' id='word_1_22' title='bbox 567 763 598 803; x_wconf 84' lang='grc' dir='ltr'><strong>ν.</strong></span> <span class='ocrx_word' id='word_1_23' title='bbox 611 743 697 822; x_wconf 78' lang='grc'><strong>946.</strong></span> <span class='ocrx_word' id='word_1_24' title='bbox 721 743 793 823; x_wconf 81' lang='lat' dir='ltr'>quia</span> <span class='ocrx_word' id='word_1_25' title='bbox 809 743 1018 823; x_wconf 80' lang='lat' dir='ltr'><strong>Dionyfiuoc.</strong></span> <span class='ocrx_word' id='word_1_26' title='bbox 1033 745 1055 806; x_wconf 92' lang='lat' dir='ltr'><strong>l.</strong></span> <span class='ocrx_word' id='word_1_27' title='bbox 1075 747 1214 806; x_wconf 81' lang='lat' dir='ltr'><strong>dixerat:</strong></span> <span class='ocrx_word' id='word_1_28' title='bbox 1243 741 1277 808; x_wconf 84' lang='lat' dir='ltr'><strong>oi</strong></span> <span class='ocrx_word' id='word_1_29' title='bbox 1296 742 1380 836; x_wconf 83' lang='grc' dir='ltr'>μόσ-</span> 
     </span>
     <span class='ocr_line' id='line_1_5' title="bbox 326 839 1381 931; baseline -0.002 -19"><span class='ocrx_word' id='word_1_30' title='bbox 326 867 422 916; x_wconf 77' lang='grc' dir='ltr'>συνας</span> <span class='ocrx_word' id='word_1_31' title='bbox 443 841 558 930; x_wconf 78' lang='grc' dir='ltr'>ἔχουσι</span> <span class='ocrx_word' id='word_1_32' title='bbox 581 839 790 931; x_wconf 80' lang='grc' dir='ltr'>δουροτέους,</span> <span class='ocrx_word' id='word_1_33' title='bbox 821 863 896 903; x_wconf 86' lang='lat' dir='ltr'><strong>cum</strong></span> <span class='ocrx_word' id='word_1_34' title='bbox 921 845 991 916; x_wconf 79' lang='lat' dir='ltr'>alii,</span> <span class='ocrx_word' id='word_1_35' title='bbox 1019 849 1052 906; x_wconf 87' lang='lat' dir='ltr'><strong>in</strong></span> <span class='ocrx_word' id='word_1_36' title='bbox 1074 847 1113 908; x_wconf 87' lang='lat' dir='ltr'><strong>iis</strong></span> <span class='ocrx_word' id='word_1_37' title='bbox 1129 845 1290 916; x_wconf 73' lang='lat' dir='ltr'>ortelius,</span> <span class='ocrx_word' id='word_1_38' title='bbox 1319 867 1381 910; x_wconf 86' lang='lat' dir='ltr'><strong>nn·</strong></span> 
     </span>
     <span class='ocr_line' id='line_1_6' title="bbox 326 943 1381 1030; baseline 0 -19"><span class='ocrx_word' id='word_1_39' title='bbox 326 969 403 1011; x_wconf 86' lang='lat' dir='ltr'><strong>men</strong></span> <span class='ocrx_word' id='word_1_40' title='bbox 425 947 590 1030; x_wconf 86' lang='lat' dir='ltr'><strong>proprium</strong></span> <span class='ocrx_word' id='word_1_41' title='bbox 613 945 718 1029; x_wconf 78' lang='lat' dir='ltr'><strong>georio</strong></span> <span class='ocrx_word' id='word_1_42' title='bbox 740 943 801 1006; x_wconf 84' lang='lat' dir='ltr'><strong>effe</strong></span> <span class='ocrx_word' id='word_1_43' title='bbox 815 945 990 1008; x_wconf 78' lang='lat' dir='ltr'><strong>voluerint.</strong></span> <span class='ocrx_word' id='word_1_44' title='bbox 1042 947 1200 1026; x_wconf 69' lang='lat' dir='ltr'>Chalybas</span> <span class='ocrx_word' id='word_1_45' title='bbox 1219 963 1255 1009; x_wconf 84' lang='lat' dir='ltr'><strong>et</strong></span> <span class='ocrx_word' id='word_1_46' title='bbox 1277 949 1381 1012; x_wconf 77' lang='lat' dir='ltr'><strong>Tibe·</strong></span> 
     </span>
     <span class='ocr_line' id='line_1_7' title="bbox 326 1043 1381 1131; baseline 0.002 -19"><span class='ocrx_word' id='word_1_47' title='bbox 326 1069 422 1112; x_wconf 81' lang='lat' dir='ltr'><strong>renoe</strong></span> <span class='ocrx_word' id='word_1_48' title='bbox 437 1063 470 1112; x_wconf 81' lang='lat' dir='ltr'><strong>et</strong></span> <span class='ocrx_word' id='word_1_49' title='bbox 485 1049 538 1109; x_wconf 82' lang='lat' dir='ltr'>aiii</span> <span class='ocrx_word' id='word_1_50' title='bbox 556 1043 673 1108; x_wconf 79' lang='lat' dir='ltr'><strong>iaciunt</strong></span> <span class='ocrx_word' id='word_1_51' title='bbox 690 1050 920 1116; x_wconf 77' lang='lat' dir='ltr'><strong>conterminos.</strong></span> <span class='ocrx_word' id='word_1_52' title='bbox 946 1049 980 1108; x_wconf 91' lang='lat' dir='ltr'><strong>in</strong></span> <span class='ocrx_word' id='word_1_53' title='bbox 1001 1049 1113 1129; x_wconf 78' lang='lat' dir='ltr'>primis</span> <span class='ocrx_word' id='word_1_54' title='bbox 1129 1049 1314 1131; x_wconf 82' lang='lat' dir='ltr'><strong>Xenophon</strong></span> <span class='ocrx_word' id='word_1_55' title='bbox 1337 1051 1381 1114; x_wconf 82' lang='lat' dir='ltr'><strong>de</strong></span> 
     </span>
    </p>
   </div>
   <div class='ocr_carea' id='block_1_3' title="bbox 218 1143 1380 1236">
    <p class='ocr_par' dir='ltr' id='par_1_3' title="bbox 218 1143 1380 1236">
     <span class='ocr_line' id='line_1_8' title="bbox 218 1143 1380 1236; baseline 0.015 -40"><span class='ocrx_word' id='word_1_56' title='bbox 218 1191 221 1196; x_wconf 91' lang='lat'><strong>.</strong></span> <span class='ocrx_word' id='word_1_57' title='bbox 328 1150 634 1233; x_wconf 52' lang='lat' dir='ltr'><strong>expomcyriffitp.</strong></span> <span class='ocrx_word' id='word_1_58' title='bbox 670 1143 720 1210; x_wconf 87' lang='lat' dir='ltr'><strong>Cf.</strong></span> <span class='ocrx_word' id='word_1_59' title='bbox 737 1159 770 1208; x_wconf 87' lang='lat' dir='ltr'><strong>et</strong></span> <span class='ocrx_word' id='word_1_60' title='bbox 786 1148 936 1229; x_wconf 80' lang='lat' dir='ltr'><strong>Apollon.</strong></span> <span class='ocrx_word' id='word_1_61' title='bbox 954 1149 1020 1212; x_wconf 85' lang='lat' dir='ltr'><strong>Iih.</strong></span> <span class='ocrx_word' id='word_1_62' title='bbox 1037 1165 1070 1218; x_wconf 78' lang='grc' dir='ltr'><strong>ο,</strong></span> <span class='ocrx_word' id='word_1_63' title='bbox 1089 1165 1173 1236; x_wconf 83' lang='lat'><strong>379.</strong></span> <span class='ocrx_word' id='word_1_64' title='bbox 1209 1150 1247 1212; x_wconf 84' lang='lat' dir='ltr'><strong>in</strong></span> <span class='ocrx_word' id='word_1_65' title='bbox 1264 1151 1380 1215; x_wconf 84' lang='lat' dir='ltr'><strong>Ponto</strong></span> 
     </span>
    </p>
   </div>
   <div class='ocr_carea' id='block_1_4' title="bbox 328 1247 1445 2153">
    <p class='ocr_par' dir='ltr' id='par_1_4' title="bbox 328 1247 1445 2153">
     <span class='ocr_line' id='line_1_9' title="bbox 328 1247 1382 1335; baseline 0.001 -20"><span class='ocrx_word' id='word_1_66' title='bbox 328 1251 412 1315; x_wconf 81' lang='lat' dir='ltr'><strong>locat</strong></span> <span class='ocrx_word' id='word_1_67' title='bbox 426 1253 618 1331; x_wconf 84' lang='lat' dir='ltr'><strong>illorumque</strong></span> <span class='ocrx_word' id='word_1_68' title='bbox 636 1247 749 1308; x_wconf 87' lang='lat' dir='ltr'>urbem</span> <span class='ocrx_word' id='word_1_69' title='bbox 769 1247 978 1330; x_wconf 80' lang='lat' dir='ltr'><strong>Metropolim</strong></span> <span class='ocrx_word' id='word_1_70' title='bbox 994 1265 1227 1312; x_wconf 77' lang='lat' dir='ltr'><strong>commemorat</strong></span> <span class='ocrx_word' id='word_1_71' title='bbox 1239 1252 1382 1335; x_wconf 76' lang='lat' dir='ltr'><strong>Stepha-</strong></span> 
     </span>
     <span class='ocr_line' id='line_1_10' title="bbox 329 1349 1382 1435; baseline 0.001 -19"><span class='ocrx_word' id='word_1_72' title='bbox 329 1373 401 1416; x_wconf 81' lang='grc' dir='ltr'>ιιιιι.</span> <span class='ocrx_word' id='word_1_73' title='bbox 446 1353 494 1414; x_wconf 81' lang='lat' dir='ltr'><strong>Ad</strong></span> <span class='ocrx_word' id='word_1_74' title='bbox 516 1351 639 1412; x_wconf 80' lang='lat' dir='ltr'><strong>Tanain</strong></span> <span class='ocrx_word' id='word_1_75' title='bbox 662 1349 742 1412; x_wconf 79' lang='lat' dir='ltr'><strong>insto</strong></span> <span class='ocrx_word' id='word_1_76' title='bbox 762 1351 889 1435; x_wconf 79' lang='lat' dir='ltr'><strong>longine</strong></span> <span class='ocrx_word' id='word_1_77' title='bbox 913 1353 1016 1413; x_wconf 82' lang='lat' dir='ltr'>reiicit</span> <span class='ocrx_word' id='word_1_78' title='bbox 1039 1352 1162 1414; x_wconf 70' lang='lat' dir='ltr'><strong>Tiburi.</strong></span> <span class='ocrx_word' id='word_1_79' title='bbox 1180 1362 1216 1432; x_wconf 77' lang='lat'><strong>4.</strong></span> <span class='ocrx_word' id='word_1_80' title='bbox 1240 1373 1270 1424; x_wconf 88' lang='grc' dir='ltr'><strong>ι,</strong></span> <span class='ocrx_word' id='word_1_81' title='bbox 1294 1357 1382 1434; x_wconf 78' lang='lat'><strong>146.</strong></span> 
     </span>
     <span class='ocr_line' id='line_1_11' title="bbox 329 1451 1384 1536; baseline -0.002 -18"><span class='ocrx_word' id='word_1_82' title='bbox 329 1454 514 1518; x_wconf 77' lang='lat' dir='ltr'>Accuratiue</span> <span class='ocrx_word' id='word_1_83' title='bbox 538 1452 629 1513; x_wconf 79' lang='lat' dir='ltr'><strong>fiturn</strong></span> <span class='ocrx_word' id='word_1_84' title='bbox 655 1451 812 1514; x_wconf 78' lang='lat' dir='ltr'><strong>indicato</strong></span> <span class='ocrx_word' id='word_1_85' title='bbox 837 1452 983 1531; x_wconf 84' lang='lat' dir='ltr'><strong>Cotyoro</strong></span> <span class='ocrx_word' id='word_1_86' title='bbox 1005 1455 1044 1514; x_wconf 79' lang='lat' dir='ltr'><strong>od</strong></span> <span class='ocrx_word' id='word_1_87' title='bbox 1067 1451 1237 1516; x_wconf 80' lang='lat' dir='ltr'><strong>Ceraiunra</strong></span> <span class='ocrx_word' id='word_1_88' title='bbox 1254 1475 1384 1536; x_wconf 80' lang='lat' dir='ltr'><strong>anony-</strong></span> 
     </span>
     <span class='ocr_line' id='line_1_12' title="bbox 330 1552 1383 1639; baseline 0.002 -21"><span class='ocrx_word' id='word_1_89' title='bbox 330 1574 406 1618; x_wconf 81' lang='lat' dir='ltr'><strong>mue</strong></span> <span class='ocrx_word' id='word_1_90' title='bbox 429 1555 469 1617; x_wconf 86' lang='lat' dir='ltr'><strong>de</strong></span> <span class='ocrx_word' id='word_1_91' title='bbox 491 1555 597 1616; x_wconf 82' lang='lat' dir='ltr'><strong>Ponto</strong></span> <span class='ocrx_word' id='word_1_92' title='bbox 619 1552 701 1618; x_wconf 82' lang='lat' dir='ltr'>Errx.</span> <span class='ocrx_word' id='word_1_93' title='bbox 723 1572 754 1634; x_wconf 89' lang='lat' dir='ltr'><strong>p.</strong></span> <span class='ocrx_word' id='word_1_94' title='bbox 780 1568 834 1615; x_wconf 74' lang='grc' dir='ltr'><strong>ιο.</strong></span> <span class='ocrx_word' id='word_1_95' title='bbox 866 1553 956 1634; x_wconf 89' lang='lat' dir='ltr'><strong>(Vol.</strong></span> <span class='ocrx_word' id='word_1_96' title='bbox 977 1569 1009 1631; x_wconf 79' lang='lat'><strong>3.</strong></span> <span class='ocrx_word' id='word_1_97' title='bbox 1033 1553 1151 1639; x_wconf 80' lang='lat' dir='ltr'><strong>(ieogr.</strong></span> <span class='ocrx_word' id='word_1_98' title='bbox 1169 1553 1294 1638; x_wconf 83' lang='lat' dir='ltr'>Hudi.)</span> <span class='ocrx_word' id='word_1_99' title='bbox 1321 1559 1383 1620; x_wconf 76' lang='lat' dir='ltr'><strong>eoi</strong></span> 
     </span>
     <span class='ocr_line' id='line_1_13' title="bbox 329 1651 1445 1740; baseline 0.002 -21"><span class='ocrx_word' id='word_1_100' title='bbox 329 1656 515 1738; x_wconf 80' lang='lat' dir='ltr'>Xenophon</span> <span class='ocrx_word' id='word_1_101' title='bbox 551 1653 721 1717; x_wconf 69' lang='lat' dir='ltr'>artioribus</span> <span class='ocrx_word' id='word_1_102' title='bbox 755 1653 911 1715; x_wconf 74' lang='lat' dir='ltr'>limitibus</span> <span class='ocrx_word' id='word_1_103' title='bbox 945 1651 1102 1719; x_wconf 85' lang='lat' dir='ltr'><strong>continet.</strong></span> <span class='ocrx_word' id='word_1_104' title='bbox 1162 1656 1382 1740; x_wconf 76' lang='lat' dir='ltr'>Metropolim</span> <span class='ocrx_word' id='word_1_105' title='bbox 1444 1691 1445 1704; x_wconf 48' lang='grc' dir='ltr'>ι</span> 
     </span>
     <span class='ocr_line' id='line_1_14' title="bbox 330 1757 1382 1842; baseline 0.002 -23"><span class='ocrx_word' id='word_1_106' title='bbox 330 1759 446 1842; x_wconf 76' lang='lat' dir='ltr'>adtigit</span> <span class='ocrx_word' id='word_1_107' title='bbox 467 1758 553 1818; x_wconf 85' lang='lat' dir='ltr'><strong>idem</strong></span> <span class='ocrx_word' id='word_1_108' title='bbox 572 1769 605 1833; x_wconf 85' lang='lat'><strong>5.</strong></span> <span class='ocrx_word' id='word_1_109' title='bbox 622 1767 657 1834; x_wconf 68' lang='grc'><strong>4,</strong></span> <span class='ocrx_word' id='word_1_110' title='bbox 675 1769 708 1828; x_wconf 83' lang='lat'><strong>7.</strong></span> <span class='ocrx_word' id='word_1_111' title='bbox 734 1767 766 1814; x_wconf 80' lang='lat' dir='ltr'><strong>et</strong></span> <span class='ocrx_word' id='word_1_112' title='bbox 782 1776 821 1817; x_wconf 86' lang='lat' dir='ltr'><strong>ex</strong></span> <span class='ocrx_word' id='word_1_113' title='bbox 836 1775 875 1816; x_wconf 90' lang='lat' dir='ltr'><strong>eo</strong></span> <span class='ocrx_word' id='word_1_114' title='bbox 895 1757 1029 1818; x_wconf 89' lang='lat' dir='ltr'><strong>Diodor.</strong></span> <span class='ocrx_word' id='word_1_115' title='bbox 1051 1765 1179 1834; x_wconf 56' lang='lat'><strong>1430.</strong></span> <span class='ocrx_word' id='word_1_116' title='bbox 1220 1757 1382 1822; x_wconf 82' lang='lat' dir='ltr'><strong>Ceterum</strong></span> 
     </span>
     <span class='ocr_line' id='line_1_15' title="bbox 332 1855 1381 1941; baseline -0.001 -19"><span class='ocrx_word' id='word_1_117' title='bbox 332 1860 445 1924; x_wconf 84' lang='lat' dir='ltr'><strong>eadem</strong></span> <span class='ocrx_word' id='word_1_118' title='bbox 465 1859 505 1920; x_wconf 83' lang='lat' dir='ltr'><strong>de</strong></span> <span class='ocrx_word' id='word_1_119' title='bbox 525 1855 611 1920; x_wconf 80' lang='lat' dir='ltr'><strong>causo</strong></span> <span class='ocrx_word' id='word_1_120' title='bbox 631 1855 817 1935; x_wconf 74' lang='lat' dir='ltr'><strong>Tyrrhenos</strong></span> <span class='ocrx_word' id='word_1_121' title='bbox 841 1857 880 1918; x_wconf 84' lang='lat' dir='ltr'><strong>srr.</strong></span> <span class='ocrx_word' id='word_1_122' title='bbox 902 1857 980 1917; x_wconf 90' lang='lat' dir='ltr'><strong>oiim</strong></span> <span class='ocrx_word' id='word_1_123' title='bbox 1000 1857 1172 1938; x_wconf 79' lang='lat' dir='ltr'><strong>adpelintoo</strong></span> <span class='ocrx_word' id='word_1_124' title='bbox 1193 1855 1285 1921; x_wconf 78' lang='lat' dir='ltr'><strong>iniffe</strong></span> <span class='ocrx_word' id='word_1_125' title='bbox 1309 1861 1381 1941; x_wconf 88' lang='lat' dir='ltr'><strong>qui·</strong></span> 
     </span>
     <span class='ocr_line' id='line_1_16' title="bbox 333 1956 1384 2043; baseline 0.004 -21"><span class='ocrx_word' id='word_1_126' title='bbox 333 1961 407 2022; x_wconf 81' lang='lat' dir='ltr'><strong>darn</strong></span> <span class='ocrx_word' id='word_1_127' title='bbox 437 1971 591 2043; x_wconf 71' lang='lat' dir='ltr'><strong>putarunt</strong></span> <span class='ocrx_word' id='word_1_128' title='bbox 618 1957 693 2020; x_wconf 81' lang='lat' dir='ltr'><strong>teste</strong></span> <span class='ocrx_word' id='word_1_129' title='bbox 720 1956 854 2037; x_wconf 81' lang='lat' dir='ltr'><strong>Dionys.</strong></span> <span class='ocrx_word' id='word_1_130' title='bbox 877 1957 949 2022; x_wconf 77' lang='lat' dir='ltr'><strong>Hal.</strong></span> <span class='ocrx_word' id='word_1_131' title='bbox 971 1978 1000 2030; x_wconf 86' lang='lat' dir='ltr'><strong>r,</strong></span> <span class='ocrx_word' id='word_1_132' title='bbox 1022 1956 1081 2024; x_wconf 74' lang='lat'><strong>26.</strong></span> <span class='ocrx_word' id='word_1_133' title='bbox 1113 1973 1147 2022; x_wconf 88' lang='lat' dir='ltr'><strong>et</strong></span> <span class='ocrx_word' id='word_1_134' title='bbox 1167 1979 1185 2022; x_wconf 80' lang='grc' dir='ltr'>ο</span> <span class='ocrx_word' id='word_1_135' title='bbox 1202 1959 1384 2026; x_wconf 66' lang='lat' dir='ltr'><strong>domionis</strong></span> 
     </span>
     <span class='ocr_line' id='line_1_17' title="bbox 332 2059 835 2153; baseline -0.004 -27"><span class='ocrx_word' id='word_1_136' title='bbox 332 2062 561 2153; x_wconf 33' lang='lat' dir='ltr'><strong>Troglodytae.</strong></span> <span class='ocrx_word' id='word_1_137' title='bbox 566 2059 679 2144; x_wconf 87' lang='lat' dir='ltr'><strong>populi</strong></span> <span class='ocrx_word' id='word_1_138' title='bbox 694 2059 835 2142; x_wconf 83' lang='lat' dir='ltr'><strong>quidam.</strong></span> 
     </span>
    </p>
   </div>
   <div class='ocr_carea' id='block_1_5' title="bbox 335 2253 1389 3257">
    <p class='ocr_par' dir='ltr' id='par_1_5' title="bbox 335 2253 1389 3257">
     <span class='ocr_line' id='line_1_18' title="bbox 414 2253 1379 2355; baseline 0.001 -29"><span class='ocrx_word' id='word_1_139' title='bbox 414 2253 524 2355; x_wconf 79' lang='lat' dir='ltr'><strong>persi</strong></span> <span class='ocrx_word' id='word_1_140' title='bbox 532 2275 667 2345; x_wconf 69' lang='lat' dir='ltr'><strong>gnane</strong></span> <span class='ocrx_word' id='word_1_141' title='bbox 673 2261 692 2345; x_wconf 90' lang='lat'><em>)</em></span> <span class='ocrx_word' id='word_1_142' title='bbox 730 2263 815 2326; x_wconf 87' lang='lat' dir='ltr'><strong>Plin.</strong></span> <span class='ocrx_word' id='word_1_143' title='bbox 831 2263 864 2333; x_wconf 83' lang='lat'><strong>6.</strong></span> <span class='ocrx_word' id='word_1_144' title='bbox 882 2269 917 2346; x_wconf 80' lang='grc'><strong>4.</strong></span> <span class='ocrx_word' id='word_1_145' title='bbox 939 2264 1025 2326; x_wconf 80' lang='lat' dir='ltr'><strong>notis</strong></span> <span class='ocrx_word' id='word_1_146' title='bbox 1038 2260 1212 2354; x_wconf 70' lang='lat' dir='ltr'><strong>signantes</strong></span> <span class='ocrx_word' id='word_1_147' title='bbox 1230 2286 1379 2346; x_wconf 76' lang='lat' dir='ltr'><strong>corpora.</strong></span> 
     </span>
     <span class='ocr_line' id='line_1_19' title="bbox 335 2359 1380 2454; baseline 0.003 -24"><span class='ocrx_word' id='word_1_148' title='bbox 335 2367 387 2430; x_wconf 87' lang='lat' dir='ltr'><strong>De</strong></span> <span class='ocrx_word' id='word_1_149' title='bbox 402 2387 437 2428; x_wconf 83' lang='lat' dir='ltr'><strong>re</strong></span> <span class='ocrx_word' id='word_1_150' title='bbox 453 2365 602 2447; x_wconf 82' lang='lat' dir='ltr'><strong>Xenoph.</strong></span> <span class='ocrx_word' id='word_1_151' title='bbox 619 2385 645 2426; x_wconf 90' lang='lat' dir='ltr'><strong>c.</strong></span> <span class='ocrx_word' id='word_1_152' title='bbox 664 2365 686 2428; x_wconf 90' lang='lat'><strong>1.</strong></span> <span class='ocrx_word' id='word_1_153' title='bbox 712 2359 855 2428; x_wconf 77' lang='grc' dir='ltr'><strong>ποικίλοι</strong></span> <span class='ocrx_word' id='word_1_154' title='bbox 876 2360 921 2428; x_wconf 73' lang='lat' dir='ltr'><strong>rn&#39;</strong></span> <span class='ocrx_word' id='word_1_155' title='bbox 940 2362 1030 2428; x_wconf 80' lang='grc' dir='ltr'><strong>νῶτα</strong></span> <span class='ocrx_word' id='word_1_156' title='bbox 1050 2360 1106 2428; x_wconf 78' lang='grc' dir='ltr'><strong>καὶ</strong></span> <span class='ocrx_word' id='word_1_157' title='bbox 1128 2363 1174 2430; x_wconf 66' lang='grc' dir='ltr'><strong>τιν’</strong></span> <span class='ocrx_word' id='word_1_158' title='bbox 1195 2362 1380 2454; x_wconf 73' lang='grc' dir='ltr'>ἔμπροσθεν</span> 
     </span>
     <span class='ocr_line' id='line_1_20' title="bbox 336 2461 1379 2553; baseline 0.002 -19"><span class='ocrx_word' id='word_1_159' title='bbox 336 2461 448 2534; x_wconf 71' lang='grc' dir='ltr'>πάντα</span> <span class='ocrx_word' id='word_1_160' title='bbox 480 2461 659 2551; x_wconf 76' lang='grc' dir='ltr'>ἐστιγμένον</span> <span class='ocrx_word' id='word_1_161' title='bbox 693 2461 856 2552; x_wconf 71' lang='grc' dir='ltr'><strong>ἂνθὲμιον.</strong></span> <span class='ocrx_word' id='word_1_162' title='bbox 908 2467 971 2528; x_wconf 88' lang='lat' dir='ltr'><strong>Pro</strong></span> <span class='ocrx_word' id='word_1_163' title='bbox 998 2463 1116 2553; x_wconf 77' lang='grc' dir='ltr'>στίζειν</span> <span class='ocrx_word' id='word_1_164' title='bbox 1149 2469 1285 2532; x_wconf 86' lang='lat' dir='ltr'><strong>Diodor.</strong></span> <span class='ocrx_word' id='word_1_165' title='bbox 1316 2472 1379 2536; x_wconf 81' lang='lat' dir='ltr'><strong>Sic.</strong></span> 
     </span>
     <span class='ocr_line' id='line_1_21' title="bbox 341 2562 1382 2646; baseline 0.006 -16"><span class='ocrx_word' id='word_1_166' title='bbox 341 2588 396 2646; x_wconf 69' lang='grc' dir='ltr'>ιιι,</span> <span class='ocrx_word' id='word_1_167' title='bbox 416 2581 475 2646; x_wconf 82' lang='lat'><strong>30.</strong></span> <span class='ocrx_word' id='word_1_168' title='bbox 500 2567 578 2626; x_wconf 84' lang='lat' dir='ltr'>dicit</span> <span class='ocrx_word' id='word_1_169' title='bbox 596 2562 874 2631; x_wconf 79' lang='grc' dir='ltr'>καταποικὶλλειν.</span> <span class='ocrx_word' id='word_1_170' title='bbox 909 2567 1031 2629; x_wconf 75' lang='lat' dir='ltr'>Similia</span> <span class='ocrx_word' id='word_1_171' title='bbox 1047 2583 1211 2630; x_wconf 75' lang='lat' dir='ltr'><strong>narrantur</strong></span> <span class='ocrx_word' id='word_1_172' title='bbox 1223 2571 1265 2634; x_wconf 86' lang='lat' dir='ltr'><strong>de</strong></span> <span class='ocrx_word' id='word_1_173' title='bbox 1279 2571 1382 2636; x_wconf 72' lang='lat' dir='ltr'>Thre-</span> 
     </span>
     <span class='ocr_line' id='line_1_22' title="bbox 336 2665 1387 2758; baseline 0.005 -26"><span class='ocrx_word' id='word_1_174' title='bbox 336 2667 443 2738; x_wconf 72' lang='lat' dir='ltr'>cibun,</span> <span class='ocrx_word' id='word_1_175' title='bbox 466 2665 628 2751; x_wconf 77' lang='lat' dir='ltr'><strong>(Eustarh.</strong></span> <span class='ocrx_word' id='word_1_176' title='bbox 652 2667 690 2728; x_wconf 81' lang='lat' dir='ltr'><strong>ad</strong></span> <span class='ocrx_word' id='word_1_177' title='bbox 714 2666 847 2748; x_wconf 84' lang='lat' dir='ltr'>Dionys.</span> <span class='ocrx_word' id='word_1_178' title='bbox 869 2689 901 2732; x_wconf 88' lang='lat' dir='ltr'><strong>v.</strong></span> <span class='ocrx_word' id='word_1_179' title='bbox 922 2682 1004 2748; x_wconf 76' lang='lat'><strong>322.</strong></span> <span class='ocrx_word' id='word_1_180' title='bbox 1026 2667 1211 2757; x_wconf 75' lang='grc' dir='ltr'>στίζονται)</span> <span class='ocrx_word' id='word_1_181' title='bbox 1240 2673 1281 2734; x_wconf 87' lang='lat' dir='ltr'><strong>de</strong></span> <span class='ocrx_word' id='word_1_182' title='bbox 1304 2673 1387 2758; x_wconf 78' lang='lat' dir='ltr'><strong>Aga·</strong></span> 
     </span>
     <span class='ocr_line' id='line_1_23' title="bbox 337 2767 1386 2853; baseline 0.007 -22"><span class='ocrx_word' id='word_1_183' title='bbox 337 2768 468 2850; x_wconf 79' lang='lat' dir='ltr'><strong>thyrsre,</strong></span> <span class='ocrx_word' id='word_1_184' title='bbox 493 2767 600 2853; x_wconf 84' lang='lat' dir='ltr'><strong>(Mela</strong></span> <span class='ocrx_word' id='word_1_185' title='bbox 617 2783 649 2838; x_wconf 75' lang='grc' dir='ltr'><strong>Ω,</strong></span> <span class='ocrx_word' id='word_1_186' title='bbox 674 2790 702 2839; x_wconf 85' lang='lat' dir='ltr'><strong>r,</strong></span> <span class='ocrx_word' id='word_1_187' title='bbox 722 2778 797 2850; x_wconf 78' lang='lat' dir='ltr'><strong>ro.)</strong></span> <span class='ocrx_word' id='word_1_188' title='bbox 822 2769 863 2830; x_wconf 90' lang='lat' dir='ltr'><strong>de</strong></span> <span class='ocrx_word' id='word_1_189' title='bbox 889 2769 1059 2834; x_wconf 74' lang='lat' dir='ltr'><strong>Britannis.</strong></span> <span class='ocrx_word' id='word_1_190' title='bbox 1086 2773 1141 2850; x_wconf 79' lang='lat'><strong>(3,</strong></span> <span class='ocrx_word' id='word_1_191' title='bbox 1167 2774 1199 2842; x_wconf 87' lang='lat'><strong>6.</strong></span> <span class='ocrx_word' id='word_1_192' title='bbox 1220 2777 1277 2852; x_wconf 86' lang='lat'><strong>5.)</strong></span> <span class='ocrx_word' id='word_1_193' title='bbox 1330 2776 1386 2838; x_wconf 81' lang='lat' dir='ltr'><strong>sic</strong></span> 
     </span>
     <span class='ocr_line' id='line_1_24' title="bbox 338 2869 1387 2955; baseline 0.005 -21"><span class='ocrx_word' id='word_1_194' title='bbox 338 2871 437 2934; x_wconf 87' lang='lat' dir='ltr'><strong>hodie</strong></span> <span class='ocrx_word' id='word_1_195' title='bbox 454 2870 558 2931; x_wconf 82' lang='lat' dir='ltr'>Mauri</span> <span class='ocrx_word' id='word_1_196' title='bbox 574 2885 606 2932; x_wconf 89' lang='lat' dir='ltr'><strong>et</strong></span> <span class='ocrx_word' id='word_1_197' title='bbox 625 2869 756 2932; x_wconf 78' lang='lat' dir='ltr'>Maurae</span> <span class='ocrx_word' id='word_1_198' title='bbox 778 2871 912 2952; x_wconf 81' lang='lat' dir='ltr'><strong>pulvere</strong></span> <span class='ocrx_word' id='word_1_199' title='bbox 934 2874 1024 2955; x_wconf 85' lang='lat' dir='ltr'><strong>pyrio</strong></span> <span class='ocrx_word' id='word_1_200' title='bbox 1041 2886 1074 2934; x_wconf 89' lang='lat' dir='ltr'><strong>et</strong></span> <span class='ocrx_word' id='word_1_201' title='bbox 1091 2875 1271 2936; x_wconf 80' lang='lat' dir='ltr'><strong>antimonio</strong></span> <span class='ocrx_word' id='word_1_202' title='bbox 1287 2890 1387 2940; x_wconf 73' lang='lat' dir='ltr'><strong>notae</strong></span> 
     </span>
     <span class='ocr_line' id='line_1_25' title="bbox 337 2971 1386 3056; baseline 0.001 -20"><span class='ocrx_word' id='word_1_203' title='bbox 337 2973 397 3036; x_wconf 84' lang='lat' dir='ltr'><strong>fibi</strong></span> <span class='ocrx_word' id='word_1_204' title='bbox 419 2974 619 3055; x_wconf 81' lang='lat' dir='ltr'><strong>imprimunt,</strong></span> <span class='ocrx_word' id='word_1_205' title='bbox 642 2971 767 3048; x_wconf 88' lang='lat' dir='ltr'><strong>(Poiret</strong></span> <span class='ocrx_word' id='word_1_206' title='bbox 788 2990 910 3055; x_wconf 79' lang='lat' dir='ltr'><strong>voyage</strong></span> <span class='ocrx_word' id='word_1_207' title='bbox 927 2993 968 3034; x_wconf 90' lang='lat' dir='ltr'><strong>en</strong></span> <span class='ocrx_word' id='word_1_208' title='bbox 983 2973 1129 3035; x_wconf 76' lang='lat' dir='ltr'>Barbarie</span> <span class='ocrx_word' id='word_1_209' title='bbox 1146 2975 1184 3037; x_wconf 88' lang='lat' dir='ltr'><strong>P.</strong></span> <span class='ocrx_word' id='word_1_210' title='bbox 1203 2993 1232 3037; x_wconf 86' lang='lat' dir='ltr'><strong>r.</strong></span> <span class='ocrx_word' id='word_1_211' title='bbox 1248 2995 1278 3056; x_wconf 88' lang='lat' dir='ltr'><strong>p.</strong></span> <span class='ocrx_word' id='word_1_212' title='bbox 1299 2983 1386 3056; x_wconf 85' lang='lat'><strong>33.)</strong></span> 
     </span>
     <span class='ocr_line' id='line_1_26' title="bbox 340 3072 1389 3155; baseline -0.001 -16"><span class='ocrx_word' id='word_1_213' title='bbox 340 3075 455 3155; x_wconf 70' lang='lat' dir='ltr'><strong>aliique</strong></span> <span class='ocrx_word' id='word_1_214' title='bbox 470 3073 573 3142; x_wconf 74' lang='lat' dir='ltr'>multi.</span> <span class='ocrx_word' id='word_1_215' title='bbox 593 3087 629 3134; x_wconf 87' lang='lat' dir='ltr'><strong>ut</strong></span> <span class='ocrx_word' id='word_1_216' title='bbox 643 3072 731 3134; x_wconf 85' lang='lat' dir='ltr'><strong>Novi</strong></span> <span class='ocrx_word' id='word_1_217' title='bbox 748 3073 911 3143; x_wconf 80' lang='lat' dir='ltr'>Hellanrii‚</span> <span class='ocrx_word' id='word_1_218' title='bbox 928 3075 1068 3144; x_wconf 82' lang='lat' dir='ltr'><strong>Seiandi.</strong></span> <span class='ocrx_word' id='word_1_219' title='bbox 1087 3073 1320 3138; x_wconf 78' lang='lat' dir='ltr'><strong>Otraheireuiee</strong></span> <span class='ocrx_word' id='word_1_220' title='bbox 1333 3107 1389 3124; x_wconf 87' lang='lat'><strong>--</strong></span> 
     </span>
     <span class='ocr_line' id='line_1_27' title="bbox 341 3173 1389 3257; baseline 0.003 -19"><span class='ocrx_word' id='word_1_221' title='bbox 341 3177 382 3238; x_wconf 89' lang='lat' dir='ltr'><strong>de</strong></span> <span class='ocrx_word' id='word_1_222' title='bbox 403 3175 520 3257; x_wconf 83' lang='lat' dir='ltr'>quibus</span> <span class='ocrx_word' id='word_1_223' title='bbox 541 3175 688 3243; x_wconf 79' lang='lat' dir='ltr'><strong>adeundi,</strong></span> <span class='ocrx_word' id='word_1_224' title='bbox 715 3192 793 3256; x_wconf 80' lang='lat' dir='ltr'><strong>quon</strong></span> <span class='ocrx_word' id='word_1_225' title='bbox 811 3173 899 3236; x_wconf 82' lang='lat' dir='ltr'><strong>teiies</strong></span> <span class='ocrx_word' id='word_1_226' title='bbox 913 3177 1064 3256; x_wconf 84' lang='lat' dir='ltr'><strong>produxit</strong></span> <span class='ocrx_word' id='word_1_227' title='bbox 1080 3174 1171 3238; x_wconf 85' lang='lat' dir='ltr'>lieiirr</span> <span class='ocrx_word' id='word_1_228' title='bbox 1188 3174 1298 3238; x_wconf 83' lang='lat' dir='ltr'><strong>Geieir.</strong></span> <span class='ocrx_word' id='word_1_229' title='bbox 1325 3179 1389 3241; x_wconf 86' lang='lat' dir='ltr'><strong>der</strong></span> 
     </span>
    </p>
   </div>
   <div class='ocr_carea' id='block_1_6' title="bbox 218 3273 1388 3362">
    <p class='ocr_par' dir='ltr' id='par_1_6' title="bbox 218 3273 1388 3362">
     <span class='ocr_line' id='line_1_28' title="bbox 218 3273 1388 3362; baseline 0.003 -23"><span class='ocrx_word' id='word_1_230' title='bbox 218 3300 223 3313; x_wconf 94' lang='lat'>·</span> <span class='ocrx_word' id='word_1_231' title='bbox 340 3275 545 3339; x_wconf 83' lang='lat' dir='ltr'><strong>Meniohheit</strong></span> <span class='ocrx_word' id='word_1_232' title='bbox 560 3277 600 3338; x_wconf 92' lang='grc' dir='ltr'><strong>Τ.</strong></span> <span class='ocrx_word' id='word_1_233' title='bbox 621 3295 650 3340; x_wconf 84' lang='lat' dir='ltr'><strong>r.</strong></span> <span class='ocrx_word' id='word_1_234' title='bbox 669 3296 701 3358; x_wconf 87' lang='lat' dir='ltr'><strong>p.</strong></span> <span class='ocrx_word' id='word_1_235' title='bbox 725 3290 791 3348; x_wconf 87' lang='lat'><strong>¹7⁰</strong></span> <span class='ocrx_word' id='word_1_236' title='bbox 810 3273 871 3357; x_wconf 85' lang='lat' dir='ltr'><strong>sqq.</strong></span> <span class='ocrx_word' id='word_1_237' title='bbox 894 3278 958 3353; x_wconf 90' lang='lat' dir='ltr'><strong>(ed.</strong></span> <span class='ocrx_word' id='word_1_238' title='bbox 979 3281 1026 3354; x_wconf 86' lang='lat'><strong>5.)</strong></span> <span class='ocrx_word' id='word_1_239' title='bbox 1051 3289 1082 3339; x_wconf 86' lang='lat' dir='ltr'><strong>et</strong></span> <span class='ocrx_word' id='word_1_240' title='bbox 1099 3297 1159 3362; x_wconf 79' lang='lat' dir='ltr'><strong>ego</strong></span> <span class='ocrx_word' id='word_1_241' title='bbox 1177 3279 1318 3338; x_wconf 75' lang='lat' dir='ltr'><strong>indicavi</strong></span> <span class='ocrx_word' id='word_1_242' title='bbox 1342 3281 1388 3342; x_wconf 70' lang='lat' dir='ltr'><strong>ad</strong></span> 
     </span>
    </p>
   </div>
   <div class='ocr_carea' id='block_1_7' title="bbox 341 3375 1388 3570">
    <p class='ocr_par' dir='ltr' id='par_1_7' title="bbox 341 3375 1388 3570">
     <span class='ocr_line' id='line_1_29' title="bbox 342 3375 1388 3461; baseline 0.004 -21"><span class='ocrx_word' id='word_1_243' title='bbox 342 3379 435 3440; x_wconf 76' lang='lat' dir='ltr'>citata</span> <span class='ocrx_word' id='word_1_244' title='bbox 454 3375 556 3438; x_wconf 82' lang='lat' dir='ltr'><strong>Melae</strong></span> <span class='ocrx_word' id='word_1_245' title='bbox 577 3377 655 3439; x_wconf 82' lang='lat' dir='ltr'><strong>loce.</strong></span> <span class='ocrx_word' id='word_1_246' title='bbox 691 3375 843 3438; x_wconf 86' lang='lat' dir='ltr'><strong>Ceterum</strong></span> <span class='ocrx_word' id='word_1_247' title='bbox 858 3377 898 3438; x_wconf 84' lang='lat' dir='ltr'><strong>de</strong></span> <span class='ocrx_word' id='word_1_248' title='bbox 922 3376 1066 3457; x_wconf 79' lang='lat' dir='ltr'><strong>Moiynie</strong></span> <span class='ocrx_word' id='word_1_249' title='bbox 1080 3379 1261 3461; x_wconf 82' lang='lat' dir='ltr'><strong>Xenophon</strong></span> <span class='ocrx_word' id='word_1_250' title='bbox 1283 3381 1388 3444; x_wconf 80' lang='lat' dir='ltr'><strong>etiam</strong></span> 
     </span>
     <span class='ocr_line' id='line_1_30' title="bbox 341 3468 1311 3570; baseline 0.002 -27"><span class='ocrx_word' id='word_1_251' title='bbox 341 3473 420 3543; x_wconf 77' lang='lat' dir='ltr'><strong>haec</strong></span> <span class='ocrx_word' id='word_1_252' title='bbox 437 3479 549 3540; x_wconf 82' lang='lat' dir='ltr'>tradit:</span> <span class='ocrx_word' id='word_1_253' title='bbox 576 3470 687 3542; x_wconf 74' lang='grc' dir='ltr'>λευκοὶ</span> <span class='ocrx_word' id='word_1_254' title='bbox 708 3468 827 3552; x_wconf 69' lang='grc' dir='ltr'>πάντες</span> <span class='ocrx_word' id='word_1_255' title='bbox 843 3477 872 3570; x_wconf 81' lang='grc' dir='ltr'><strong>οἱ</strong></span> <span class='ocrx_word' id='word_1_256' title='bbox 893 3470 1004 3568; x_wconf 72' lang='grc' dir='ltr'>ἄνδρες</span> <span class='ocrx_word' id='word_1_257' title='bbox 1024 3473 1078 3541; x_wconf 75' lang='grc' dir='ltr'><strong>καὶ</strong></span> <span class='ocrx_word' id='word_1_258' title='bbox 1098 3479 1132 3542; x_wconf 84' lang='lat' dir='ltr'><strong>oi</strong></span> <span class='ocrx_word' id='word_1_259' title='bbox 1150 3478 1311 3563; x_wconf 81' lang='grc' dir='ltr'><strong>γυναῖκες.</strong></span> 
     </span>
    </p>
   </div>
   <div class='ocr_carea' id='block_1_8' title="bbox 343 3677 1387 4182">
    <p class='ocr_par' dir='ltr' id='par_1_8' title="bbox 343 3677 1387 4182">
     <span class='ocr_line' id='line_1_31' title="bbox 422 3677 1387 3766; baseline -0.002 -20"><span class='ocrx_word' id='word_1_260' title='bbox 422 3677 679 3766; x_wconf 80' lang='lat' dir='ltr'><strong>propatulo)</strong></span> <span class='ocrx_word' id='word_1_261' title='bbox 732 3679 834 3742; x_wconf 77' lang='lat' dir='ltr'>Adiici</span> <span class='ocrx_word' id='word_1_262' title='bbox 858 3680 930 3742; x_wconf 78' lang='lat' dir='ltr'><strong>oliae</strong></span> <span class='ocrx_word' id='word_1_263' title='bbox 955 3679 1033 3742; x_wconf 82' lang='lat' dir='ltr'><strong>solet</strong></span> <span class='ocrx_word' id='word_1_264' title='bbox 1055 3681 1244 3763; x_wconf 80' lang='lat' dir='ltr'><strong>praepoirrio</strong></span> <span class='ocrx_word' id='word_1_265' title='bbox 1267 3683 1319 3754; x_wconf 87' lang='lat' dir='ltr'>r&#39;rr,</span> <span class='ocrx_word' id='word_1_266' title='bbox 1345 3699 1387 3744; x_wconf 78' lang='grc' dir='ltr'><strong>ιιι</strong></span> 
     </span>
     <span class='ocr_line' id='line_1_32' title="bbox 343 3779 1386 3872; baseline 0 -25"><span class='ocrx_word' id='word_1_267' title='bbox 343 3785 491 3872; x_wconf 69' lang='lat' dir='ltr'><strong>pluribus</strong></span> <span class='ocrx_word' id='word_1_268' title='bbox 510 3783 587 3846; x_wconf 76' lang='lat' dir='ltr'><strong>locis</strong></span> <span class='ocrx_word' id='word_1_269' title='bbox 604 3781 713 3844; x_wconf 84' lang='lat' dir='ltr'><strong>docuit</strong></span> <span class='ocrx_word' id='word_1_270' title='bbox 729 3779 865 3844; x_wconf 80' lang='lat' dir='ltr'>Waffiur</span> <span class='ocrx_word' id='word_1_271' title='bbox 880 3783 917 3842; x_wconf 81' lang='lat' dir='ltr'><strong>od</strong></span> <span class='ocrx_word' id='word_1_272' title='bbox 934 3783 1054 3845; x_wconf 81' lang='lat' dir='ltr'><strong>salluii.</strong></span> <span class='ocrx_word' id='word_1_273' title='bbox 1071 3781 1165 3845; x_wconf 71' lang='lat' dir='ltr'>Curii.</span> <span class='ocrx_word' id='word_1_274' title='bbox 1188 3796 1241 3862; x_wconf 76' lang='lat'><strong>15,</strong></span> <span class='ocrx_word' id='word_1_275' title='bbox 1263 3797 1296 3863; x_wconf 78' lang='lat'><strong>3.</strong></span> <span class='ocrx_word' id='word_1_276' title='bbox 1333 3786 1386 3848; x_wconf 86' lang='lat' dir='ltr'><strong>De</strong></span> 
     </span>
     <span class='ocr_line' id='line_1_33' title="bbox 345 3873 1385 3974; baseline -0.002 -24"><span class='ocrx_word' id='word_1_277' title='bbox 345 3907 381 3950; x_wconf 84' lang='lat' dir='ltr'><strong>re</strong></span> <span class='ocrx_word' id='word_1_278' title='bbox 397 3873 533 3950; x_wconf 73' lang='lat' dir='ltr'><strong>omnin&#39;o</strong></span> <span class='ocrx_word' id='word_1_279' title='bbox 556 3883 737 3965; x_wconf 82' lang='lat' dir='ltr'><strong>Xenophon</strong></span> <span class='ocrx_word' id='word_1_280' title='bbox 756 3901 780 3945; x_wconf 87' lang='lat' dir='ltr'><strong>c.</strong></span> <span class='ocrx_word' id='word_1_281' title='bbox 799 3883 820 3945; x_wconf 90' lang='grc' dir='ltr'><strong>Ι.</strong></span> <span class='ocrx_word' id='word_1_282' title='bbox 846 3875 876 3946; x_wconf 76' lang='grc' dir='ltr'><strong>ἐν</strong></span> <span class='ocrx_word' id='word_1_283' title='bbox 897 3874 995 3968; x_wconf 75' lang='grc' dir='ltr'><strong>ὄχλῳ</strong></span> <span class='ocrx_word' id='word_1_284' title='bbox 1017 3876 1107 3960; x_wconf 72' lang='grc' dir='ltr'>ὅντες</span> <span class='ocrx_word' id='word_1_285' title='bbox 1127 3881 1271 3954; x_wconf 78' lang='grc' dir='ltr'>ἐποίουν,</span> <span class='ocrx_word' id='word_1_286' title='bbox 1298 3877 1385 3974; x_wconf 72' lang='grc' dir='ltr'><strong>ἅπερ</strong></span> 
     </span>
     <span class='ocr_line' id='line_1_34' title="bbox 346 3975 1384 4076; baseline -0.002 -23"><span class='ocrx_word' id='word_1_287' title='bbox 346 3979 512 4074; x_wconf 69' lang='grc' dir='ltr'>ἅνθρωποι</span> <span class='ocrx_word' id='word_1_288' title='bbox 529 3983 559 4050; x_wconf 82' lang='grc' dir='ltr'><strong>ἐν</strong></span> <span class='ocrx_word' id='word_1_289' title='bbox 574 3982 687 4074; x_wconf 74' lang='grc' dir='ltr'><strong>ἐρημίᾳ</strong></span> <span class='ocrx_word' id='word_1_290' title='bbox 702 3979 883 4070; x_wconf 77' lang='grc' dir='ltr'>ποιήσειαν,</span> <span class='ocrx_word' id='word_1_291' title='bbox 903 3978 1015 4060; x_wconf 77' lang='grc' dir='ltr'>ἄλλως</span> <span class='ocrx_word' id='word_1_292' title='bbox 1029 3982 1063 4048; x_wconf 79' lang='grc' dir='ltr'><strong>δὲ</strong></span> <span class='ocrx_word' id='word_1_293' title='bbox 1081 3975 1142 4049; x_wconf 80' lang='grc' dir='ltr'><strong>οὐκ</strong></span> <span class='ocrx_word' id='word_1_294' title='bbox 1158 3979 1199 4049; x_wconf 68' lang='grc' dir='ltr'><strong>ὃν</strong></span> <span class='ocrx_word' id='word_1_295' title='bbox 1213 3985 1384 4076; x_wconf 72' lang='grc' dir='ltr'>τολμῷιν·</span> 
     </span>
     <span class='ocr_line' id='line_1_35' title="bbox 344 4079 1384 4182; baseline 0 -27"><span class='ocrx_word' id='word_1_296' title='bbox 344 4083 439 4181; x_wconf 74' lang='grc' dir='ltr'>μόνοι</span> <span class='ocrx_word' id='word_1_297' title='bbox 453 4111 492 4154; x_wconf 80' lang='grc' dir='ltr'><strong>τε</strong></span> <span class='ocrx_word' id='word_1_298' title='bbox 506 4079 598 4164; x_wconf 74' lang='grc' dir='ltr'>ὄντες</span> <span class='ocrx_word' id='word_1_299' title='bbox 613 4079 711 4179; x_wconf 71' lang='grc' dir='ltr'>ὅμοια</span> <span class='ocrx_word' id='word_1_300' title='bbox 725 4079 897 4176; x_wconf 75' lang='grc' dir='ltr'>ἔπραττον,</span> <span class='ocrx_word' id='word_1_301' title='bbox 912 4079 997 4179; x_wconf 73' lang='grc' dir='ltr'><strong>ἅπερ</strong></span> <span class='ocrx_word' id='word_1_302' title='bbox 1014 4082 1053 4153; x_wconf 72' lang='grc' dir='ltr'><strong>ὃν</strong></span> <span class='ocrx_word' id='word_1_303' title='bbox 1068 4084 1141 4182; x_wconf 75' lang='grc' dir='ltr'><strong>μετ’</strong></span> <span class='ocrx_word' id='word_1_304' title='bbox 1155 4079 1268 4152; x_wconf 70' lang='grc' dir='ltr'>ἄλλων</span> <span class='ocrx_word' id='word_1_305' title='bbox 1284 4081 1384 4165; x_wconf 71' lang='grc' dir='ltr'><strong>ὄντες,</strong></span> 
     </span>
    </p>
   </div>
   <div class='ocr_carea' id='block_1_9' title="bbox 0 0 1493 4958">
    <p class='ocr_par' dir='ltr' id='par_1_9' title="bbox 0 0 1493 4958">
     <span class='ocr_line' id='line_1_36' title="bbox 0 0 1493 4958; baseline 0 0"><span class='ocrx_word' id='word_1_306' title='bbox 0 0 1493 4958; x_wconf 95' lang='lat' dir='ltr'><strong> </strong></span> 
     </span>
    </p>
   </div>
  </div>
 </body>
</html>
