2764 4954
286 383 375 490 ¹554
581 373 744 433 nocta
785 373 1089 434 uxaoamcaa

315 551 356 613 de
385 567 448 632 quo
477 547 575 632 supra.
630 548 807 616 Excitatam
840 560 948 610 tamen
981 547 1035 610 vel
1067 544 1165 629 ipsam
1191 545 1342 627 antiquam

313 651 420 722 suillo,
447 651 499 710 rel
521 668 639 710 novam
662 649 695 708 in
712 649 826 710 vicinia
845 648 962 710 Gazam
977 647 1142 731 prodiisse,
1170 648 1293 727 adparet
1310 666 1344 706 er

313 755 423 818 numia
438 749 493 812 sub
508 753 596 822 Tito.
619 750 780 810 Hadriano
802 778 852 793 --
876 749 922 810 ibi
936 746 1095 831 percuffia.
1147 750 1190 810 Et
1205 749 1244 810 lic
1260 747 1345 809 llbul·

314 853 386 918 seda
401 853 464 915 tab.
480 853 550 932 Syr.
567 873 600 934 p.
619 865 676 926 77.
702 851 771 926 (ed.
788 849 961 928 Koehleri)
986 869 1053 912 non
1073 850 1249 934 ignobilem
1264 845 1344 908 suilse

315 958 443 1039 patitur.
496 953 638 1014 Plurima
663 952 702 1012 de
725 951 812 1012 urbis
837 947 909 1012 satis
934 951 1124 1033 conquisivit
1148 949 1344 1022 llnrscberus.

316 1055 506 1138 Theologna
525 1051 697 1134 Lipsrensn,
720 1052 754 1112 in
771 1051 934 1133 disputatt.
952 1054 1136 1116 academicis
1153 1073 1229 1114 ann.
1250 1051 1345 1131 1764.

318 1168 352 1219 et
371 1157 476 1232 1768.
500 1153 604 1216 editis.
643 1151 792 1214 Guutica
814 1153 892 1214 vina
914 1154 1042 1214 laudant
1063 1153 1225 1234 Corippus
1243 1165 1275 1238 3,
1294 1161 1345 1228 88.

316 1271 414 1319 vetuo
437 1254 532 1317 Orbis
556 1253 723 1335 descriptio
746 1269 798 1328 17.
816 1267 849 1329 7.
885 1255 1039 1317 Sidonius
1061 1256 1236 1336 Apollinea.
1259 1271 1345 1314 carm.

323 1371 379 1433 17,
399 1368 453 1433 ¹5·
479 1355 534 1415 ubi
551 1355 640 1438 plura
658 1355 697 1416 de
713 1356 752 1416 iis
768 1354 883 1416 adtulit
899 1355 1097 1418 sirmondus.
1134 1355 1263 1416 Incolae
1277 1353 1347 1414 olim

225 1509 228 1516 .
318 1457 397 1520 dicti
418 1451 575 1542 Γαζαῖοι,
602 1453 660 1542 (ut
683 1453 770 1538 saepe
793 1475 809 1516 a
830 1453 984 1538 losepho)
1019 1451 1181 1542 Γαζῖται,
1214 1445 1347 1540 Γαζηυοὶ

317 1558 394 1621 telle
416 1557 596 1640 Stephano;
636 1557 709 1617 alias
732 1557 920 1618 Latinorum
950 1555 1067 1620 formas
1087 1557 1177 1617 dabit
1198 1571 1273 1618 nota
1295 1555 1349 1615 Sir-

319 1659 433 1722 moudi
455 1659 494 1720 ad
510 1677 537 1720 c.
551 1657 574 1720 l.
625 1657 658 1721 si
674 1659 743 1739 quis
761 1657 849 1739 plura
870 1657 909 1720 de
923 1657 981 1718 hac
996 1657 1073 1718 urbe
1087 1659 1232 1720 conlecta
1251 1655 1349 1736 cupiat

318 1773 441 1844 praeter
454 1758 633 1822 llelandom
649 1759 688 1819 de
704 1758 871 1820 Palaestina
886 1779 917 1839 p.
927 1779 970 1822 m.
983 1768 1029 1838 58
1035 1773 1055 1839 3
1070 1757 1131 1840 sqq.
1159 1758 1349 1820 Bocbartum

318 1857 429 1944 pall'rm
443 1859 476 1922 in
492 1859 607 1945 Geogr.
624 1857 716 1930 sacra.
739 1859 934 1920 Bacbienum
950 1861 1047 1922 Tonr.
1061 1875 1093 1922 2.
1110 1860 1147 1922 P.
1167 1875 1199 1940 3.
1215 1881 1247 1942 p.
1260 1875 1278 1920 u
1290 1857 1347 1937 sqq.

317 1963 460 2045 aliosque
483 1960 717 2044 Geographicos
738 1972 896 2031 auctores.
924 1958 1094 2023 satisfacere
1117 1965 1217 2023 etiam
1238 1960 1349 2043 poterit

318 2063 451 2148 Mignot
472 2063 507 2122 in
531 2059 706 2124 Memoires
727 2096 772 2108 -
797 2062 837 2123 de
854 2060 941 2126 Paria
955 2063 1052 2124 Tom.
1069 2071 1127 2142 34.
1151 2084 1184 2145 p.
1205 2073 1271 2142 341
1292 2057 1347 2139 sqq.

318 2165 370 2227 De
393 2163 549 2224 hodierna
575 2161 653 2224 urbe
681 2162 770 2224 Gaza
794 2183 833 2224 err
863 2162 1031 2226 itineribus
1055 2165 1158 2224 multa
1183 2159 1348 2246 depromit

317 2263 477 2327 Bachiene
493 2284 524 2346 p.
546 2281 586 2348 ¹9
599 2259 640 2344 sq.
668 2263 782 2324 Arabes
796 2263 829 2326 b.
844 2264 951 2326 Ilazze
969 2277 1094 2328 vocant.
1114 2261 1255 2352 [Volney
1269 2264 1307 2325 T.
1318 2275 1346 2322 a.

316 2385 350 2450 p.
361 2375 447 2444 252.
470 2363 526 2424 ubi
542 2376 574 2426 et
589 2363 628 2425 de
641 2357 768 2451 ruinis]

391 2510 621 2594 aerarium)
661 2515 734 2578 Vid.
749 2529 851 2580 antea.
879 2515 962 2578 dddi
978 2516 1105 2600 possunt
1121 2515 1296 2579 Brilsoniur
1311 2511 1346 2573 de

315 2614 406 2700 regio
421 2611 585 2676 Persarum
607 2616 787 2698 principatu
803 2637 835 2698 p.
850 2637 895 2681 m.
915 2634 996 2682 ruo.
1022 2631 1055 2680 et
1077 2632 1168 2681 notae
1185 2621 1347 2678 doctorum

317 2720 462 2778 virorum
478 2715 516 2776 ad
530 2713 668 2794 Hesycb.
682 2718 722 2780 T.
743 2737 772 2780 a.
790 2737 822 2799 p.
839 2729 924 2798 789.
958 2719 1098 2782 Transiit
1114 2719 1164 2778 hic
1180 2721 1249 2780 eius
1263 2715 1346 2777 vocis

316 2815 501 2879 usuaetiam
517 2817 555 2878 ad
567 2815 703 2880 Graecos
716 2819 898 2888 etLatinos.
919 2820 959 2881 de
975 2822 1117 2902 pecunia.
1135 2819 1267 2880 divitiis.
1298 2809 1344 2878 Cs.

318 2917 434 2998 Polyb.
456 2937 510 2988 ιι.
527 2927 585 2997 34.
604 2931 661 2998 13.
688 2920 798 3004 Virgil.
814 2921 894 2982 Aen.
910 2932 943 2997 5.
958 2931 1018 3000 4ο.
1039 2949 1088 2964 -
1114 2921 1196 2984 lude
1212 2917 1346 2982 nostrum

318 3019 468 3103 magatia
484 3020 572 3080 ducit
590 3019 737 3083 Bochart.
754 3022 789 3081 in
806 3021 933 3106 Phaleg.
953 3037 985 3092 Ω,
1004 3035 1063 3098 27.

392 3167 535 3251 opes)
586 3169 671 3232 Sunt
701 3169 829 3234 subsidia
857 3173 1004 3235 omniurn
1034 3192 1140 3235 rerum
1165 3173 1207 3235 ad
1229 3171 1344 3234 bellum

316 3270 492 3356 gerendum
509 3269 754 3336 neceffariamm.
792 3272 927 3337 Plautus
944 3271 1101 3356 Amphitr.
1120 3287 1153 3352 5.
1176 3293 1207 3345 1.
1230 3293 1259 3338 ι.
1274 3261 1345 3363 spes

318 3385 415 3454 atque
434 3391 508 3450 opes
528 3373 616 3432 vitae
636 3393 729 3435 meae.
775 3373 863 3438 liud.
884 3383 919 3453 4,
944 3384 979 3454 lp.
1009 3395 1088 3439 ror.
1120 3373 1199 3436 Huc
1219 3388 1344 3453 opesque

310 3463 447 3563 spesque
459 3468 597 3564 vtafirum
613 3465 860 3564 cognoscendum
877 3475 1016 3538 corrdidi.
1049 3479 1102 3540 Sic
1119 3477 1226 3554 inopes
1242 3475 1344 3534 dicun·

316 3587 370 3635 tur
393 3573 515 3633 alienas
538 3592 623 3654 opes,
651 3573 713 3635 hoc
737 3574 789 3644 ell,
824 3573 954 3636 subfidia
977 3589 1010 3637 et
1032 3577 1147 3638 auxilia
1173 3575 1341 3658 exspectare

316 3673 401 3757 apud
421 3672 539 3735 Sallust.
557 3673 649 3738 Catil.
669 3694 735 3756 cap.
754 3687 826 3762 58Ἶ
839 3689 872 3737 et
888 3677 1031 3761 iugurth.
1049 3697 1115 3760 cap.
1134 3691 1192 3755 24.
1214 3679 1342 3738 Arrrroua

320 3775 384 3837 cuir
405 3770 517 3852 opibus
540 3785 657 3858 utaque
676 3797 752 3836 cura
777 3797 873 3859 usque
893 3778 966 3838 ilinc
986 3777 1194 3846 redundavit,
1226 3773 1340 3838 Plinius

316 3877 473 3958 Panegyr.
486 3893 551 3956 cap.
565 3888 622 3954 31.
648 3877 708 3938 boc
724 3875 776 3948 esi,
800 3891 855 3940 tuo
868 3879 986 3942 auxilio
1001 3893 1033 3939 et
1046 3897 1151 3962 opera.
1179 3875 1247 3960 lpse
1262 3871 1339 3934 Mela

317 3989 352 4055 3,
368 3985 403 4056 4,
421 3991 454 4036 2.
475 3977 514 4036 de
530 3977 695 4039 Sarmatis:
726 3977 792 4039 Res
819 3997 951 4063 opesque
969 3971 1079 4074 secum
1103 3979 1252 4050 tradunt,
1283 3973 1338 4034 h⁰⁶

315 4076 376 4152 est,
402 4073 534 4138 [abacia
555 4080 648 4140 ritae.
687 4097 906 4142 rantzonava.
