2764 4954
280 459 286 466 ,
316 393 378 458 nno
584 383 746 445 noran
787 383 1090 445 axaoartcnn

393 555 541 640 natat)
576 557 681 621 Prout
694 561 805 642 plures
822 557 943 623 insulas
960 577 1111 624 natantes
1126 573 1219 624 notas
1232 561 1339 622 habue-

320 657 388 724 rint
403 656 549 742 antiqui,
576 675 609 722 ct
629 658 766 724 similem
784 659 924 724 insulam
941 661 977 725 in
991 665 1066 726 lacu
1082 659 1267 724 Vadimonis
1286 657 1340 723 Pli-

320 760 397 824 nius
411 759 499 846 epist.
520 777 578 824 20.
603 777 636 823 et
651 759 717 843 ipse
732 763 838 825 noster
855 779 888 841 3,
908 779 939 828 Ω.
962 767 1026 826 tale
1042 761 1124 850 quid
1141 779 1233 826 notat
1250 763 1287 824 de
1302 759 1341 822 in·

323 865 390 926 sula
407 863 510 926 Antro
534 859 569 923 in
591 861 715 939 Gallia;
751 863 806 928 sed
828 866 918 950 quod
941 863 1140 930 miraculum
1161 861 1343 948 Aegyptium

324 965 384 1037 cst,
419 979 458 1026 ut
481 961 634 1026 sustinere
656 965 752 1049 pollit
776 964 938 1050 Apollinis
964 987 1033 1029 uon
1059 968 1161 1028 modo
1187 969 1344 1050 templum,

324 1063 493 1129 sedetiam
513 1065 647 1149 grande.
682 1084 705 1130 r.
725 1087 922 1130 oaouovrvs
938 1071 1015 1134 MS.
1061 1071 1100 1130 ln
1116 1065 1223 1132 China
1240 1069 1345 1128 multas

323 1166 445 1231 insulas
461 1181 609 1228 natantes
625 1181 694 1229 arte
717 1183 827 1230 tamen
844 1168 945 1232 factas
960 1166 1099 1253 reperiri
1115 1185 1248 1230 narrant
1263 1165 1346 1230 itine-

324 1289 398 1330 rum
415 1283 576 1330 auctores.
610 1269 652 1330 At
666 1263 812 1342 dubitat,
836 1287 869 1332 et
885 1271 926 1332 ad
939 1272 1143 1334 Graecorum
1159 1269 1283 1332 fabulas
1303 1269 1347 1330 ab·

325 1369 414 1454 legat
429 1369 574 1430 Larcher
590 1369 632 1430 ad
647 1370 806 1434 Herodot.
824 1387 857 1445 a,
882 1375 961 1450 156.
985 1393 1025 1434 ex
1041 1369 1102 1444 iis,
1125 1392 1211 1457 quae
1224 1368 1270 1432 ibi
1287 1390 1348 1430 nar·

325 1485 458 1542 rantur,
485 1489 562 1532 cum
575 1468 653 1532 ferri
668 1469 748 1534 alias
763 1487 913 1535 natantes
929 1470 1054 1536 insulae
1069 1473 1187 1556 possint
1202 1470 1237 1534 in
1252 1473 1349 1532 Theo

325 1568 445 1656 plrrasti
462 1567 540 1632 Hirt
556 1573 693 1654 plantar.
708 1583 744 1653 lp.
768 1589 821 1650 13.
853 1571 965 1636 Plinio
984 1593 1015 1647 u,
1031 1577 1090 1654 96.
1106 1573 1127 1636 s.
1144 1587 1204 1654 95.
1238 1575 1351 1635 Seneca

327 1671 458 1758 Quaest.
476 1687 583 1734 natur.
595 1688 628 1748 3,
648 1685 704 1751 25.
732 1675 801 1757 lpse
818 1673 919 1736 etiam
932 1675 1121 1738 Herodotus
1139 1676 1180 1736 ab
1196 1668 1352 1756 Aegyptiis

326 1773 362 1836 id
382 1772 541 1836 iactatum
562 1771 653 1836 fuille
670 1771 799 1849 scribit;
825 1776 854 1838 se
871 1774 957 1838 nihil
974 1773 1140 1838 eiusmodi
1158 1772 1354 1838 animadvor-

326 1873 406 1941 tisse.
443 1873 495 1939 cf.
512 1872 612 1938 etiam
625 1876 667 1939 de
679 1896 717 1938 ea
732 1874 893 1940 d’Anville
912 1900 944 1962 p.
962 1893 1021 1959 79.
1038 1899 1066 1941 c.
1081 1879 1104 1940 l.

402 2076 668 2163 Pyramides)
716 2081 767 2142 De
785 2076 826 2142 iis
846 2095 975 2164 praeter
996 2095 1182 2166 narratores
1206 2075 1355 2141 itinerum

324 2177 424 2242 multi
448 2183 551 2243 multa
574 2178 786 2264 scripserunt,
814 2201 897 2266 quos
919 2182 1147 2266 produxerunt
1161 2177 1291 2243 Plinius
1306 2177 1356 2253 36·

333 2297 389 2354 17.
404 2279 426 2342 s.
444 2283 503 2357 36,
527 2299 581 2353 ro,
601 2297 633 2359 3.
658 2297 691 2362 et
710 2279 891 2344 Meuselius
915 2281 951 2344 in
964 2280 1125 2346 Biblioth.
1142 2280 1224 2344 llist.
1244 2281 1310 2341 Vol.
1329 2291 1356 2352 3.

326 2383 364 2443 P.
384 2405 414 2443 1.
436 2403 467 2464 p.
483 2384 530 2446 66
547 2381 612 2467 sqq.
647 2397 680 2444 et
702 2383 807 2446 nostra
827 2399 915 2445 aetas
938 2380 1040 2447 auxit.
1096 2384 1236 2446 Acceffit
1261 2397 1358 2462 nuper

326 2482 469 2545 ‘Grobert
485 2479 608 2566 aliique
624 2481 875 2546 Franco-Galli.
914 2482 970 2548 Sic
984 2480 1158 2568 multiplex
1177 2483 1282 2546 sertor
1300 2495 1357 2558 ety-

326 2579 491 2666 mologia;
536 2583 577 2644 de
610 2603 674 2668 qua
707 2586 811 2646 multa
841 2606 949 2669 nuper
986 2582 1132 2669 conlegit
1162 2581 1358 2647 Dornedden

319 2681 497 2761 (Theorie
517 2684 575 2746 der
594 2686 649 2748 Gr.
669 2683 895 2768 lilythologic)
920 2709 951 2770 p.
972 2695 1043 2766 343
1061 2687 1127 2771 sqq.
1164 2683 1310 2771 Quidam
1325 2681 1358 2742 ab

327 2781 563 2868 Aegyptiomm
590 2783 702 2870 lingua
730 2783 898 2858 derivant,
941 2789 1030 2874 quast
1054 2789 1260 2849 Pi-romu·e
1288 2781 1310 2846 i.
1334 2801 1357 2842 e·

327 2883 441 2948 radius
467 2885 562 2961 solis;
589 2889 640 2966 (la
667 2889 773 2952 Croze
800 2884 835 2949 in
858 2885 1025 2950 iablonski
1050 2883 1302 2972 Prolegomcnis
1324 2881 1359 2944 ad

326 2989 502 3052 Pantheon
517 2991 651 3071 Aegypt.
670 2991 701 3070 6.
719 2993 798 3068 34.)
822 2991 876 3051 vel
894 2985 995 3051 etiam
1011 2982 1154 3078 Πιρωμὶς
1174 2987 1198 3051 i.
1214 3011 1243 3051 e.
1268 2979 1360 3055 καλὸς

329 3083 481 3174 adpetiit
508 3089 570 3152 sec.
597 3089 805 3152 Herodotum
831 3108 863 3161 e,
889 3099 969 3170 143.
992 3087 1164 3170 (Perizon.
1189 3089 1225 3152 in
1248 3084 1358 3168 origin.

327 3191 463 3274 Aegypt.
480 3211 508 3252 c.
526 3209 582 3253 21.
605 3213 637 3274 p.
657 3195 762 3271 393.)
787 3192 841 3252 vel
858 3192 960 3252 aliur
975 3187 998 3253 i.
1016 3212 1043 3254 e.
1066 3207 1198 3252 antrum
1220 3207 1253 3252 et
1269 3185 1359 3250 Muti

329 3289 352 3354 i.
368 3311 397 3353 e.
418 3307 587 3367 mortuus;
615 3289 701 3370 (vid.
720 3293 845 3372 Volney
858 3289 952 3354 Reise
975 3314 1007 3376 p.
1027 3305 1108 3369 o15.
1126 3311 1154 3354 c.
1172 3293 1217 3372 l.)
1245 3287 1300 3352 alii
1324 3287 1358 3346 ab

325 3389 466 3456 Arabico
490 3393 635 3464 Harum,
666 3393 757 3478 quod
779 3389 952 3477 paullatim
974 3389 1135 3455 transterit
1156 3389 1193 3454 in
1217 3385 1360 3479 Πύραμιὶ

326 3491 349 3556 i.
369 3513 397 3556 e.
422 3496 514 3556 locus
539 3495 611 3555 Deo
634 3493 738 3569 sacer;
764 3495 871 3575 <sacy
893 3499 1041 3578 voyage)
1068 3491 1157 3556 aliia
1175 3485 1359 3557 Chaldaicis

324 3592 465 3657 vocibus
481 3596 587 3658 Amud
601 3593 772 3678 praemisso
795 3591 861 3685 πῦρ
878 3598 932 3658 vel
950 3596 997 3660 Or
1012 3595 1112 3658 amiid
1130 3615 1207 3657 cum
1228 3591 1359 3656 articulo

325 3694 526 3780 Aegyptiaco
548 3699 603 3775 pi,-
627 3701 751 3781 (nuper
772 3707 876 3774 1801.
899 3698 1008 3780 Hager
1024 3694 1061 3757 in
1079 3693 1234 3758 dissertat.
1251 3713 1293 3756 on
1308 3692 1359 3752 the

327 3801 441 3876 newly
465 3795 658 3860 discovered
678 3795 885 3877 Babylonian
908 3794 1140 3882 Inscriptions,
1167 3813 1206 3860 ut
1222 3817 1262 3858 ex
1277 3811 1358 3856 com·

325 3895 498 3960 mensariis
519 3895 604 3960 liter.
628 3897 727 3978 novi)
754 3917 794 3960 ex
810 3897 950 3983 Coptica
966 3897 1080 3982 lingua
1096 3893 1188 3985 xpus
1205 3895 1228 3960 i.
1251 3917 1279 3960 e.
1299 3889 1359 3978 utiq

327 3999 472 4063 arcessito
489 3996 629 4062 articulo
645 4021 690 4064 en.
715 4003 874 4084 (Langles
892 4001 933 4062 ad
948 4001 1085 4062 Norden
1098 4019 1224 4083 voyage
1236 4021 1270 4083 p.
1282 3991 1358 4074 246.

324 4098 385 4166 ubi
406 4115 439 4165 et
454 4099 521 4188 sqq.
541 4103 646 4164 multa
665 4122 705 4165 ex
722 4098 868 4168 Orientis
885 4097 1030 4167 maxime
1050 4097 1266 4190 scriptoribus
1286 4113 1357 4161 con·
