2764 4958
345 383 405 430 eor
613 369 772 430 aaron
794 334 1111 448 'exererrcoe

342 543 524 613 Hammon,
553 542 698 606 Athenai.
720 545 754 604 in
781 559 857 608 orat.
880 543 953 607 adv.
975 559 1086 630 genter
1101 547 1142 607 T.
1161 561 1191 608 ι.
1212 563 1244 626 p.
1263 554 1294 620 3.
1312 539 1356 604 ed.

348 647 453 709 1600.
476 641 692 730 κριοκὲφαλος
705 637 854 732 Ἄμμων,
881 645 1011 708 Lucion.
1033 647 1073 708 de
1093 643 1234 729 astrolog.
1251 663 1313 724 cop.
1328 652 1356 718 3.

344 739 601 834 uptorrpo'owrror,
633 745 761 808 Phessue
781 747 861 830 apud
885 747 1043 810 Scholiast.
1066 748 1194 808 Pindari
1214 746 1251 808 ad
1270 743 1356 822 Pyth.

343 865 378 930 9,
399 861 458 927 39.
486 843 710 933 κερατηφόρος
734 883 779 894 -
827 849 912 910 Hinc
944 868 982 910 ex
1014 850 1151 933 gemmis
1180 843 1360 909 Hammonis

341 969 440 1010 cornu
462 967 582 1010 nomen
603 945 749 1030 aecepiffe
770 949 896 1031 adparet
919 967 957 1010 ert
980 950 1088 1011 Plinio
1106 963 1164 1030 37,
1190 945 1247 1013 6ο.
1269 943 1288 1007 i.
1307 963 1356 1009 to.

342 1050 416 1112 Huc
432 1051 586 1110 adludunt
607 1053 703 1109 etiam
723 1047 833 1118 'vorem
857 1063 894 1110 ut
914 1051 999 1133 apud
1015 1053 1129 1112 Avien.
1146 1070 1179 1110 v.
1198 1044 1277 1128 3ιό.
1300 1063 1357 1104 mu·

341 1151 423 1232 gire,
448 1151 560 1212 Sidon.
585 1151 752 1230 Apollineo.
773 1171 867 1212 cerm.
885 1164 917 1228 5.
939 1150 1018 1232 264.
1043 1165 1075 1213 et
1097 1151 1216 1212 similia.
1254 1145 1357 1206 Wach·

342 1265 427 1312 terne
450 1252 483 1312 ia
506 1251 657 1312 erchaeol.
682 1271 770 1314 num.
794 1272 820 1312 o.
837 1269 871 1334 7.
889 1273 919 1333 p.
937 1251 995 1329 65.
1020 1253 1054 1314 in
1077 1252 1225 1313 cornibue
1245 1249 1358 1331 iignum

340 1353 469 1435 pastorio
497 1351 632 1413 bellicoii
665 1365 698 1413 et
729 1354 942 1434 praepotentia
973 1355 1112 1434 quaerit,
1154 1351 1251 1434 qualia
1277 1361 1357 1410 antee

341 1453 505 1514 Hammon
522 1451 625 1514 fuerit.
665 1453 712 1514 td
727 1473 821 1515 ovem
837 1452 932 1516 refert
951 1454 1133 1516 Athenaiiue
1150 1473 1178 1516 a.
1191 1454 1212 1516 l.
1239 1449 1357 1512 Galeam

340 1553 405 1616 hoc
424 1554 511 1638 iigno
531 1567 671 1614 ornatam
690 1555 787 1636 inque
803 1555 892 1617 bellio
907 1555 1053 1638 gestatam
1073 1557 1211 1638 explicet
1231 1551 1354 1614 Diodor.

342 1668 376 1735 5.
394 1669 453 1730 72.
480 1653 535 1714 ubi
553 1655 639 1736 plura
656 1655 695 1716 de
713 1675 764 1718 eo.
805 1658 845 1718 Et
862 1655 900 1718 fia
916 1653 1013 1719 Nabie
1034 1657 1102 1718 eius
1124 1654 1262 1718 sacerdot
1280 1643 1356 1742 roffi·

339 1754 409 1818 dem
438 1757 630 1836 cornigeram
661 1755 792 1840 gestavit
817 1756 874 1820 iec.
903 1758 1019 1819 Silium
1044 1757 1112 1819 Ital.
1139 1769 1196 1834 25.
1220 1756 1300 1832 682.
1328 1761 1357 1810 tt

340 1857 472 1920 Hiarbae
493 1857 594 1918 accolo
614 1857 676 1918 loai
698 1877 726 1928 r.
747 1867 832 1936 4ι5.
862 1857 987 1938 galeam
1008 1851 1095 1942 flexo
1117 1876 1226 1921 coroa.
1276 1853 1356 1915 idern

339 1961 434 2020 etiam
452 1960 566 2021 volunt
587 1960 776 2022 recentiores
797 1959 944 2042 quidam,
977 1973 1010 2020 et
1029 1960 1198 2042 Lippertoa
1213 1959 1246 2017 in
1268 1969 1357 2014 cornu

339 2062 472 2122 arietino
492 2079 637 2144 gemmae
661 2062 779 2145 galeam
797 2058 946 2144 agnoscit.
991 2060 1063 2122 Vid.
1084 2063 1155 2121 eiua
1172 2052 1354 2136 Dactylioth.

339 2181 372 2244 p.
399 2175 431 2241 5.
470 2162 540 2222 Taii
561 2181 638 2222 vero
659 2163 755 2224 etiam
777 2162 902 2232 habita.
934 2174 970 2222 ut
993 2176 1115 2244 patrem
1136 2159 1283 2226 referret,
1311 2151 1356 2214 td·

339 2264 445 2344 peruit
467 2259 640 2322 Alexander
664 2262 710 2325 M.
745 2263 784 2324 de
806 2281 871 2343 quo
891 2262 957 2323 vid.
980 2261 1151 2344 Spenhem.
1177 2263 1217 2322 de
1238 2255 1292 2318 aiu
1313 2283 1356 2304 ι·-

338 2382 429 2424 rrum.
447 2361 513 2424 diff.
532 2377 564 2436 7.
579 2383 611 2444 p.
632 2375 702 2440 588
717 2361 757 2444 iq.
780 2363 865 2444 qood
886 2378 919 2425 et
938 2361 1122 2444 posterioree
1142 2361 1258 2424 imitati
1280 2355 1353 2417 inat.

339 2464 419 2523 lude
440 2479 517 2524 vero
543 2463 624 2523 dicta
651 2465 693 2525 est
718 2463 953 2526 Hammoniaca
977 2465 1070 2544 regia,
1104 2461 1267 2525 Hammon
1290 2451 1355 2517 orit

337 2564 422 2644 opud
438 2563 574 2625 Ptolem.
594 2573 627 2642 4,
646 2577 679 2641 5.
705 2565 758 2642 (in
780 2567 869 2626 lodie
888 2566 1090 2649 cognominis
1110 2565 1275 2626 conditore
1291 2557 1355 2618 Bw

226 2677 234 2704 t
338 2664 402 2724 cho
423 2664 505 2744 apud
530 2655 650 2749 Hyg'in.
674 2661 734 2727 fab.
757 2677 839 2743 275.
875 2666 979 2747 pluree
1000 2663 1136 2751 adtingit
1158 2667 1288 2727 Diodor.
1308 2661 1370 2730 ²7⁹¹

337 2776 398 2842 49.
417 2761 460 2843 i.)
493 2762 745 2828 Hammoniacus
759 2787 871 2828 nomas
884 2767 968 2828 Plio.
986 2779 1019 2843 5,
1036 2785 1071 2846 9.
1105 2763 1291 2828 Hammoaii
1307 2775 1354 2840 po·

336 2865 405 2945 paii
427 2865 584 2930 Herodot.
605 2878 711 2945 moe.
741 2881 773 2946 3.
798 2879 856 2944 25.
886 2877 920 2945 4,
950 2881 1029 2944 ¹8¹·
1059 2871 1116 2950 qui
1139 2869 1237 2929 etiam
1255 2873 1353 2936 2232·

336 2983 436 3048 prope
458 2966 574 3027 oraculi
597 2966 699 3029 iodem
716 2969 908 3031 Eteerchum
931 2989 1039 3053 regem
1059 2983 1225 3032 memoret.
1259 2959 1307 3028 Cf.
1320 2960 1354 3018 d⁰

338 3067 542 3128 Hammoniie
575 3069 767 3151 illorumque
809 3069 980 3131 domiciliis
1019 3071 1151 3134 Curtius
1177 3083 1212 3150 4,
1244 3083 1275 3140 7,
1303 3077 1353 3138 29·

337 3169 473 3232 Diodor.
495 3183 548 3242 ι7,
568 3182 625 3246 50.
652 3169 692 3231 rie
716 3172 825 3232 virtut.
849 3185 881 3232 et
904 3173 991 3232 vitiis
1013 3192 1044 3254 p.
1061 3185 1145 3249 557.
1179 3167 1234 3252 qui
1253 3179 1283 3228 et
1306 3175 1353 3240 ¹7·

343 3283 424 3346 ¹¹3·
446 3283 564 3332 mutata
584 3269 686 3334 Forma
706 3267 888 3362 Ἀμμωνιεῖς
911 3269 1025 3334 scribit.
1079 3273 1155 3334 Late
1172 3287 1248 3334 veto
1270 3265 1354 3327 ttam-

337 3371 465 3432 moniee
487 3391 607 3432 nomen
629 3373 758 3454 patuiffe
777 3388 809 3436 et
834 3375 892 3436 toti
912 3375 990 3436 odeo
1008 3371 1125 3452 Libyae
1141 3373 1250 3434 datam
1265 3361 1352 3430 tutte.

337 3471 432 3534 docet
454 3471 602 3535 Bochert.
624 3475 656 3534 in
679 3475 806 3560 Phaleg.
830 3495 857 3546 ι,
885 3495 914 3538 1.
968 3476 1005 3536 In
1027 3495 1085 3556 qua
1101 3475 1230 3556 quidem
1246 3467 1352 3544 Libya

336 3586 424 3652 parte
443 3573 603 3635 oraculum
627 3597 700 3638 vere
720 3563 830 3646 fuerit,
856 3595 921 3638 non
940 3577 1049 3636 eadem
1070 3575 1113 3637 est
1134 3575 1279 3637 omnium
1296 3565 1352 3626 ieo-

338 3675 445 3734 tentia.
497 3675 698 3740 Ptolemaeus
730 3679 823 3758 ponit
848 3679 880 3738 in
908 3677 1093 3738 Marmarica
1122 3677 1351 3738 mediterraneis

337 3773 492 3836 Herodot.
513 3787 547 3854 4,
570 3789 648 3856 181.
676 3799 693 3839 a
713 3778 834 3840 Thebis
853 3793 999 3838 removet
1027 3797 1067 3838 ro
1086 3778 1210 3838 dierum
1233 3773 1366 3834 itinere?t

344 3891 399 3936 ra.
415 3895 431 3934 a
449 3875 595 3958 Memphi
609 3881 693 3942 Plio.
709 3891 742 3954 5,
759 3897 793 3959 9.
817 3893 848 3939 et
864 3891 935 3957 4ου
949 3877 994 3940 Μ.
1010 3879 1047 3940 P.
1065 3877 1216 3957 aCytene
1231 3867 1351 3952 5‚5·5¹¹·

337 3975 424 4035 unde
445 3979 588 4060 adparat,
613 3982 743 4063 propius
762 3977 867 4042 einiffe
883 3979 921 4040 ab
942 3981 1097 4064 Aegypto.
1151 3979 1226 4044 Alii,
1251 3979 1365 4060 poetae

336 4077 487 4150 maxime.
513 4097 592 4168 vege
608 4095 721 4154 errant,
745 4095 778 4146 et
794 4081 872 4145 hinc
883 4081 979 4144 Siliua
995 4079 1067 4146 ltel.
1082 4089 1136 4179 t4.
1153 4089 1237 4164 440.
1258 4063 1351 4160 (cossi
