2764 4954
194 403 544 466 mouerunt.
586 395 668 460 nr.
710 399 817 461 exo
859 401 938 473 en.
1020 411 1080 477 54¹

62 577 184 665 graphio.
229 579 399 662 Praeprue
413 575 503 646 urbe.
528 595 623 658 quem
638 574 751 640 Noster
767 595 835 640 non
850 576 979 664 adtigit.
1002 577 1082 642 cele·

62 681 155 742 brrrur
170 677 337 742 Samosata.
360 676 485 757 (Strabo
499 677 556 740 lib.
570 679 625 742 ιδ.
640 679 768 762 p.516.
785 675 805 741 i.
816 683 915 759 749.)
951 679 1079 742 Postero

60 795 191 864 tempore
207 793 296 842 aucta
309 781 412 862 ulique
427 791 514 862 parre
529 779 611 840 diere
630 779 673 841 eii
687 775 919 871 Euphratesia.
945 779 998 842 vel
1014 779 1080 842 Eu·

60 879 242 972 phratensis,
279 881 320 944 de
346 899 412 963 quo
438 895 560 961 praeter
584 879 793 964 Geogrephoe
815 879 855 944 cf.
880 879 1017 944 Valefiue
1040 879 1080 942 ed

61 984 207 1047 Ammien.
227 991 283 1062 14.
305 993 340 1060 8.
371 993 404 1044 et
424 981 606 1066 Weffeling.
628 982 666 1042 ud
693 981 875 1044 Hieroclem
896 1001 967 1066 pag.
994 995 1079 1057 712.

60 1083 182 1148 victorie
196 1098 298 1146 eetote
311 1077 642 1175 Augustophratensrr.
665 1094 702 1143 ut
719 1081 782 1164 ipse
795 1083 937 1144 adfirmat
951 1083 986 1144 in
1001 1081 1079 1164 epit.
1194 1065 1197 1074 ¹

60 1197 157 1264 9.13.
198 1183 297 1246 Nunc
316 1183 493 1264 quaerenda
515 1182 557 1246 est
578 1183 658 1244 ultre
678 1185 835 1246 Amanum
857 1195 1020 1256 montem,
1044 1182 1079 1247 h.

59 1285 250 1368 Almudoghy
271 1283 378 1348 verine
395 1285 590 1366 Euphratem
606 1297 680 1346 ante
695 1281 848 1347 Diarbelo

169 1491 202 1569 ς.
229 1503 266 1554 Ω.
316 1483 581 1580 Palaestine)
632 1485 688 1552 Gr.
710 1482 928 1576 Παλαιστίν4.
954 1487 1084 1550 Veriant

62 1599 156 1652 umen
172 1591 267 1652 numi
288 1602 321 1650 et
339 1588 475 1671 lapidee.
501 1589 535 1649 in
556 1587 670 1670 quibue
686 1591 780 1651 etiarn
800 1583 946 1653 Παλεστ.
965 1603 998 1652 et
1016 1589 1085 1653 Πα-

63 1686 204 1778 λαιστῄνη
226 1691 355 1775 legitur.
404 1689 477 1754 Vid.
497 1685 616 1752 Busche
640 1691 673 1751 in
697 1691 773 1754 Lex.
794 1711 917 1754 numer.
934 1692 1031 1754 Tom.
1049 1705 1082 1771 5.

62 1789 91 1851 P.
107 1808 137 1855 2.
158 1813 189 1874 p.
211 1799 300 1874 412.
317 1801 389 1869 417
404 1787 447 1872 [q.
498 1789 605 1853 Densa
630 1795 725 1853 eriam
748 1794 781 1852 in
803 1793 917 1854 itinere
935 1791 1085 1855 Constan-

63 1893 265 1974 tinopolitano
287 1891 369 1966 (vid.
388 1891 546 1952 Gronovii
566 1890 643 1955 thei.
661 1893 731 1956 Vol.
747 1895 780 1956 6.
795 1913 826 1974 p.
840 1895 962 1972 5575.)
982 1891 1087 1954 infcri-

62 1993 193 2072 ptionem
216 1989 335 2065 adfert.
361 1993 395 2052 in
420 2013 480 2074 qua
505 1991 653 2075 scripturn
673 1993 784 2056 exstat:
819 1995 942 2079 Συριας
961 1989 1089 2056 Παλαι-

64 2091 182 2180 στείνης.
235 2092 363 2158 Notum
386 2092 445 2164 est.
477 2095 511 2154 in
534 2093 689 2176 scripturis
716 2093 804 2156 ircrie
825 2095 887 2155 dici
917 2093 1088 2164 chanaan.

64 2209 112 2272 pro
138 2213 199 2277 qua
232 2193 321 2276 ioepe
350 2194 535 2256 Phoenicen
567 2209 694 2278 ponunt
728 2195 836 2257 ludaei
875 2193 1089 2267 Alexandrini,

67 2311 180 2376 propter
200 2297 409 2358 Phoenicum
432 2316 471 2357 ex
492 2295 689 2360 Chananaeie
713 2297 883 2380 originem.
934 2295 1090 2378 Exempla

67 2396 172 2457 dabunt
193 2396 344 2458 Bochart.
365 2397 397 2456 in
417 2397 536 2480 Phaieg
551 2407 585 2476 4.
610 2411 668 2477 54.
695 2397 857 2460 lielunduo
871 2398 905 2456 in
922 2397 1091 2460 Palaestine

72 2514 94 2564 ι.
109 2515 139 2579 7.
161 2512 195 2561 et
210 2497 373 2570 Bechiene
387 2499 427 2560 Τ.
447 2519 475 2559 ι.
493 2498 529 2560 P.
549 2519 577 2560 ι.
593 2519 624 2580 p.
642 2510 703 2576 45.
752 2499 871 2562 Contra
884 2496 1040 2580 loiephue
1054 2500 1089 2560 in

67 2599 173 2680 antiqu.
191 2598 264 2660 lud.
282 2597 314 2667 6.
331 2609 355 2677 4
371 2597 410 2679 sq.
453 2598 637 2662 Philissaeos
654 2601 689 2662 V.
710 2601 750 2662 T.
773 2601 877 2660 reddit
890 2599 1090 2672 Palaestinoe,

68 2701 171 2781 quippe
186 2721 203 2761 a
218 2697 335 2780 quibus
350 2699 411 2761 hoo
425 2719 545 2761 nomen
561 2701 712 2770 manavit.
732 2715 768 2762 ut
783 2701 878 2762 docet
889 2701 1022 2766 Relund.
1032 2701 1089 2765 c.l.

69 2797 110 2860 De
123 2802 190 2862 aliie
204 2799 395 2862 nominibus
413 2819 444 2860 v.
463 2819 490 2860 c.
515 2791 625 2892 Israel.
654 2803 737 2882 regio
758 2791 898 2892 Israelis,
924 2803 1010 2883 regio
1025 2800 1089 2864 He·

69 2894 226 2973 iraeorum,
250 2901 375 2961 Iudaeo
395 2933 445 2948 -
468 2899 509 2962 cf.
530 2901 687 2964 Bachiene
708 2923 739 2984 p.
756 2913 778 2983 4
785 2915 803 2978 5
817 2901 878 2983 [qq.
895 2921 921 2963 c.
940 2903 961 2966 l.
986 2903 1091 2965 Sumi-

70 3009 112 3060 rur
129 3016 235 3068 eutem
260 2999 347 3062 sensu
363 3001 465 3062 latiori
482 3015 514 3063 et
536 3003 684 3086 angusto.
715 3017 747 3065 et
763 3004 860 3066 modo
875 3003 984 3081 Syriae
999 3002 1092 3064 adtri-

69 3095 181 3174 buitur.
207 3103 309 3165 modo
325 3104 482 3171 demitur.
514 3105 677 3184 variaeque
700 3103 774 3165 hinc
798 3117 1093 3165 commemorantur

71 3203 127 3264 eius
145 3217 260 3286 partes.
310 3203 423 3266 Noster
440 3205 548 3283 Syriae
563 3204 726 3275 adscribit.
752 3219 844 3285 arque
862 3205 903 3263 ita
924 3203 1021 3264 etiem
1037 3203 1092 3266 ulii
1123 3247 1125 3251 -

72 3301 274 3397 Palaestinam
291 3305 414 3386 Syriam
437 3305 549 3367 dicunt
570 3319 604 3368 et
624 3303 839 3398 Palaeflr‘num
862 3305 984 3386 Syrum.
1038 3301 1089 3369 Cf.

74 3401 188 3470 Oroiiue
209 3425 240 3478 ι,
259 3421 293 3469 2.
306 3427 339 3489 p.
361 3407 416 3469 16.
435 3407 569 3468 Haverc.
596 3408 679 3471 l‘lin.
702 3423 755 3476 ια,
774 3417 831 3488 4ο.
850 3403 870 3468 f.
888 3420 942 3480 17.
966 3403 1090 3488 ioseph.

75 3507 180 3588 antiqu.
195 3509 268 3570 lud.
284 3518 317 3584 8,
337 3525 392 3579 ιο,
410 3521 443 3587 3.
469 3508 606 3570 Prolem.
621 3521 651 3586 5,
669 3511 722 3571 16.
751 3507 849 3569 ovid.
862 3509 897 3568 Δ.
910 3509 945 3567 A.
963 3527 990 3577 ι,
1005 3509 1091 3586 4ι6.

76 3603 358 3685 Tibull.1,7,1ss.
393 3623 426 3670 et
452 3629 532 3690 qnae
565 3611 773 3694 coniegerunt
803 3609 869 3668 loca
896 3607 1030 3670 Reiand.
1057 3609 1091 3670 in

76 3699 186 3773 Puaest.
201 3729 231 3782 ι,
248 3721 282 3788 3.
298 3731 328 3792 p.
344 3729 386 3771 m.
400 3723 445 3788 32
457 3708 497 3790 sq.
525 3725 557 3771 er
575 3712 662 3772 lebb.
680 3712 718 3771 de
734 3709 873 3770 Aristidis
888 3710 950 3770 vira
966 3711 999 3768 in
1017 3729 1091 3792 opp.
1187 3707 1189 3712 ’

78 3804 111 3870 Τ.
128 3829 154 3873 1.
168 3815 196 3889 §.
213 3813 247 3881 6.
266 3825 300 3888 7.
351 3813 401 3872 De
423 3811 579 3892 lapidibus
595 3809 633 3878 cf.
649 3811 774 3873 Gruter.
791 3831 823 3892 p.
839 3819 925 3888 495.
943 3830 975 3872 n.
992 3825 1026 3874 2.
1052 3811 1093 3872 de

80 3910 296 3974 numirliuiobe
310 3931 337 3974 c.
351 3912 374 3973 1.
402 3914 523 3973 Tamen
541 3925 573 3973 et
589 3912 628 3974 src
641 3913 840 3976 Ptolemaeus
852 3923 882 3986 5.
900 3909 952 3974 16.
963 3911 1008 3974 iu.
1031 3909 1093 3992 ipse

79 4005 153 4084 Syrie
168 4015 327 4076 terminet.
358 4013 410 4076 Sic
426 4025 459 4076 et
472 4011 595 4074 Iudaea
612 4011 700 4098 saepe
716 4024 859 4082 vocatur,
883 4009 937 4094 (in
955 4009 1092 4074 Ptolem.

81 4123 103 4168 t·
120 4109 202 4175 1.·-
227 4115 366 4178 maxime
391 4117 426 4176 in
453 4114 551 4178 literis
575 4111 686 4198 sacris)
719 4113 758 4176 rb
789 4111 841 4175 ille
865 4112 962 4175 eriam
994 4111 1094 4176 ieiun-
