2852 4946
337 401 402 470 384
608 395 767 454 NOTAE
808 400 1110 460 Equtthnu

337 569 475 632 eandem·
489 563 656 633 Σέλευκον
673 589 689 632 a
705 572 870 654 Stephano
892 576 998 636 vocari
1024 587 1118 658 putat
1138 573 1316 637 Holiienitra
1335 573 1366 634 iu

337 673 425 732 notis
443 691 474 752 p.
493 683 577 747 237.
600 669 709 732 salsum
727 673 786 735 else
801 669 930 756 adparet
949 695 989 736 ex
1008 677 1138 740 adiectio
1154 676 1286 738 vocibus
1303 667 1366 760 περὶ

336 773 378 856 ei
398 769 577 862 Ἀπαμείᾳ,
609 791 690 854 quae
711 775 881 836 Seleucum
903 777 941 836 ad
963 777 1078 838 Belum
1100 779 1240 862 intelligi
1260 777 1366 838 debere

337 873 472 943 docent,
515 894 609 954 quam
644 873 757 936 urbem
787 889 946 938 memorat
974 879 1176 940 Ptolemaeus
1199 891 1233 954 5,
1260 889 1312 956 ¹5·
1337 888 1367 938 et

336 977 489 1057 deinceps
504 974 567 1057 ipse
583 973 773 1056 Stephanus.
817 977 962 1066 Nostram
980 981 1102 1061 prolixe
1120 978 1267 1040 describit
1281 979 1367 1055 Poly·

338 1076 410 1138 bins
428 1091 460 1153 5,
479 1089 537 1155 59.
574 1077 662 1137 unde
688 1079 811 1158 potiore
838 1079 915 1140 haec
941 1080 1125 1141 discuntur:
1158 1083 1226 1144 Sita
1249 1077 1367 1141 suited

335 1197 421 1238 mare
442 1197 508 1238 nort
531 1180 626 1260 longe
646 1177 684 1237 ab
701 1178 784 1240 oiliie
800 1179 932 1242 Orontis
953 1179 1044 1241 fluvii
1069 1183 1152 1243 iuter
1171 1183 1316 1245 Ciliciam
1338 1191 1367 1240 et

335 1277 520 1340 Phoenicen
542 1279 579 1338 ad
603 1280 770 1340 meridiem
796 1283 932 1352 montio,
958 1302 1054 1364 quern
1076 1283 1301 1364 coryphaeum
1318 1299 1368 1342 vo·

336 1382 398 1440 cari
424 1383 485 1448 ait,
527 1395 559 1440 et
592 1377 749 1460 profunda
781 1382 862 1443 valle
894 1382 932 1444 ab
964 1383 1043 1444 urbe
1077 1383 1228 1467 separari,
1265 1395 1369 1444 contre

335 1481 492 1562 Cyprum.
544 1481 593 1540 ad
611 1480 769 1542 Orontem
793 1497 921 1564 ponunt
940 1497 973 1545 et
994 1485 1064 1552 alii,
1091 1499 1235 1566 erratque
1254 1481 1368 1546 Ernesti

332 1583 367 1642 in
384 1582 470 1642 clave
488 1582 706 1654 Ciceroniana,
732 1583 810 1642 dum
826 1585 1022 1665 Euphratem
1037 1586 1141 1656 habet,
1165 1587 1295 1646 tibialia
1312 1581 1367 1643 suit

335 1683 487 1753 Seleucia,
509 1682 700 1760 Parthorum
713 1682 787 1745 urbs
801 1685 957 1765 primaria.
989 1686 1131 1747 Fuerunt
1148 1689 1238 1748 enim
1256 1703 1368 1769 cogno·

332 1785 436 1846 mines
459 1785 595 1865 plores,
616 1797 704 1845 ceute
729 1785 963 1849 discernendae.
1023 1787 1153 1848 Nostrae
1177 1788 1255 1848 hinc
1276 1790 1368 1849 etiam

333 1885 417 1970 signa
438 1887 591 1966 quaedam
616 1885 738 1946 addunt
757 1901 915 1958 auctores,
949 1901 985 1948 ut
1009 1888 1131 1976 Συρίας
1153 1891 1310 1971 (Appian.
1335 1888 1366 1946 io

334 1987 403 2066 Syr.
420 2007 486 2068 cap.
502 1989 556 2066 4.)
578 1978 627 2049 ini
650 1985 693 2073 τῆ
714 1979 885 2073 θαλάσση,
910 1990 1014 2068 (idem
1034 2009 1061 2050 c.
1082 2001 1139 2066 58.
1156 2009 1182 2050 c.
1201 1991 1245 2068 l.)
1269 2007 1367 2074 repo·

332 2083 515 2158 θαλασσία,
540 2089 574 2165 (ι
595 2087 734 2150 Maccab.
756 2108 810 2160 tt,
828 2094 876 2168 8.)
901 2105 1023 2170 praeter
1040 2091 1083 2160 id,
1110 2093 1192 2172 quod
1211 2090 1299 2172 supra
1315 2109 1366 2149 uo·
1406 2129 1407 2134 .

331 2191 399 2252 tavi
420 2191 459 2252 de
476 2191 592 2251 Pierio.
644 2189 892 2252 Celeberrimarn
909 2191 990 2253 hanc
1006 2192 1198 2273 reliquarum
1216 2213 1291 2253 curo
1311 2191 1366 2250 alia

331 2291 370 2352 acl
394 2291 518 2375 Tigrim
544 2291 622 2350 dicit
641 2292 802 2372 Appiauue
825 2311 891 2374 cap.
908 2302 966 2369 57.
982 2313 1010 2355 c.
1034 2293 1057 2354 l.
1117 2292 1251 2356 Nomen
1276 2292 1367 2353 debet

331 2392 465 2455 Seleuco
486 2391 646 2480 Nicatori.
675 2395 729 2472 qni
747 2393 882 2453 omnino
901 2410 924 2470 9
945 2394 1040 2456 urbes
1064 2397 1278 2478 cognominet
1298 2411 1365 2454 con·

331 2493 463 2562 diderat,
483 2493 632 2574 (Appian.
650 2511 715 2573 cap.
728 2504 786 2568 57.
803 2511 830 2554 c.
847 2490 884 2574 l.)
911 2506 953 2564 et,
973 2507 1009 2554 ut
1025 2515 1063 2556 ex
1081 2495 1248 2556 Strabonis
1267 2493 1364 2574 ampla

291 2628 294 2652 t
329 2594 507 2655 narratione
528 2590 583 2652 lib.
606 2593 660 2654 16.
678 2612 709 2674 p.
727 2591 810 2669 5ι6.
829 2591 851 2656 s.
865 2605 947 2670 750.
971 2594 1106 2666 discitur,
1131 2617 1202 2658 eant
1225 2595 1364 2657 insiaura·

328 2709 418 2756 verat
434 2706 466 2754 et
483 2706 659 2764 ornaverat,
685 2709 809 2756 mutato
824 2695 922 2778 priori
937 2697 1081 2766 nomine,
1108 2697 1194 2778 quod
1215 2695 1309 2760 fnisse
1324 2695 1363 2754 ait

209 2835 211 2843 ·
319 2787 466 2868 ’Ὕὸατος
483 2788 643 2884 noropoi,
671 2795 798 2857 Malalas
813 2797 847 2856 iu
863 2795 1032 2881 chronogr.
1047 2797 1101 2860 lib.
1120 2811 1154 2874 5.
1171 2819 1202 2881 p.
1214 2813 1276 2878 59.
1288 2791 1363 2857 Ven.

327 2891 575 2968 l'loltmo'rroltte,
601 2899 689 2978 quod
711 2895 853 2980 respectu
872 2897 960 2960 urbia
980 2899 1162 2961 instauratae
1182 2897 1365 2982 usurpatum

329 3000 467 3060 videtur.
504 2997 589 3058 Hinc
606 3017 683 3058 vero
700 2999 838 3079 adparet,
860 3001 1024 3078 quomodo
1041 2997 1159 3086 κτίζειν
1176 3001 1215 3060 de
1232 3000 1363 3063 Seleuco
1402 3061 1407 3086 ,

327 3101 465 3183 intelligi
488 3099 601 3158 debeat
626 3099 658 3158 in
680 3097 814 3180 losepho
838 3100 958 3180 antiqu.
979 3112 1031 3178 ιθ,
1059 3119 1092 3180 9,
1119 3113 1150 3178 8.
1178 3114 1210 3162 et
1231 3097 1364 3183 Appiani

329 3203 397 3279 Syr.
415 3222 481 3281 cap.
501 3211 559 3274 53.
596 3219 692 3280 quem
714 3199 805 3260 verbi
829 3198 920 3260 usum
945 3202 978 3262 in
1001 3201 1070 3262 aliie
1091 3204 1187 3263 etiam
1213 3209 1365 3263 notarunt

328 3301 509 3382 Welleling.
527 3301 559 3358 in
576 3299 699 3362 observ.
716 3317 749 3368 tt,
774 3301 826 3362 16.
843 3321 874 3381 p.
888 3313 971 3379 208.
999 3301 1116 3384 Cuper.
1138 3299 1264 3365 observ.
1283 3315 1314 3380 5,
1330 3317 1362 3378 9.

327 3404 442 3484 aliique
459 3402 572 3482 plures.
610 3401 662 3464 Sic
681 3401 748 3482 post
765 3401 803 3461 de
818 3401 980 3465 Laodicea.
1016 3405 1054 3462 ln
1072 3405 1180 3464 nuruis
1199 3401 1290 3485 saepe
1308 3417 1362 3462 vo·

328 3519 415 3564 catur
434 3497 501 3590 ἱερὰ
516 3514 549 3562 et
566 3490 756 3589 αὐτόνομος.
808 3502 927 3564 Priorie
947 3502 1066 3564 causam
1085 3507 1184 3585 aperit
1201 3505 1361 3586 Appianur

329 3606 363 3665 in
377 3607 446 3684 Syr.
463 3624 490 3663 c.
506 3615 564 3679 55.
581 3605 626 3664 in.
652 3603 770 3684 quippe
786 3603 919 3664 Seleuco
930 3605 969 3663 iu
986 3606 1151 3666 condenda
1166 3605 1244 3666 urbe
1266 3601 1361 3686 diem)-

326 3701 404 3794 piuv
425 3699 581 3791 κεραυνοῦ
599 3697 799 3787 ἣγὴσασθαι,
821 3723 915 3783 quare
937 3705 963 3765 ie
981 3698 1058 3768 Sede
1075 3700 1230 3792 κεραυνὸν
1253 3707 1263 3774 i
1272 3704 1295 3768 f.
1316 3723 1361 3764 κε·

330 3797 475 3894 potietur)
498 3801 709 3886 proposuisse,
741 3823 839 3883 quem
862 3817 895 3864 et
918 3803 993 3865 hinc
1014 3807 1118 3866 colant
1137 3820 1170 3868 et
1189 3808 1357 3868 celebrent.

329 3912 376 3969 lte
390 3899 567 3993 lispoc'utoe
587 3905 626 3964 eb
644 3902 803 3982 Hesychio
818 3905 850 3967 h.
866 3925 898 3966 v.
914 3907 1085 3986 explicatur
1100 3899 1179 3981 Ζεὺς
1194 3903 1224 3970 ἐν
1242 3901 1359 3972 Σελευ·

330 4005 418 4092 erip,
444 4021 477 4066 et
493 4007 526 4064 iu
541 4005 650 4066 multie
666 4005 775 4066 numia
790 3997 868 4080 Ζεὺς
883 4000 1005 4080 Καίσιος
1020 4005 1212 4077 adscribitur,
1239 4009 1272 4068 io
1294 4005 1360 4088 plu·

327 4110 416 4170 rimie
433 4105 556 4166 sulmen
573 4105 755 4189 adponitur.
790 4105 862 4168 Vid.
879 4106 1000 4170 Rascho
1016 4109 1051 4168 in
1068 4108 1145 4171 Lex.
1162 4129 1252 4172 nutu.
1270 4108 1309 4170 T.
1324 4113 1356 4184 4.
