2922 4958
204 403 257 461 IN
286 403 423 462 POMP.
455 403 563 462 MEL.
603 401 683 462 Lt.
724 401 857 461 (lxlx-
899 403 999 474 §.am
1062 397 1125 474 615

75 577 220 642 nanlem
237 579 307 640 'eiua
322 578 430 639 locam
445 572 676 658 facitripollon.
687 576 748 639 lib.
761 592 793 644 a.
807 585 893 655 401.
912 589 944 638 et
961 589 993 656 3,
1015 589 1109 640 rano
1238 643 1244 654 ,

76 699 164 764 quor
179 679 348 744 Colchidis
365 691 491 740 moutee
504 677 564 740 elle
577 698 616 740 ex
631 679 816 741 Herodiano
834 689 867 740 et
883 669 983 741 Ctella
997 677 1122 738 notavit

77 781 282 848 Scholiallea.
334 778 549 844 Consentiunt
564 781 744 862 Stephanus
765 793 799 843 et
817 779 927 842 Vibiur
949 801 980 862 p.
998 799 1042 840 m.
1066 779 1122 842 16.

79 883 142 945 ubi
156 895 304 964 corrupte
318 882 450 966 legitur:
476 883 532 964 qui
545 881 584 942 de
598 893 703 942 monte
719 881 916 944 Garamante
920 877 1013 968 fluit.
1039 880 1123 944 Hinc

79 983 150 1069 ipse
168 977 380 1070 'Apopo'vrror
396 995 526 1044 vocator
544 981 582 1044 ab
600 983 773 1065 Apollonio
792 996 822 1061 5.
843 1000 948 1046 rano.
983 983 1029 1044 Ad
1041 981 1123 1044 Cau·

79 1083 188 1148 calum
204 1085 328 1168 ablegat
344 1081 497 1146 Aristotel.
515 1084 651 1146 Meteor.
673 1106 702 1154 1,
724 1099 779 1164 13.
802 1083 1016 1146 adnuentibus
1030 1083 1122 1144 Avie-

80 1205 129 1248 no
151 1207 186 1247 v.
205 1187 290 1262 876.
324 1187 482 1266 Procopio
505 1187 546 1246 de
566 1184 605 1248 B.
626 1185 724 1248 Goth.
740 1195 773 1266 lp.
796 1203 829 1250 a.
861 1185 994 1270 Agathia
1013 1182 1067 1245 lib.
1088 1197 1123 1246 11.

81 1307 118 1370 p.
136 1302 196 1364 ua.
215 1288 294 1349 Ven.
317 1299 351 1349 et
367 1286 484 1370 Geogr.
504 1287 649 1348 liavenn.
666 1296 701 1364 4,
718 1304 777 1351 110.
816 1289 905 1370 Quae
926 1282 1123 1369 opinionum

82 1388 247 1450 direrlitaa
279 1403 351 1448 nata
378 1386 437 1448 elle
464 1389 592 1449 videtur
623 1406 662 1448 ex
693 1409 770 1473 vaga
804 1389 933 1450 illorum
960 1387 1123 1448 montium

81 1475 238 1559 notione,⁴
256 1492 311 1570 qui
330 1490 455 1571 proprie
473 1507 539 1550 uno
556 1507 668 1552 ornnea
683 1492 817 1552 nomine
826 1489 989 1559 Ceraunii.
1000 1507 1040 1552 err
1054 1487 1123 1550 aliie

83 1592 216 1671 aliisque
240 1591 368 1673 populis
391 1589 606 1652 accolentibus
628 1591 752 1653 diverso
785 1593 999 1673 adpellantur,
1035 1587 1125 1671 quod

84 1693 209 1775 optime
226 1691 330 1773 postea
345 1692 480 1772 explicat
496 1691 592 1754 Mela.
630 1693 856 1776 intelliguntur
872 1695 970 1776 igitur
986 1702 1124 1760 montes.

83 1793 143 1874 qui
164 1793 334 1876 adtingunt
357 1796 558 1861 Armeniam,
584 1793 682 1877 (hinc
704 1793 858 1874 Aruteuii)
886 1791 1004 1864 iberas,
1031 1791 1126 1874 (Mo-
1210 1859 1211 1862 ¹

77 1886 205 1986 fedrici)
236 1900 437 1963 Arimantos.
462 1893 694 1979 (Amarantir').
748 1899 848 1975 Atque
867 1893 930 1955 huc
953 1895 1049 1955 etlam
1073 1911 1125 1954 ex·

85 1996 179 2056 tendi
196 1993 359 2057 Caucalloe
377 2009 520 2063 montes.
545 1996 672 2077 adparet
694 2015 733 2058 ex
748 1997 932 2058 Ptolemaeo
949 2005 980 2072 5,
998 2011 1033 2074 9.
1074 1992 1125 2054 Ex

85 2097 240 2160 Armenia
263 2097 326 2156 buc
348 2097 468 2166 delabi,
502 2097 629 2179 adparet
647 2099 743 2159 etiam
766 2117 804 2159 ert
821 2097 998 2156 narratione
1020 2095 1126 2155 Xeno·

85 2197 220 2279 phontis
241 2198 282 2256 de
300 2217 370 2279 exp.
392 2210 427 2275 4,
445 2199 479 2266 6.
497 2211 529 2276 5.
582 2199 666 2260 Hinc
687 2218 765 2260 vero
787 2217 852 2258 non
878 2199 974 2280 longe
995 2193 1033 2256 ab
1056 2195 1126 2258 eiua

88 2297 170 2361 ollio
191 2315 334 2360 remotos
355 2295 415 2360 elle
430 2297 535 2362 fontan
557 2297 660 2362 scribit
675 2300 877 2384 Agathemer.
896 2313 927 2364 2.
950 2317 1003 2359 ιο.
1029 2307 1127 2357 recte·

89 2417 152 2481 que
176 2400 337 2460 lielandue
359 2401 393 2460 in
418 2399 532 2461 differt.
563 2398 651 2464 milo.
674 2422 702 2463 1.
731 2423 762 2482 p.
786 2422 838 2461 ro.
863 2400 965 2460 reiicit
995 2395 1130 2478 spatium

89 2515 163 2578 noo
184 2499 230 2560 Μ.
248 2501 286 2563 Ρ.
310 2501 394 2582 quod
418 2519 541 2564 currere
564 2501 679 2562 dicitur
694 2521 710 2562 a
728 2502 811 2562 lulio
828 2501 973 2562 Honorio
991 2519 1025 2582 p.
1043 2497 1128 2576 697.

89 2602 165 2686 (ed.
187 2601 284 2663 Gron.
302 2601 342 2662 ad
368 2599 508 2684 Melam)
538 2603 714 2685 meliusque
737 2603 888 2665 Aethione
908 2603 941 2662 in
962 2598 1129 2684 Colmogr.

89 2721 163 2786 pag.
181 2721 265 2780 719.
301 2701 401 2764 Gron.
425 2715 497 2781 305
521 2702 567 2766 M.
589 2703 625 2765 P.
647 2703 753 2766 habet.
814 2705 921 2765 Latios
948 2701 1130 2784 Scytbicum

79 2798 223 2893 fluvium
246 2817 338 2864 vocat
356 2803 455 2866 Volet.
480 2805 524 2866 Fl.
549 2825 576 2874 r,
600 2821 633 2868 Ω.
670 2805 814 2882 Scythiae
837 2805 974 2866 fluvium
992 2799 1130 2864 Pseudo·

89 2905 278 2966 Plutarchus
294 2923 320 2964 c.
335 2904 355 2966 l.
388 2905 480 2966 Plura
496 2906 535 2966 de
549 2907 671 2989 origine
686 2906 772 2966 dabit
789 2904 987 2965 Heileliuaed
997 2900 1130 2963 Vibium

90 3025 124 3088 p.
145 3004 225 3082 165.
245 3005 296 3067 ed.
315 3005 423 3068 Oberl.
475 3008 517 3068 Ut
538 3005 634 3067 refert
650 3007 783 3086 l'rocop.
801 3006 841 3066 de
860 3004 896 3066 ll.
913 3001 997 3064 Peri.
1015 3017 1049 3071 2.
1069 3018 1129 3081 29.

92 3110 127 3167 in
142 3107 303 3186 Annicula,
327 3107 360 3166 in
378 3126 437 3188 qua
451 3109 560 3178 oritur,
582 3125 700 3168 nomen
717 3105 904 3190 geritBoos,
927 3103 995 3186 post
1010 3117 1129 3174 auctus,

91 3207 150 3269 ubi
166 3206 318 3270 Caucalua
335 3221 368 3268 et
390 3208 490 3270 iberia
508 3209 727 3279 terminantur,
749 3208 882 3269 alterum
906 3203 1041 3268 sortitur.
1093 3207 1133 3266 ln

94 3307 185 3370 curlu
204 3309 320 3390 excipit
340 3308 492 3370 Glaucum
510 3323 543 3371 et
560 3309 721 3388 Hippone,
744 3310 858 3389 quibua
873 3308 1003 3388 aliisque
1020 3321 1132 3368 euctue

93 3412 131 3473 fit
150 3411 349 3494 navigabilis.
375 3411 505 3488 (Strabo
520 3431 546 3474 c.
561 3431 588 3472 c.
604 3411 623 3471 l.
642 3412 682 3488 l.)
734 3411 771 3470 ln
793 3411 861 3471 aliie
882 3421 987 3470 autem
1009 3407 1133 3470 Pliniur

66 3513 131 3580 ’6,
152 3521 186 3589 4.
212 3513 359 3570 nominat
385 3511 536 3574 Ciattartm
560 3526 682 3592 praeter
706 3511 868 3592 Hippum.
901 3508 1049 3594 llgalhias
1064 3527 1091 3571 c.
1108 3508 1130 3571 l.

94 3611 268 3675 Docouum
294 3615 356 3690 (ro)
381 3631 447 3672 non
474 3613 584 3694 procul
609 3613 647 3672 ab
674 3611 784 3672 inlula.
848 3612 983 3694 Qualem
1011 3622 1134 3671 vererer

96 3711 330 3796 cognoverint,
357 3712 475 3774 docent
489 3714 627 3794 epitheta
642 3709 750 3794 pallini
767 3712 879 3782 obviat
906 3725 942 3771 ut
962 3699 1135 3799 ebpupaviyr

96 3813 264 3898 (Orpheos
281 3817 400 3897 Argon.
420 3834 451 3876 v.
474 3811 595 3894 1050.)
618 3809 790 3899 uoldipoor
810 3813 868 3890 (iri.
887 3833 918 3874 v.
936 3813 1034 3890 655.)
1058 3807 1138 3874 καλ·

98 3911 262 4002 λιρέεθρος
283 3915 346 3989 (id.
371 3935 403 3976 v.
423 3918 526 3992 757.)
548 3911 656 3996 δινήεις
678 3915 841 3996 (Apollon.
860 3913 967 3976 Rbod.
982 3928 1016 3982 11,
1034 3914 1134 3991 dot.)

97 4017 212 4076 Latina
233 4033 271 4074 ex
294 4015 416 4077 Lexicie
430 4013 513 4077 facili
535 4033 628 4097 opera
645 4004 812 4097 'petuntun
854 4015 907 4078 Sic
927 4012 1049 4095 gelidas
1064 4015 1134 4078 eiua

96 4116 202 4179 nudos
223 4128 339 4176 vocant
354 4114 517 4178 Claudian.
537 4117 571 4177 in
595 4117 728 4200 Eutrop.
746 4133 778 4185 Ω.
798 4126 880 4194 575.
909 4129 942 4176 et
964 4116 1081 4178 Lucan.
1101 4133 1133 4188 a,
1213 4155 1214 4159 =

98 4229 186 4302 585.
220 4215 260 4279 ln
280 4218 393 4302 primic
412 4231 519 4282 autem
533 4217 573 4282 de
593 4218 656 4281 hoc
670 4217 771 4283 fluvio
787 4218 916 4300 eiusque
932 4215 1023 4280 curlo
1039 4219 1134 4301 pluri·
