2922 4958
264 310 617 372 retroneum„
659 307 741 368 ιι.
783 307 919 368 oxtx.
958 308 1056 378 ιιι.
1130 305 1194 385 615

148 483 286 566 Tiirsrey
302 487 344 549 T.
363 505 394 550 ι.
410 505 482 570 pag.
501 499 585 546 ero.
609 503 649 546 ex
671 481 787 566 quibua
806 481 950 564 adparet,
980 481 1078 544 etiam
1102 500 1190 546 nune

1198 45 1208 90 s

144 587 340 650 urbem'esse
364 585 434 648 satia
458 586 594 667 amplam
615 598 649 646 et
672 583 785 645 incolis
804 581 1020 666 frequentem,
1053 597 1188 664 portum
1278 590 1282 598 '

142 690 338 772 neglectum.
376 687 548 751 Historiam
563 685 651 750 urbit
668 697 791 752 enarrat
805 685 941 771 Allgem.
957 682 1185 750 uest-(tenti.

141 791 391 874 ffisppmn

307 943 337 1019 §.
370 956 426 1004 aa.
477 939 685 1022 Hespero,
717 941 839 1022 inquit,
865 938 1035 1011 Thraciae,
1062 951 1181 1004 nectet

138 1041 245 1106 litorio
271 1043 366 1104 mario
395 1037 570 1124 porrigitur
598 1043 696 1126 longo
721 1039 873 1124 spatioso
897 1043 1055 1103 orientem
1078 1060 1180 1123 unque

139 1144 180 1204 ad
196 1145 394 1224 Trapezunta
410 1155 443 1205 et
463 1141 540 1204 hinc
560 1155 743 1204 recurvatur
761 1145 794 1202 in
818 1142 987 1226 angulum,
1013 1161 1108 1224 quem
1130 1143 1179 1204 in·

137 1243 283 1305 habitant
299 1243 425 1307 Colchi.
459 1261 695 1308 nvanaranva.
733 1239 926 1335 Ptafiacum
949 1243 1099 1324 angulum
1121 1261 1179 1306 vo·

139 1357 191 1406 tat
213 1343 325 1406 Noster
349 1361 381 1416 2,
406 1362 439 1414 ι,
462 1356 496 1422 5.
545 1345 654 1406 Graeci
675 1337 806 1434 μυχὸν,
833 1363 929 1425 quem
950 1344 989 1404 ad
1009 1343 1175 1406 Phasidem
1317 1388 1322 1396 .

137 1445 794 1528 portitetiamApolson.Rh.n.1246.
833 1444 883 1508 cf.
907 1445 1049 1508 Valerius
1073 1445 1173 1507 Fsacc.
1278 1453 1280 1457 '

139 1557 175 1628 5,
199 1559 279 1624 155.
332 1543 475 1636 Kapniyv
508 1560 615 1610 autern
648 1547 730 1608 hano
768 1533 945 1628 ἀξιόλογον
971 1546 1088 1610 ¹Strabo
1117 1565 1172 1609 ιι.

135 1665 169 1729 p.
188 1658 272 1728 342.
288 1645 309 1709 s.
325 1657 411 1727 497.
434 1669 452 1710 ιι
469 1649 669 1730 Trapezunte
684 1647 827 1708 extendit
842 1647 880 1708 ad
899 1645 1108 1718 Dioscuriade,
1132 1645 1174 1709 ed

135 1767 232 1829 quom
247 1745 430 1834 longissime
446 1746 553 1812 versut
572 1751 730 1811 orientem
743 1747 868 1810 Pontus
883 1749 1072 1832 porrigatur.

217 1897 423 1982 Colchi)
474 1899 621 1970 Colchos,
647 1912 683 1960 ut
705 1897 783 1962 solet
802 1901 897 1960 etiam
920 1899 953 1960 in
974 1899 1053 1970 aliie,
1079 1897 1172 1964 fimat

133 1999 257 2066 innuit.
305 2000 361 2063 Gr.
394 1993 543 2085 Κόλχοι,
572 2001 659 2084 regio
684 1993 829 2085 Κολχὶς,
860 2001 913 2061 res
939 2003 1038 2063 auctie
1062 1999 1170 2062 verbie

131 2097 267 2187 Ῑὶολχίς
282 2101 343 2186 γῆ,
363 2102 515 2181 (Eustoth.
531 2103 569 2162 ad
589 2099 719 2180 Dionys.
731 2101 873 2180 roffi.)
895 2095 1040 2186 Κάλχων
1056 2094 1168 2186 χώρα.

133 2203 298 2281 (Arrianus
315 2223 385 2286 pag.
402 2227 437 2281 4.
456 2201 568 2282 Huds.)
599 2195 770 2287 Κολχικὴν
786 2204 882 2264 etiam
900 2215 1016 2262 vocant
1032 2199 1168 2286 Agathe·

132 2304 314 2374 mer.2‚6.
348 2305 513 2382 Syncelsua
533 2304 569 2364 in
589 2303 769 2388 Chronogr.
795 2325 826 2386 p.
844 2312 928 2381 283.
948 2305 1027 2376 νιη.
1067 2301 1168 2386 Quod

132 2405 211 2466 olim
228 2406 264 2465 in
279 2405 401 2466 Horatii
418 2406 511 2486 epod.
530 2416 563 2482 5,
581 2420 638 2468 αι.
662 2418 695 2466 et
711 2404 808 2471 Ovid.
824 2403 910 2486 epist.
927 2405 961 2474 6,
983 2405 1062 2483 136.
1083 2403 1168 2488 sege·

130 2503 225 2566 batur
243 2505 394 2576 Caletos,
422 2503 579 2566 sublatum
599 2525 686 2566 nunc
702 2505 755 2570 esi.
809 2506 887 2566 sude
909 2506 1038 2589 gentilia
1056 2519 1169 2568 notan·

133 2619 187 2668 tur
206 2606 351 2676 Colchus,
381 2605 555 2677 Colchicus,
584 2605 719 2669 Coscinii.
757 2607 822 2688 ‘Ipsa
836 2607 947 2668 Colchi
964 2627 1002 2669 ex
1020 2607 1165 2690 Aegypto

131 2705 198 2770 hue
212 2705 402 2768 descendisse
421 2704 567 2768 feruutur
583 2727 600 2768 a
616 2708 743 2777 multia,
769 2727 851 2790 quoa
863 2721 1041 2769 memorant
1057 2707 1166 2770 Schra-

130 2808 228 2871 derue
244 2821 276 2868 et
290 2807 487 2870 Wernadors.
502 2809 540 2870 ad
555 2810 668 2870 Anien.
684 2829 716 2868 v.
734 2815 816 2888 874.
847 2805 898 2869 cf.
915 2809 1011 2868 etiam
1030 2808 1165 2870 Larcher

129 2909 171 2972 ad
193 2909 349 2971 Herodot.
368 2926 400 2980 Ω,
423 2918 501 2988 ιο4.
519 2911 559 2972 T.
577 2925 610 2976 2.
630 2929 662 2990 p
679 2928 723 2972 m.
742 2919 813 2987 575
830 2905 872 2988 sq„
887 2921 937 2983 pt,
962 2909 1016 2988 qui
1031 2926 1090 2989 pro
1105 2908 1164 2970 hae

128 3007 286 3073 sententia
304 3007 427 3072 sortiter
446 3025 584 3094 pugnat,
616 3010 753 3070 stochart
777 3009 811 3068 iu
833 3008 952 3091 Phaseg
967 3017 1001 3086 4,
1025 3022 1084 3088 5ι.
1110 3009 1166 3070 oui
1209 3001 1212 3010 ’

129 3112 262 3194 adiungi
282 3111 383 3193 potest
405 3110 523 3172 Martio
544 3113 578 3172 in
599 3109 713 3172 dissert.
732 3107 782 3169 sur
797 3137 843 3150 ·-·
864 3105 1008 3192 Espagne
1029 3113 1059 3188 §.
1078 3125 1111 3174 2.
1130 3123 1165 3186 3.

128 3231 209 3293 quae
225 3212 345 3273 adnexa
361 3211 405 3273 est
420 3214 489 3274 eiua
503 3211 584 3274 libro
602 3211 670 3274 hist.
688 3211 743 3272 des
759 3209 873 3271 Gaulea
886 3211 926 3270 T.
941 3231 972 3274 ι.
988 3230 1021 3293 p.
1038 3223 1110 3290 555
1121 3210 1166 3294 sq.

127 3313 261 3376 Factum
287 3313 350 3374 hoc
374 3311 434 3382 esi,
468 3327 505 3373 ut
525 3313 654 3394 quidem
682 3312 809 3370 tradunt
832 3309 1020 3372 Herodotus
1036 3331 1064 3374 c.
1085 3312 1108 3375 1.
1131 3325 1166 3376 et

127 3414 232 3476 Valet.
248 3413 348 3476 Flacc.
364 3423 396 3488 5,
420 3425 506 3494 419.
531 3433 604 3476 cum
620 3410 762 3476 Sesostrit
782 3413 886 3493 prima
901 3411 985 3473 bella
1007 3411 1095 3476 Getie
1116 3413 1167 3474 in·

126 3511 244 3586 ferret3
277 3515 333 3574 etfl
361 3515 532 3576 reluctatur
563 3515 597 3577 in
624 3513 685 3574 hoc
711 3513 904 3584 lincuntur,
936 3513 1089 3596 aliamque
1112 3515 1167 3577 alii

127 3616 218 3677 viam
257 3617 418 3696 aperiunt,
452 3615 487 3676 in
521 3613 571 3676 saie
610 3613 722 3676 Strabo
752 3631 806 3678 ιι..
842 3633 910 3697 pag.
931 3624 1012 3694 545.
1040 3613 1061 3678 s.
1079 3625 1164 3699 498.

126 3717 266 3779 Diodur.
290 3736 318 3786 ι,
343 3727 401 3793 28.
418 3729 451 3778 et
468 3726 527 3793 55.
555 3749 602 3763 -
655 3715 846 3778 Iudaeorum
881 3728 987 3776 tamen
1022 3713 1166 3778 subolem

126 3830 220 3901 putat
233 3813 383 3880 Stuckiue
399 3817 438 3878 ad
454 3817 574 3880 Arriau.
598 3837 632 3898 p.
646 3835 704 3901 99.
754 3815 882 3878 Postero
903 3829 1046 3897 ternpore
1066 3816 1167 3880 Lazos

127 3919 232 3980 dictos
249 3916 346 3990 fuisse,
364 3920 528 4002 regionem
543 3916 641 4000 ipsarn
653 3917 807 3987 Lazicanr,
822 3934 860 3976 ex
877 3915 1022 3998 pluribue
1037 3916 1167 3982 constat.

127 4015 205 4082 Vid.
228 4020 365 4102 Procop.
389 4021 431 4083 de
452 4021 489 4082 B.
514 4014 758 4098 Goth.4‚1.s.
791 4019 925 4080 Taetaea
946 4019 983 4079 ad
1005 4017 1166 4102 Lycophr.

126 4139 164 4184 v.
188 4129 274 4200 887.
297 4149 347 4168 -
397 4115 485 4185 Hine
504 4134 539 4187 et
561 4121 596 4186 in
619 4121 777 4185 Laterum
805 4118 905 4205 patria
934 4117 1049 4184 Phasin
1076 4122 1171 4206 ponit
