2892 4950
323 357 386 426 534
593 349 753 408 alono
793 349 1098 408 Exaoorlcan

325 525 492 586 Homerus
518 518 672 608 quidem,
709 525 764 585 etsi
790 520 843 586 llii
877 522 972 607 saepe
1004 517 1118 586 iniioit
1146 517 1353 590 mentionem,

329 645 493 710 nusquam
516 639 627 687 tamen
650 623 776 687 incolas
799 639 898 688 vocat
918 620 1038 701 Ἰλιεῖς,
1070 624 1127 687 sed
1150 623 1283 712 Τρῶας,
1311 617 1355 682 nti

329 723 463 790 monuit
482 723 583 798 etiam
604 725 792 789 Eustatbius
811 726 852 788 ad
878 728 915 790 ll.
935 745 967 794 a.
990 741 1070 802 127.
1086 749 1120 810 p.
1136 747 1184 789 ru.
1205 734 1284 802 144,
1307 732 1357 799 ab„

330 832 450 892 eodem
479 828 598 899 modo,
632 847 699 912 quo
720 821 889 901 ’Ἄβαντας
911 823 1012 901 dicit,
1044 847 1113 890 non
1141 817 1295 900 Εὐβοεῖς,
1323 822 1358 882 (Ῑθ

332 949 398 1017 quo
423 927 466 996 cf.
488 944 656 1012 praeterea
686 931 837 992 Strabon.
860 926 918 994 lib.
941 951 996 993 ιο.
1014 926 1061 992 in.
1113 924 1228 991 Latini
1253 923 1359 987 dicunt

331 1023 480 1122 Illerrfis,
506 1045 545 1092 ut
568 1027 762 1093 Suetonio
785 1029 898 1093 Tiber.
922 1051 993 1114 cap.
1008 1043 1068 1108 52.
1092 1045 1127 1094 et
1142 1025 1235 1099 alibi.
1261 1021 1358 1088 Tacit.

331 1135 448 1196 Annal.
463 1143 500 1212 4.
517 1143 576 1210 55.
627 1129 716 1196 Alias
734 1131 857 1194 formas
874 1129 967 1194 addit
981 1131 1182 1214 Stephanus,
1206 1143 1245 1190 ut
1262 1120 1359 1196 'larsa

324 1223 434 1308 Ἴλιος,
459 1229 610 1307 Ἰλιακδς,
633 1253 718 1318 quae
733 1249 766 1295 et
780 1231 814 1296 in
831 1231 957 1294 Latinis
977 1248 1170 1304 occurrunt,
1193 1245 1226 1291 et
1240 1231 1278 1291 ab
1292 1225 1361 1288 Hol-

333 1333 435 1398 llenio
454 1355 487 1418 p.
509 1344 588 1416 145.
611 1349 773 1418 augentur
791 1332 932 1398 vocibus
953 1329 1070 1419 Ἰλὴϊος
1090 1349 1125 1396 et
1144 1325 1271 1395 Ἰλιόθι.
1318 1328 1362 1386 De

329 1433 499 1522 prioribus
518 1434 559 1497 cf.
578 1432 679 1498 etiam
693 1435 836 1500 Eustath.
852 1433 888 1498 in
910 1434 1047 1522 praefat.
1065 1435 1107 1498 ad
1123 1437 1161 1498 11.
1183 1456 1211 1496 ι.
1227 1453 1259 1518 p.
1275 1437 1361 1506 mal„

335 1552 370 1602 et
384 1533 433 1601 ibi
447 1533 575 1600 Politua
596 1537 637 1600 T.
657 1561 686 1600 1.
708 1559 740 1623 p.
764 1555 819 1602 ra.

411 1739 600 1822 sigeum)
633 1743 689 1805 Gr.
706 1739 851 1827 Σίγειον.
877 1741 1060 1807 Contlitum
1078 1737 1144 1806 suit
1159 1742 1200 1802 ab
1216 1730 1363 1800 Archaeo-

335 1857 433 1904 nacte
461 1839 662 1921 Mitylenaeo
686 1864 725 1906 ex
755 1847 855 1906 eversi
876 1842 928 1907 Ilii
954 1844 1137 1928 lapidibus,
1166 1839 1295 1920 (Strabo
1317 1843 1363 1904 ιδ·

337 1965 370 2030 p.
387 1955 470 2022 412.
488 1944 508 2005 s.
527 1949 625 2024 599.)
657 1942 868 2024 Mitylenaeis
885 1943 1009 2030 eripuit
1023 1945 1217 2012 Pinarams,
1240 1931 1294 2023 qui
1309 1933 1365 1992 He·

339 2044 552 2129 gelistratum‚
585 2042 693 2108 filium
718 2049 876 2121 nothum,
911 2045 964 2109 vibi
991 2063 1171 2128 tyranuum
1198 2027 1363 2106 constituit,

338 2146 429 2208 unde
445 2144 535 2207 varia
549 2147 635 2209 bella
650 2163 738 2210 mota
755 2149 839 2221 suut,
862 2150 940 2210 dum
949 2147 1140 2221 Periander,
1161 2140 1282 2207 arbiter
1298 2151 1364 2197 con·

339 2245 487 2318 stitutus,
526 2247 776 2312 Atheniensibus
810 2247 1025 2314 adiudicaret.
1057 2247 1238 2328 (Herodot.
1261 2251 1292 2318 5.
1313 2241 1362 2314 94·

331 2349 458 2410 ·Strabo
483 2370 510 2410 o
534 2351 577 2428 l.)
634 2352 715 2413 Inde
744 2371 821 2414 cum
855 2349 978 2414 Aeoliis
1014 2349 1209 2414 civitatibus
1241 2329 1363 2420 reliquis

341 2450 513 2527 (Herodot.
535 2471 564 2520 ι,
587 2455 658 2529 aa.)
681 2453 802 2532 Persis,
828 2453 898 2536 poll
920 2454 1103 2515 Alexandro
1125 2445 1267 2536 paruisse
1286 2435 1363 2500 vide·

341 2564 411 2621 tur,
438 2569 504 2634 quo
520 2544 652 2613 mortuo
668 2555 876 2632 Lyfimachns
900 2551 1102 2638 expugnavit
1114 2542 1365 2637 praefidiumque

341 2647 508 2734 imposuit
535 2647 686 2728 (Diodor.
706 2671 761 2726 oo,
787 2661 881 2735 107.)
923 2651 1093 2719 Strabonis
1115 2665 1268 2738 temporo
1288 2653 1365 2702 ever·

343 2751 414 2814 sum
445 2753 484 2814 ab
509 2749 678 2816 iliensibus
704 2753 824 2828 iacuit,
852 2761 931 2835 (13.
956 2779 987 2841 p.
1005 2767 1091 2838 4¹⁰·
1108 2755 1130 2818 s.
1147 2753 1254 2836 595.)
1278 2749 1366 2828 (1¹¹²re

345 2850 475 2920 Plinius
492 2866 526 2935 5,
551 2869 608 2931 33.
633 2855 654 2918 s.
670 2871 728 2932 3ο.
757 2859 791 2920 in
816 2860 1035 2937 promontorio
1062 2856 1227 2941 qrrondom
1256 2847 1367 2924 Signum

344 2957 509 3038 oppidum.
560 2952 680 3018 Notius
696 2956 761 3022 suit
775 2959 897 3040 Sigeum
915 2952 1197 3044 promontorium,
1224 2953 1264 3014 cle
1283 2935 1367 3006 <²¹¹5us

345 3053 542 3140 etymologia
559 3056 599 3121 cf.
617 3057 747 3122 Servius
763 3061 804 3123 ad
824 3058 936 3144 Virgil.
952 3063 1032 3124 Aen.
1053 3079 1085 3131 a,
1103 3075 1186 3137 312.
1223 3033 1369 3132 Σιγεῑᾶδα

346 3154 452 3244 ἄκραν
473 3173 571 3222 vocat
588 3161 705 3223 Strabo
728 3177 782 3239 13.
806 3185 839 3246 p.
856 3171 941 3240 ίμο.
960 3162 980 3224 s.
1000 3175 1084 3242 595.
1128 3157 1257 3242 Σίγειον
1281 3139 1368 3228 ἄκρον

345 3263 484 3326 Ptolem.
508 3273 542 3338 5,
570 3279 600 3322 a.
658 3265 751 3325 luxta
778 3259 863 3325 stetit
891 3264 1062 3328 Aelulleum
1090 3258 1267 3347 oppidum·
1301 3255 1368 3306 ‘¹¹¹¹‘

346 3360 484 3428 Achillia
514 3365 637 3446 templo
664 3378 697 3426 et
723 3380 957 3438 monumento,
992 3365 1033 3428 de
1059 3383 1125 3450 quo
1153 3362 1194 3426 cs.
1222 3343 1366 3454 Herodf’t·

348 3477 382 3544 5.
398 3484 456 3547 94.
484 3465 600 3526 Strabo
622 3481 676 3542 13.
693 3487 725 3550 p.
740 3476 826 3545 4¹⁰·
843 3466 864 3528 s.
880 3468 963 3547 596.
988 3489 1020 3550 p.
1034 3478 1120 3546 413.
1139 3463 1160 3524 s.
1178 3465 1261 3528 600.
1292 3447 1367 3514 ΡΜ·

348 3577 383 3646 5,
403 3581 460 3643 33.
479 3565 500 3627 s.
522 3581 580 3640 3ο.
632 3569 656 3629 Α
674 3563 809 3650 Sigeum
829 3583 938 3630 autern
963 3563 1131 3630 descendit
1146 3551 1299 3649 Σιγειεὺς.
1321 3541 1370 3656 ἓμ

347 3661 488 3756 γειακός.
511 3668 725 3750 (Stephanus)
760 3671 864 3750 Sigeia
881 3669 973 3731 tellus
990 3666 1112 3753 legitur
1127 3664 1163 3732 in
1176 3662 1272 3732 ovid.
1289 3638 1367 3752 opst}

355 3793 386 3842 a,
407 3785 464 3847 33.
508 3769 701 3831 Celebratur
718 3767 797 3832 inde
819 3761 983 3860 inscriptio
1003 3773 1111 3851 Sigeo,
1139 3789 1237 3854 quam
1258 3751 1368 3824 detexat

350 3871 508 3942 Sherrnl,
536 3868 773 3954 descripserunt
793 3869 946 3934 Chishull
964 3887 997 3932 et
1017 3871 1196 3934 Chandlor.
1231 3867 1269 3930 H.
1286 3861 1367 3956 vocs·

349 3989 404 4037 tur
423 3973 515 4054 Capro
528 3975 565 4035 di
577 3965 749 4062 Jamfflno,
769 3963 955 4062 rent-stur,
981 3963 1196 4063 Yeni-hr‘sori.
1216 3947 1365 4050 (ieru‘ffi'f‘¹

346 4079 402 4142 vol
424 4073 589 4162 similiter,
621 4091 722 4161 prout
740 4075 804 4140 sert
825 4076 1027 4160 populorum
1050 4071 1163 4158 lingua
1186 4087 1220 4138 et
1239 4068 1364 4156 pronum·
