2828 4966
298 421 397 488 ,66
505 435 508 440 “
626 421 792 479 NOTAE
834 421 1138 478 ΕΧΕΘΕΤῙΟᾸΕ

359 599 428 666 aua
452 597 581 680 penitus
597 615 684 656 nune
702 596 736 655 in
752 588 1004 678 angustiffimum
1020 593 1157 677 spatium
1173 607 1312 668 retracta,
1336 601 1385 678 que!

360 701 510 788 paludem
533 699 687 760 continet.
712 716 760 744 ι-

535 903 564 979 §.
595 913 628 979 3.
678 896 862 978 primos)
913 897 1013 981 Quod
1035 897 1098 958 iam
1114 911 1265 961 notarunt
1280 901 1308 962 I.
1324 901 1385 962 Gru

363 1005 483 1069 novius
500 1001 570 1097 MS.
590 1017 623 1062 et
639 1001 842 1068 Perizonius,
869 1019 936 1060 non
957 997 1097 1081 respectu
1115 1003 1268 1084 temporie
1288 1015 1321 1063 et
1344 1003 1385 1064 ori

364 1109 449 1192 ginis
466 1105 557 1174 dixit,
581 1099 634 1164 sed
651 1101 724 1162 suus
738 1115 771 1161 et
787 1101 873 1161 initii
888 1099 976 1162 Asiae
989 1101 1027 1161 ab
1037 1099 1170 1162 Oriente
1187 1102 1385 1164 deducendae

363 1211 416 1272 Sic
434 1225 464 1276 o.
486 1226 514 1276 ι,
533 1220 566 1266 2.
593 1218 625 1264 et
639 1195 746 1284 'paullo
763 1201 831 1283 post
852 1221 880 1272 ι,
895 1212 929 1281 4.
945 1211 981 1280 4.
1006 1201 1072 1268 ubi.
1094 1201 1181 1281 quod
1196 1203 1249 1264 hic
1264 1203 1308 1265 est
1322 1203 1385 1263 ecci

363 1313 488 1391 pimus,
524 1305 603 1366 dixit
629 1305 726 1364 etiam
751 1302 914 1372 audimus.
948 1321 1012 1384 quo
1043 1300 1132 1364 seusu
1161 1303 1242 1366 illud
1271 1315 1305 1368 et
1330 1304 1385 1376 aliu

364 1411 504 1495 ponitur.
558 1402 610 1468 cf.
634 1406 731 1467 etiam
752 1401 850 1488 praef.
875 1416 957 1468 extr.

441 1606 537 1672 Iud
549 1605 625 1688 οἰ)
676 1607 727 1668 De
748 1605 801 1668 hie
824 1619 856 1668 et
878 1605 948 1668 aliia
971 1603 1027 1667 suo
1049 1605 1139 1676 loco.
1172 1607 1231 1668 nid
1253 1611 1385 1690 quicuu

365 1711 551 1796 regionibus
571 1708 606 1769 iu
630 1709 693 1769 hoc
709 1719 833 1768 tantum
853 1709 954 1788 capite
973 1723 1278 1772 commemorantur.
1333 1707 1385 1770 lnd

366 1831 445 1876 vero
468 1825 501 1874 et
524 1811 615 1873 Serea
637 1807 725 1891 saepe
746 1809 1003 1893 coniunguntur,
1036 1807 1139 1869 veluti
1159 1808 1197 1868 ab
1221 1811 1385 1872 Horatioi

372 1931 427 1984 aa,
450 1914 509 1990 56.
545 1911 638 1973 Floro
659 1921 695 1990 4,
722 1927 776 1980 ao,
799 1911 858 1972 62.
911 1907 963 1973 cf.
987 1906 1170 1972 Broukhus.
1193 1912 1233 1972 ad
1259 1911 1385 1994 Propen

370 2029 403 2096 3.
422 2027 454 2096 3.
470 2015 516 2077 in.
542 2020 578 2091 4,
598 2023 631 2091 5,
653 2024 686 2090 8.
711 2026 744 2074 et
758 2011 862 2075 noster
879 2009 959 2072 infra
978 2025 1010 2092 5,
1028 2025 1062 2088 7.
1078 2011 1124 2074 in.

444 2215 646 2296 Spectant
653 2210 673 2294 )
722 2214 772 2274 De
794 2211 943 2296 gentibue
961 2213 1120 2285 habitare,
1149 2213 1191 2276 de
1210 2214 1294 2276 loeie
1316 2215 1385 2276 [itui

367 2315 438 2380 effe.
472 2317 526 2378 Sic
540 2326 573 2375 et
586 2313 695 2375 Graeci
710 2309 845 2392 βλέπειν
862 2327 1000 2395 ponunt.
1033 2313 1144 2408 Aesius
1161 2333 1228 2378 non
1243 2317 1385 2377 marium

276 2479 283 2490 ,
367 2416 421 2480 sed
438 2414 519 2486 solia,
543 2428 579 2474 ut
600 2435 627 2485 ι,
646 2433 680 2494 9,
696 2425 731 2494 4.
757 2428 886 2497 propter
901 2415 1051 2477 viciniam
1069 2417 1205 2478 torridae
1220 2435 1336 2489 zonae,
1361 2437 1385 2476 u

366 2530 473 2582 eontra
492 2514 560 2600 post
572 2507 769 2606 frigoribus.
809 2517 859 2578 De
879 2535 960 2578 uoce
982 2515 1038 2577 diu
1054 2517 1093 2578 ad
1114 2521 1143 2596 §.
1162 2534 1195 2582 o.

441 2716 682 2799 continuis)
732 2716 838 2780 Nullis
861 2717 930 2780 aliia
956 2719 1105 2803 gentibue
1133 2720 1385 2782 interiacentibu

372 2818 551 2886 Continuus
575 2818 619 2880 est
651 2839 719 2879 non
745 2821 953 2900 interruptus.
1004 2821 1057 2882 sic
1086 2820 1197 2882 Vellei.
1228 2821 1385 2886 Paterni

373 2941 454 2983 ιιο.
469 2917 579 3010 salum·
604 2921 737 2983 Sueten.
753 2921 785 2980 in
799 2917 886 2982 Caes.
904 2939 931 2982 c.
951 2931 1008 2997 58.
1031 2921 1114 3000 agri.
1143 2939 1321 2985 onnavws
1337 2923 1385 2985 m

367 3023 421 3086 sic
443 3021 542 3103 saepe.
583 3021 683 3103 Supra
703 3033 882 3102 perpetuus.
926 3022 1123 3104 Velleieap.
1147 3041 1227 3104 109,
1248 3036 1287 3102 5.
1316 3031 1385 3088 coni

367 3135 477 3186 nentes
492 3118 611 3214 fileae.

440 3322 621 3404 Ariane)
671 3324 796 3388 Plinius
822 3324 855 3395 6.
882 3338 941 3404 23.
965 3321 988 3389 s.
1012 3335 1069 3404 25.
1101 3326 1240 3389 Arianeu
1271 3328 1315 3391 ab
1343 3329 1385 3392 du

367 3427 452 3490 nihil
474 3425 616 3510 separaffe
636 3426 781 3496 videtur,
814 3427 888 3508 quia
912 3425 1046 3498 constet,
1079 3425 1186 3490 Atiam
1211 3426 1313 3493 fuiffe
1333 3429 1385 3494 ieri

367 3523 533 3599 liffimam,
560 3528 696 3590 Arianen
718 3529 757 3589 ad
782 3527 930 3590 Austrum
952 3530 1090 3590 maxime
1105 3529 1288 3593 ambustam
1312 3531 1385 3594 ferd

302 3670 310 3690 .
368 3627 473 3700 tibae,
499 3629 586 3710 qnod
605 3641 775 3710 utrumque
792 3629 832 3690 de
849 3629 963 3708 Ariana
985 3643 1089 3691 narrat
1111 3632 1249 3694 Plinius.
1300 3633 1385 3698 Strui

369 3743 472 3800 certe,
506 3731 583 3791 ficut
609 3730 828 3812 Pomponius,
863 3729 921 3792 lib.
951 3741 1005 3807 15.
1041 3725 1093 3817 [p.
1107 3741 1193 3811 497.
1212 3731 1236 3796 f.
1257 3731 1385 3816 γεω,

343 3833 505 3892 ὀιιιιιὶιιο
535 3829 667 3913 separat,
699 3850 883 3912 nomenque
908 3831 1037 3894 Arianee
1059 3835 1097 3892 ad
1122 3853 1223 3914 usque
1249 3841 1385 3917 quanda

366 3943 490 4016 partem
523 3929 687 3992 Persarum
726 3931 902 3994 secundum
932 3951 1019 3994 oram
1045 3933 1183 3995 Austrini
1209 3933 1344 3998 Oceani
1379 3947 1385 4004 a

367 4031 483 4095 Medea
504 4045 537 4094 et
559 4031 759 4104 Bactrianoa,
794 4048 864 4094 tum
884 4045 917 4093 et
937 4033 1115 4120 Sogdianou
1134 4033 1385 4118 septemtrionai

367 4133 498 4198 extendi
520 4133 631 4198 affuit.
685 4133 804 4199 Gentea
826 4153 904 4198 vem
925 4135 994 4200 eiua
1016 4135 1076 4200 effe
1094 4137 1385 4222 Paropamisadae‘
