2922 4958
333 391 396 474 ὅσα
603 394 766 454 nom
806 396 1108 454 rxrcnrrcrc

335 583 421 636 recte
436 581 548 632 auctor
565 569 687 640 noller,
712 589 786 631 cum
806 569 857 632 iste
875 570 1044 652 appellatio
1060 569 1207 654 nuspiam
1221 581 1380 634 occurrat.

338 694 363 736 r.
396 691 588 733 ououovrvs
621 671 698 733 MS.
772 667 879 732 Vollto
917 670 1137 732 adsentiuntur
1173 671 1382 733 Burmcnuue

338 775 450 836 MStuc
480 789 511 832 et
540 775 730 834 Arntzeniue
756 775 795 832 ad
823 773 925 832 Pocati
953 773 1108 854 Panegyr.
1130 785 1274 854 cap.45.
1304 775 1383 834 Siue

338 879 462 939 numine
484 877 593 954 utique
618 876 657 933 de
689 872 827 935 obscuris
856 872 943 956 saepe
967 875 1099 940 dicitur.
1134 888 1168 933 ut
1191 877 1224 934 in
1248 874 1381 935 Graecis

339 972 505 1061 ἂνὼνυμος
528 995 585 1057 pro
609 966 741 1062 ἄσημος.
770 991 802 1035 et
818 991 926 1036 contre
945 967 1126 1060 ὀνομαστὸς
1138 995 1195 1055 pro
1213 971 1380 1060 ἐπίσημος.

340 1065 477 1147 ἔνδοξος.
527 1078 681 1156 Apertum
706 1075 769 1136 hoc
796 1075 838 1160 eli
862 1079 894 1135 in
919 1077 1044 1156 primis,
1078 1075 1135 1136 ubi
1158 1073 1220 1158 iple
1244 1079 1380 1137 uomina

338 1180 464 1263 proprie
495 1179 672 1244 adduntur.
713 1190 749 1236 ut
773 1178 806 1237 in
834 1177 927 1238 Floro
947 1191 978 1254 3.
1004 1176 1058 1246 16.
1084 1197 1112 1238 ι.
1148 1177 1186 1238 C.
1214 1177 1381 1238 Gracchus

339 1281 432 1342 homo
450 1274 521 1368 sure
542 1279 691 1340 nomine..
724 1279 777 1340 Sic
800 1277 898 1340 Ovid.
923 1278 1055 1360 Metam.
1077 1297 1110 1356 9.
1136 1275 1220 1356 679.
1264 1279 1379 1361 t'irgtt.

340 1381 421 1445 Aen.
439 1398 473 1456 9.
492 1393 573 1457 543.
601 1379 655 1440 Sil.
674 1379 741 1440 lut.
758 1395 810 1446 ια,
831 1393 914 1456 317.
953 1380 1014 1440 sert
1031 1379 1118 1458 plura
1135 1381 1255 1439 debunt
1272 1380 1380 1440 omui·

339 1503 383 1543 no
402 1481 549 1542 Perizon.
573 1481 606 1538 in
623 1481 703 1561 orig.
725 1480 834 1558 Babyl.
856 1499 882 1541 c.
902 1499 955 1540 rr.
980 1499 1011 1560 p.
1030 1491 1101 1556 21ss
1119 1479 1160 1562 lq.
1197 1480 1378 1543 Burmann.

340 1598 371 1642 et
390 1583 491 1642 Cerdo
506 1583 543 1640 ed
564 1580 663 1642 Ouid.
687 1595 719 1640 et
735 1580 845 1663 Virgil.
862 1600 889 1642 c.
904 1600 929 1640 c.
944 1581 964 1640 l.
980 1581 1002 1640 l.
1045 1581 1108 1640 Hic
1126 1595 1231 1643 temen
1250 1584 1380 1663 propria

339 1683 522 1766 liguificctio
547 1682 684 1742 tenende
707 1681 850 1752 videtur,
876 1701 954 1761 quae
972 1682 1109 1741 valetud
1132 1683 1378 1766 geographiccm

340 1785 484 1845 locorum
502 1785 719 1852 notationem,
746 1801 820 1842 cum
840 1797 997 1864 praeterea
1012 1782 1086 1842 alibi
1105 1782 1144 1844 lic
1164 1783 1246 1844 Mela
1268 1786 1379 1864 loque·

339 1898 401 1952 tur.
424 1899 460 1944 ut
478 1898 509 1958 3.
526 1887 559 1952 6,
582 1905 609 1944 ι.
632 1899 652 1946 2
671 1897 703 1942 et
719 1897 799 1945 extr.
852 1883 920 1944 Nec
934 1885 1023 1944 aliter
1039 1885 1223 1946 intellexisse
1247 1887 1380 1945 videtur

339 1987 465 2050 Plinius
481 1999 512 2062 5.
531 1982 625 2064 401.
645 1999 702 2058 32.
729 1986 802 2063 quic
818 1983 1000 2064 simpliciter
1016 1986 1109 2044 dicitr
1143 1984 1255 2078 Pcfiec
1268 1981 1378 2075 finus.

340 2090 373 2150 iu
390 2081 581 2174 qrtoflrnueu
597 2075 780 2175 Ascanium.
823 2086 922 2146 Porro
939 2087 1034 2146 etiem
1048 2085 1159 2146 Strabo
1175 2103 1226 2148 ια.
1244 2099 1375 2168 [1388.

339 2187 462 2266 [563.
488 2201 628 2247 tantum:
670 2185 721 2266 τῷ
750 2182 941 2272 Ἀστακηνῷ
967 2181 1081 2267 κόλπῳ
1109 2178 1212 2262 ἄλλος
1237 2185 1378 2273 συνεχής

340 2285 442 2361 ἔστιν,
465 2293 501 2348 cd
521 2307 617 2368 quem
637 2287 732 2348 Cium
752 2288 854 2370 ponit.
895 2289 1042 2368 Denique
1059 2287 1216 2368 obpolitio
1232 2291 1376 2352 nominis

342 2389 497 2452 Olbianos
512 2387 621 2449 diserta
643 2389 672 2447 id
692 2386 761 2448 satie
778 2389 827 2448 lric
843 2388 966 2468 probet.
1020 2387 1131 2469 Neque
1155 2405 1260 2450 temen
1283 2391 1375 2472 plane

329 2487 405 2582 fine
422 2493 546 2549 nomine
564 2489 653 2548 illum
671 2489 773 2548 smum
789 2486 895 2558 inille,
922 2491 1048 2570 adparet
1069 2511 1106 2552 ex
1122 2491 1250 2567 Scylace
1268 2513 1301 2574 p.
1316 2505 1373 2568 35.

247 2593 251 2598 '
338 2587 439 2652 Huni.
466 2590 520 2648 ubi
542 2585 659 2662 lircvic
675 2603 824 2659 vocatur,
851 2603 883 2648 et
900 2591 939 2652 lic
955 2589 1054 2671 posta
1071 2589 1281 2653 Constantino
1299 2593 1375 2654 Por·

293 2693 300 2707 ’
337 2690 791 2774 phyrug.detltem.'r.17.
845 2689 976 2751 Nomen
1002 2692 1103 2774 igitur
1127 2691 1244 2752 lllelcm
1275 2694 1374 2764 latuit,

338 2805 393 2854 eut
418 2791 499 2850 oleta
519 2789 698 2872 lcriptorem
724 2788 845 2852 secutus
868 2791 925 2864 ett,
953 2793 1009 2874 qui
1032 2794 1083 2865 id,
1110 2806 1279 2875 antequam
1299 2793 1377 2858 Cloe

338 2897 520 2976 emporium
537 2893 649 2962 evertit,
677 2893 855 2956 tradideret.

418 3095 545 3176 Cion)
596 3095 651 3158 Gr.
666 3093 761 3170 Κίος,
789 3114 847 3179 pro
871 3115 934 3178 quo
950 3093 1045 3172 Κεῖος
1065 3095 1178 3160 vitiose
1195 3115 1245 3180 cp.
1264 3097 1379 3181 Steph.

339 3195 361 3260 i.
378 3219 409 3259 v.
428 3195 574 3280 Προῦσα.
603 3191 828 3260 Civeclituvoi
842 3199 1016 3279 penultima
1032 3201 1203 3280 procinctu
1224 3201 1377 3280 Apollon.

338 3281 448 3360 Rhorl.
471 3319 497 3364 t.
522 3307 624 3376 1354.
653 3299 816 3360 Theocrit.
839 3313 891 3374 13.
912 3313 969 3376 30.
999 3299 1054 3358 ubi
1072 3300 1179 3362 Schol.
1197 3295 1324 3368 lircvoi.
1348 3301 1378 3365 ol

337 3393 397 3482 τὴν
422 3395 499 3460 liicv
523 3395 696 3468 οἰκοῦντες.
747 3400 790 3458 Et
814 3399 854 3460 src
877 3401 910 3460 iu
932 3401 1039 3462 nuruis
1070 3401 1197 3464 tticum
1227 3405 1376 3465 occurrit.

338 3499 425 3560 Hinc
442 3493 552 3572 Kruvlc
576 3497 653 3582 polu
679 3500 825 3580 Apollun.
848 3521 875 3568 r,
899 3515 1004 3574 1177.
1057 3504 1105 3561 De
1127 3499 1213 3562 cauta
1233 3505 1377 3564 nomini·

338 3611 370 3660 et
387 3601 509 3682 origine
530 3601 611 3658 varin
634 3599 786 3660 adierunt
805 3613 958 3671 auctores.
1002 3602 1055 3663 Sic
1074 3603 1244 3662 Herculem
1267 3605 1377 3664 condi·

337 3713 459 3768 torem.
491 3699 529 3760 eb
546 3702 747 3780 expeditione
766 3701 914 3762 Colchica
932 3703 1092 3773 reducem,
1120 3702 1232 3764 Strabo
1249 3725 1275 3765 c.
1295 3703 1316 3766 l.
1343 3719 1378 3764 et

337 3821 376 3862 ex
392 3823 430 3862 eo
449 3799 587 3862 nuttam.
602 3803 646 3859 ud
670 3801 800 3878 Dionyl.
823 3823 855 3864 v.
875 3805 954 3877 806.
995 3803 1233 3884 Polyphemum
1256 3803 1379 3867 habeut

230 3943 240 3958 .
336 3901 485 3984 Apollou.
510 3924 536 3972 t,
560 3914 663 3980 1321.
686 3916 718 3962 et
733 3913 767 3980 4.
791 3913 895 3981 ¹47⁰·
919 3923 992 3962 cum
1010 3903 1117 3966 Sclrol.
1143 3918 1175 3965 et
1197 3923 1235 3965 ex
1257 3924 1297 3966 eo
1312 3905 1378 3967 Eu·

338 4003 427 4064 docte
452 4005 484 4063 in
508 4003 641 4064 violario
663 4025 692 4084 pv
716 4015 799 4081 341.
836 4004 1020 4084 Apollodur.
1041 4025 1069 4074 r,
1086 4023 1119 4084 9.
1143 4025 1198 4082 ¹9·
1251 4007 1277 4066 A
1302 4007 1377 4079 Cio,

336 4105 393 4186 qui
408 4104 549 4168 Miletioe
567 4105 701 4168 colonoc
719 4105 910 4179 deduxerat,
935 4124 1059 4169 nomen
1075 4105 1262 4190 impolitum
1279 4109 1378 4170 tradit
