2852 4946
247 333 298 390 m
323 329 459 388 POMP.
489 331 595 392 ΜΗ..
636 331 719 392 Lt.
762 329 879 392 (ΗΠ.
921 331 1000 402 Η.
1079 335 1143 404 465

99 507 141 570 In
155 503 313 570 Strabone
328 515 382 584 24.
397 525 430 588 p.
444 515 530 586 443.
541 504 561 571 i.
572 507 657 584 65t.
673 505 800 570 ridetur
813 505 873 570 eise
883 505 1028 574 Glnucut.
1044 521 1141 586 quem

98 603 229 672 κόλπον
245 595 411 698 εὐλίμενον
427 621 530 678 vocat,
547 624 579 670 et
596 609 670 670 inde
683 608 856 670 aDttedniir
870 609 994 690 incipit.
1021 607 1064 668 At
1078 603 1141 666 fuit

99 709 214 772 Carine
228 707 303 770 urbe
319 699 495 798 Teitirtffitm
512 708 718 772 Halicarnnffo
735 729 808 770 cum
826 720 846 786 5
863 709 930 771 aliie
944 708 1081 770 notter.
1093 705 1139 770 Μ.

98 809 302 878 contributa.
328 810 361 870 itt
385 829 460 894 agro
481 811 550 872 eiue
571 811 644 882 lita,
671 811 717 874 60
741 809 843 874 stadiis
863 811 902 870 ab
924 807 987 894 ipit
1003 808 1140 870 Halicar-

100 911 345 982 uniformia,
371 911 411 972 de
430 932 490 993 qur
512 911 551 974 cf.
566 913 649 974 Ptin.
667 925 700 990 5.
716 927 775 998 29.
803 911 915 974 Sttidae
934 909 954 974 i.
971 931 1003 972 v.
1020 905 1141 995 Τελμι-

101 1011 178 1086 nso.
227 1012 332 1094 Atque
365 1012 442 1074 haec
475 1013 543 1096 poli
577 1014 728 1098 adpellata
762 1013 805 1076 eii
836 1001 1143 1085 ’Δναστασινύπολνς

101 1113 214 1175 addito
235 1109 510 1200 Ἁλικαρνασσοῦ,
542 1117 590 1176 uti
614 1113 740 1177 discitur
759 1136 798 1178 ex
821 1114 964 1176 Corolia
987 1115 1020 1175 S.
1042 1111 1142 1174 Paulo

103 1215 225 1297 Geogr.
247 1217 336 1276 Sacra
362 1217 500 1296 (1754)
525 1237 556 1298 p.
581 1229 634 1294 ¹5·
662 1217 718 1276 ubi
739 1233 862 1285 tamen,
892 1215 978 1298 quod
997 1226 1030 1276 et
1052 1214 1086 1275 fit
1106 1213 1140 1272 itt

101 1316 201 1377 altera
223 1317 305 1397 ttpud
327 1317 529 1388 Strabonem.
556 1314 749 1404 Τελὲμνσσος
771 1318 923 1380 scribitur.
975 1311 1143 1378 Posteriori

102 1417 252 1486 nomine,
278 1436 341 1498 quo
358 1419 463 1498 prodit
479 1421 562 1500 apud
579 1420 759 1484 Hieroclem
774 1441 806 1502 p.
823 1421 908 1498 689.
928 1418 1072 1502 ignotam
1086 1414 1143 1477 tibi

102 1518 221 1578 urbem
241 1517 301 1580 effe
316 1515 432 1579 fatetur
450 1519 597 1580 Mannett
618 1541 651 1604 p.
667 1535 750 1600 289.
770 1541 796 1583 c.
813 1521 834 1584 1.
870 1519 981 1582 Nostra
997 1520 1074 1580 haec
1088 1535 1144 1580 tto·

102 1617 229 1680 biiiteta
248 1616 311 1678 init
329 1620 641 1702 interpretationibus
661 1619 883 1706 prodigiorum
898 1634 929 1684 et
943 1618 1144 1703 haruspicum

104 1717 289 1801 discipline,
323 1720 364 1782 de
386 1739 450 1802 quo
471 1723 566 1784 multi
593 1721 795 1806 scripserunt,
833 1724 867 1784 in
894 1723 933 1784 iie
959 1723 1080 1784 Arrian.
1104 1718 1143 1780 de

103 1820 222 1902 expeti.
240 1822 329 1884 Alex.
347 1838 380 1893 2,
399 1833 471 1902 5.4
490 1821 551 1905 sqq.
583 1823 697 1887 Cicero
713 1825 753 1887 de
769 1826 872 1888 divin.
891 1843 919 1892 t,
937 1833 998 1902 4¹·
1020 1835 1053 1886 et
1075 1821 1141 1903 plu·

104 1941 157 1983 ree
179 1922 245 1984 aiii.
288 1923 362 1984 vid.
381 1924 529 1986 Perizon.
548 1925 587 1988 ad
607 1925 727 1988 Aelittu·
745 1927 782 1988 V.
805 1926 847 1986 H.
867 1925 997 2003 12,64t
1028 1919 1143 1986 Weffe·

103 2023 185 2108 ling.
209 2024 247 2084 ed
271 2023 428 2086 Herodot.
450 2045 479 2097 ι,
500 2037 559 2110 78.
601 2025 749 2088 Davisius
778 2027 817 2086 ad
844 2026 990 2088 Ciceron.
1008 2044 1036 2088 c.
1056 2023 1079 2086 1.
1113 2032 1146 2084 et

105 2144 189 2206 quoe
215 2125 263 2184 iili
295 2126 475 2190 nominent.
527 2127 653 2212 Adtigit
674 2127 707 2188 id
734 2128 795 2190 iem
823 2127 1007 2188 Herodotus
1033 2145 1064 2198 1,
1087 2133 1144 2199 78·

104 2226 195 2287 Hinc
211 2225 336 2288 Plinius
347 2239 404 2304 30,
422 2245 454 2290 ν.
473 2225 494 2290 i.
515 2247 545 2292 1.
566 2248 636 2289 enm
655 2222 910 2320 religiofiffimam
926 2223 1030 2289 tardem
1044 2236 1145 2290 vocat.

105 2327 146 2389 ln
177 2326 264 2387 belin
291 2327 480 2390 Antiochino
506 2329 669 2392 Eumenen
694 2349 764 2392 enm
798 2350 815 2392 a
840 2329 994 2392 Romanis
1017 2325 1146 2410 accepit.

106 2428 200 2489 cuiue
220 2446 322 2512 reguo
339 2425 459 2491 subiato
476 2429 515 2490 ad
533 2430 648 2508 Lycios
669 2432 774 2500 rediit,
797 2428 932 2512 (Strabo
949 2450 975 2492 c.
999 2427 1044 2518 1.)
1070 2429 1147 2490 dum

106 2530 209 2608 Lycia
224 2529 260 2588 itt
275 2527 411 2590 fortnatu
430 2531 613 2612 provinciae
629 2532 835 2616 redigeretur.
885 2531 1050 2595 Strabonie
1070 2543 1136 2594 tem

106 2647 187 2714 pore
209 2625 354 2715 πολίχνη
373 2646 456 2701 erat,
482 2644 518 2692 nt
536 2631 588 2696 ilie
605 2633 737 2714 quidem
755 2647 856 2696 vocat.
911 2633 1050 2696 Gentilia
1072 2631 1147 2694 iude

107 2745 143 2793 et
164 2745 300 2814 cognate
321 2729 444 2794 derivet
464 2733 642 2816 Stephanus
666 2727 887 2821 Τελμισσεῖνς,
909 2739 986 2816 (per
1007 2758 1017 2797 ι
1036 2734 1148 2796 editio·

107 2838 209 2911 num)
236 2827 447 2920 Τελμὶσσιος
471 2827 656 2920 Τελμισσὶς,
682 2827 783 2920 (ἄκρα
806 2837 890 2916 apud
907 2835 1052 2897 Strabon.
1067 2854 1095 2898 c.
1113 2831 1149 2916 Ι.)

107 2927 323 3022 Τελμισσιὰς.
346 2925 449 3022 (tiupn
469 2954 508 2996 ex
524 2935 742 3012 Artemidoro)
768 2937 886 3018 quibus
902 2955 941 2997 ex
961 2935 1058 2998 Livio
1075 2935 1148 2998 addi

108 3034 213 3120 potest
237 3031 445 3098 'seintefficue
468 3035 550 3098 finus
574 3035 661 3120 supra
683 3051 825 3104 notatur.
881 3037 1005 3110 [οων.
1029 3038 1149 3162 inquo

109 3137 192 3202 olim
207 3135 309 3206 stetit,
333 3156 420 3200 nuuc
436 3149 567 3200 vocatur
583 3138 705 3204 Macri.
