2764 4954
171 411 223 469 tu
249 405 389 466 route.
419 403 527 462 urat„
569 405 650 462 LI.
691 403 808 465 extr.
850 405 927 476 §.h
1007 399 1070 482 367

44 582 147 646 bosom
162 581 383 666 accipiendum
402 579 487 662 apud
502 578 692 641 Terentium
703 579 863 642 Eunucho
881 573 929 666 [3.
946 593 979 650 α,
997 575 1072 668 alp]

46 685 289 766 Foepert'culunr
305 683 338 742 in
350 683 458 752 sitert'c
475 671 544 770 fac
561 682 593 740 t'rt
611 679 783 771 palaestra,
802 673 870 771 fac
885 683 917 741 in
932 703 984 742 auu
1001 683 1070 745 teir.

44 787 153 848 Sedet
174 785 377 866 Capitolinus
399 783 440 844 de
464 783 642 844 Pertinace:
670 775 759 866 [cap.
780 778 833 870 t.]
868 785 953 844 Puer
972 783 1073 844 literis

45 885 244 948 elementariis
261 897 292 946 et
312 883 433 944 eclectio
455 880 612 955 imbutus,·
645 882 701 942 ubi
723 885 805 946 mese
826 885 1072 966 interpretantur

45 990 103 1048 viri
120 989 205 1049 docti
220 987 261 1048 de
276 984 536 1048 Gratumoticissa.
590 981 674 1044 Nam
692 985 767 1065 quid
789 1005 869 1066 oput
886 982 989 1048 suisset
1003 1005 1072 1047 mo·

44 1107 122 1158 nere,
148 1088 347 1150 Pertinacem
364 1085 503 1147 didicisse
520 1087 636 1170 segete.
671 1085 817 1169 intellige
833 1089 989 1148 elementa
1010 1107 1073 1147 ma·

44 1189 171 1260 theseoo,
198 1206 278 1270 quae
293 1185 442 1272 στοιχεῖα
466 1202 583 1248 vocant
599 1185 721 1249 Graeci.
760 1187 945 1250 Etstcasibi
964 1187 1072 1250 literae
1130 1217 1133 1230 ·

44 1309 97 1372 pro
116 1291 262 1350 numeria
281 1287 380 1370 saepe.
440 1286 567 1350 Notum
591 1288 678 1350 enim
706 1289 788 1370 apud
813 1309 925 1352 omnes
950 1303 1073 1374 gentes,

44 1405 205 1473 antequam
230 1387 341 1472 cistae,
367 1407 442 1470 quae
465 1408 635 1460 vocamur,
663 1389 759 1450 essent
785 1404 941 1471 repertae,
968 1392 1074 1454 literae

43 1512 95 1574 pro
118 1493 263 1552 numeria
282 1492 317 1552 in
340 1488 396 1550 usu
418 1487 516 1553 suisse.
546 1525 596 1538 -
646 1491 746 1552 siecte
766 1505 872 1552 autem
891 1493 923 1551 id
942 1495 1074 1554 illorum

42 1607 260 1654 commentum
281 1589 341 1652 esse
357 1593 452 1652 dicit:
486 1589 686 1654 Phoenicum
708 1593 795 1654 enim
818 1593 990 1656 inventum
1014 1593 1076 1656 esse

41 1695 279 1756 Arithmeticarn
310 1707 344 1753 et
367 1691 597 1756 Astronoruiam
631 1692 780 1754 tesiantur
813 1713 887 1756 cum
911 1695 1074 1756 innumeri

43 1797 107 1866 aiii,
133 1809 204 1856 tum
227 1795 394 1876 praecipue
411 1792 541 1864 Strabo,
567 1808 599 1856 et
615 1793 695 1854 hanc
712 1795 841 1874 quidem
856 1812 893 1856 ex
910 1795 1073 1878 Logistica,

43 1897 167 1960 alteram
189 1913 268 1957 vero
292 1889 328 1957 ἐκ
349 1895 406 1978 τῆς
432 1891 651 1970 νυκτοπλοίας
671 1896 802 1956 initium
823 1895 913 1956 suum
936 1895 1073 1958 babuisse

43 2000 91 2060 ait
127 1998 210 2058 Vide
232 1996 325 2056 illum
349 1995 480 2061 lib.16.
510 1990 618 2082 [ci]
652 2015 794 2058 voasrve.
848 1997 966 2060 Contra
989 2011 1074 2058 recte

42 2112 152 2162 monet
178 2097 381 2168 Perizonius,
418 2116 532 2159 vocem
558 2097 667 2158 literas
696 2099 740 2160 ita
768 2093 910 2159 absolute
942 2099 1073 2179 positam

44 2199 151 2262 dedus
169 2212 202 2260 et
223 2197 369 2260 inusitate
385 2199 425 2260 de
448 2199 589 2261 numeria
605 2199 760 2285 inteiligi3
791 2219 850 2260 nec
872 2201 990 2260 directe
1011 2199 1074 2259 dici

43 2301 134 2382 posse,
162 2319 252 2369 eum,
278 2301 332 2380 qui
355 2319 506 2362 numeros
526 2301 648 2382 primur
666 2301 835 2372 inuenerit,
861 2301 967 2361 literas
985 2301 1074 2361 inve·

41 2402 124 2466 nisse.
180 2401 320 2469 Literna,
348 2401 390 2461 ita
411 2399 476 2462 sere
497 2401 684 2464 Perizonius
707 2404 824 2486 pergit,
854 2403 981 2484 proprie
1004 2399 1076 2461 sunt

42 2517 133 2566 notae
148 2503 227 2567 certi
245 2501 323 2572 soni,
350 2521 413 2583 quo
429 2521 467 2564 ex
482 2503 592 2564 multia
608 2503 784 2585 compofito
805 2505 1023 2586 pronuntiatio
1041 2503 1076 2565 stt

42 2603 292 2674 vocabulorum
329 2615 422 2684 atque
458 2601 537 2664 adeo
572 2603 732 2666 literarum
764 2624 859 2682 opera
890 2618 921 2666 et
953 2603 1074 2667 nosiroa

42 2707 134 2767 animi
154 2701 258 2766 sensus
277 2703 362 2774 aliia,
393 2701 699 2775 etiamebsentibue,
731 2705 940 2777 declaramus,
973 2718 1005 2767 et
1029 2708 1074 2765 vi·

44 2802 138 2868 cissrm
173 2805 294 2866 alienor
328 2803 550 2888 cognoscimur
580 2818 674 2886 atque
704 2805 923 2890 intelligimus.
990 2807 1076 2867 Hinc

43 2903 150 2988 passim
172 2907 268 2968 litera
290 2920 381 2967 notat
400 2925 508 2968 earum
532 2919 678 2967 notarum
701 2907 813 2990 sigorae
835 2925 869 2967 ac
888 2908 956 2966 vim
985 2905 1076 2969 sonos

43 3009 297 3092 distinguentem.
333 3008 497 3070 Secundus
513 3021 619 3069 autem
636 3027 741 3068 earum
758 3005 828 3068 usus
844 3005 912 3078 snit,
935 3021 979 3076 ut,
1001 3009 1075 3088 quia

43 3111 107 3172 issae
119 3112 288 3171 literarum
304 3121 398 3170 notae
414 3124 499 3169 certo
516 3121 548 3169 et
565 3108 716 3169 constanti
733 3110 843 3170 ordine
859 3109 891 3168 irr
908 3109 1074 3189 alphabeto

42 3209 272 3280 scribebantur,
305 3208 464 3270 adhibitae
481 3209 600 3271 idcirco
624 3207 740 3270 suerint
763 3212 800 3270 ad
824 3229 974 3270 numeros
999 3229 1076 3290 quo·

42 3332 97 3392 que
118 3309 336 3374 ‹secutandoe.
387 3310 477 3394 Quae
498 3305 621 3373 Vossius
641 3313 713 3372 citat
735 3331 773 3372 ex
793 3311 947 3373 Cicerone
965 3322 997 3370 et
1014 3312 1075 3372 Te·

41 3415 141 3476 tentio
162 3411 305 3474 liberales
320 3409 497 3494 disciplinae
512 3425 636 3482 notant,
662 3413 694 3472 in
712 3412 894 3494 Capitolino
913 3412 1076 3472 literarum

43 3511 174 3586 sormae,
200 3528 233 3574 et
249 3510 435 3590 syllabarum
453 3533 488 3573 ac
509 3513 734 3576 vocabulorum
752 3515 941 3584 lectionem,
975 3514 1076 3594 quasia

43 3617 154 3698 utique
180 3625 319 3676 monent
346 3615 392 3674 illi
419 3611 602 3695 scriptoree;
638 3634 802 3676 numerare
825 3627 930 3675 autem
956 3614 1075 3674 calculo

44 3713 203 3799 separatim
226 3715 396 3778 indicatur.
449 3714 535 3775 Ferri
557 3713 657 3798 posset
680 3713 821 3784 Vossius,
853 3715 951 3794 fiper
974 3715 1074 3775 litera-

42 3836 110 3880 rum
127 3836 237 3900 operae
260 3815 357 3878 etiam
381 3815 622 3877 Arithmeticaru
644 3834 715 3876 cum
739 3815 909 3877 Ciacconio
929 3815 1074 3878 voluisset

43 3917 242 4004 designatam,
260 3915 312 3979 sed
325 3929 447 4000 praeter
460 3929 492 3976 et
507 3915 575 3997 poss
589 3913 790 3996 scriptionem
807 3915 903 3996 ipsam
920 3930 952 3976 et
966 3915 1073 3977 lectio·

42 4039 113 4080 netu
134 4021 308 4082 literarum.
347 4018 478 4080 Accedit
494 4018 544 4079 hia
565 4018 727 4086 omnibus,
750 4017 836 4096 quod
855 4015 964 4076 Graeci
981 4017 1072 4097 pleri·

42 4140 98 4202 que
121 4138 153 4184 et
177 4121 319 4186 Romani
333 4118 509 4182 Phoenicae
526 4137 560 4181 re
579 4137 651 4180 vera
673 4115 794 4179 iaciunt
816 4117 936 4199 primos
961 4119 1073 4179 inven-
