2852 4946
212 403 262 462 ru
291 401 429 461 eonor.
459 399 570 460 met.
611 399 691 458 ιτ.
735 403 853 466 cxv.
896 403 975 476 uz.
1051 415 1113 486 4⁵·

69 575 248 642 describere
270 569 368 640 πόλιν
389 567 531 642 ἐοικυῖαν
551 569 675 658 ἐπινείῳ
697 573 863 652 Ξανθίων,
892 591 978 642 certe
998 577 1115 668 signifi.

70 701 139 744 cere
156 677 331 762 etlposrtom
352 673 443 740 foisse
458 677 504 738 illi
519 677 639 749 fluvio,
669 697 840 760 perquem
862 677 1025 745 descensui
1046 697 1115 748 eret

68 783 108 846 ed
129 783 203 844 eiue
222 780 314 842 velut
335 779 464 852 oevrle;
498 773 669 844 ἀνάπλουν
689 781 786 864 igitur
805 781 942 861 Scylecie
962 784 1003 843 ite
1027 786 1115 868 posse

69 883 191 966 accipi,
217 895 257 946 ut
276 900 345 946 oon
364 881 462 966 longe
478 899 495 943 e
511 883 591 944 meri
607 879 702 944 suerit
722 895 876 946 remotus.
909 881 1034 947 Referri
1051 885 1115 951 huc

70 984 194 1068 potesl,
219 983 308 1066 quod
321 983 468 1064 proxime
483 995 573 1044 antee
586 982 625 1045 de
643 983 782 1064 Limyrie
798 997 945 1046 notatum
960 985 1013 1048 esi.
1055 988 1115 1051 Ee·

69 1087 147 1148 dem
175 1085 300 1148 ratione
322 1085 460 1166 Appiae.
482 1083 523 1146 de
549 1083 588 1146 B.
611 1083 685 1147 civ.
705 1093 740 1162 4,
763 1095 822 1162 82.
839 1087 884 1150 in.
915 1086 1116 1168 Myrensmm

69 1187 185 1249 navale
207 1183 283 1247 secit
304 1186 498 1254 indumen,
530 1203 610 1267 quae
627 1185 666 1246 ed
689 1205 775 1248 merc
796 1183 945 1266 ponitur,
971 1189 1115 1253 nl'tole·

69 1307 167 1350 roceo
182 1300 218 1366 5,
236 1301 270 1368 3.
290 1289 326 1348 in
348 1287 442 1348 altere
466 1287 592 1368 Limyri
615 1283 651 1347 sl.
676 1288 741 1370 ripe
773 1285 838 1349 sere
867 1301 976 1352 contro
998 1291 1113 1354 urbem

70 1391 214 1468 Limyra.
264 1389 327 1452 Sed
343 1389 477 1460 eodem,
505 1405 570 1470 quo
584 1387 715 1459 Nosier,
744 1389 872 1462 ordine,
898 1391 1004 1454 indeo
1021 1392 1113 1456 Cario

69 1487 265 1574 progressae.
291 1489 329 1550 ed
347 1509 442 1572 quem
460 1487 566 1552 nolier
584 1489 716 1550 demum
734 1489 854 1560 tendit,
881 1491 937 1554 hee
954 1491 1049 1556 urbee
1065 1515 1114 1558 re·

68 1589 179 1654 censet
201 1589 326 1654 Strabo.
380 1591 470 1652 idem
491 1609 565 1652 cum
588 1589 672 1660 aliis,
704 1603 741 1652 ut
763 1592 890 1671 Scylace
912 1613 938 1655 c.
962 1594 983 1656 i.
1016 1595 1113 1660 Livio

74 1707 133 1774 57,
157 1708 215 1766 17.
230 1690 252 1755 s.
276 1726 327 1740 —
353 1705 513 1754 memoret
533 1704 675 1774 portum,
699 1693 754 1774 qui
770 1695 866 1754 etiam
885 1713 924 1754 ex
941 1694 1044 1756 Paulli
1059 1717 1114 1760 ne·

72 1795 240 1879 rigatione
263 1793 425 1866 innotuit;
449 1795 576 1870 (Actor.
601 1807 658 1862 21,
685 1797 741 1871 u.)
785 1791 981 1882 Houoptpilo
1005 1789 1113 1884 ἄκραν

73 1893 210 1976 Dionys.
222 1915 256 1956 v.
271 1911 351 1974 ¹29·
379 1913 473 1974 quem
489 1913 562 1956 cum
577 1893 742 1956 Selmnfiue
756 1895 793 1955 ed
806 1896 907 1959 Solio.
923 1917 955 1978 p.
969 1917 1015 1960 m.
1026 1911 1113 1974 550.

73 1999 114 2059 de
127 1997 344 2079 prominentia
359 1997 437 2058 editi
454 1997 556 2058 litorio
570 1994 764 2078 explicasset,
790 2015 870 2076 quoe
888 2011 1022 2080 portum
1038 2001 1114 2062 effe·

75 2102 169 2169 uerit,
203 2111 351 2179 expertue
369 2108 400 2158 et
422 2096 474 2158 hic
492 2097 535 2158 eli
557 2098 715 2178 impetum
737 2091 847 2167 volnt,
881 2099 935 2179 qui
960 2099 1114 2182 interpre-

75 2213 159 2260 tetur
172 2199 215 2262 de
231 2211 301 2260 toto
319 2198 432 2278 Lyciae
451 2199 685 2280 promontorio,
710 2196 772 2258 five
787 2217 886 2280 paene
906 2197 1016 2262 insule.
1069 2203 1114 2264 At

74 2302 193 2363 eodem
216 2300 332 2370 modo,
363 2319 428 2380 quo
453 2300 525 2360 vult
545 2298 728 2369 salmasius.
755 2297 943 2360 Telmesum·
958 2321 1115 2382 promon-

75 2405 195 2465 torium
220 2401 258 2461 ed
287 2400 400 2462 urbem
422 2395 652 2484 cognominem
677 2399 794 2474 haltere
818 2400 897 2462 dicit
918 2401 1031 2464 Strabo
1057 2415 1114 2484 14.

73 2523 107 2586 p.
120 2514 210 2583 457.
229 2499 249 2564 s.
266 2502 351 2578 665.
402 2503 490 2562 Tum
512 2497 626 2562 diserte
642 2499 818 2580 Hesychius
840 2501 956 2564 eodem
977 2507 1114 2568 nomine

73 2605 189 2666 urbem
207 2603 319 2682 Lyciae
335 2613 368 2664 et
383 2615 529 2664 montem
545 2599 677 2684 profert,
700 2599 848 2684 quorsum
863 2605 959 2666 etiam
977 2603 1116 2688 spectant

74 2708 221 2767 Patarea
240 2702 369 2764 duuteta
390 2701 509 2795 ruinosas
530 2701 649 2784 Lyciae
669 2704 761 2784 iugis.
822 2704 923 2767 Porro
947 2706 1055 2770 Patare
1073 2709 1114 2770 ed

74 2808 254 2886 Lyciorum
269 2802 493 2866 cherronesum
510 2805 608 2888 ponit
618 2803 793 2866 Alexander
807 2806 889 2886 apud
901 2806 1115 2889 Stephanum.

75 2909 226 2988 Denique
247 2925 347 2968 nexue
369 2906 519 2976 declaret,
546 2905 735 2984 Dionysium
754 2905 884 2967 voluisse
901 2906 1006 2969 locum
1030 2909 1116 2973 illiue

76 3001 183 3097 ἄκρας
206 3006 378 3090 defignere.
423 3007 486 3069 Sed
504 3026 540 3068 ee
557 3006 689 3069 ulterius
703 3026 770 3070 non
788 3023 907 3070 moror.
949 3005 1047 3071 voffit
1062 3029 1130 3078 ex·,

73 3111 282 3195 plicationem
305 3105 500 3190 improbavit
520 3105 616 3170 'etiam
633 3107 783 3169 Mennert
800 3109 833 3168 in
856 3107 973 3194 Geogr.
992 3111 1060 3174 Vol.
1079 3113 1114 3177 6.
1137 3167 1138 3170 ,

75 3213 113 3275 P.
131 3224 165 3290 3.
188 3230 223 3291 p.
244 3222 325 3282 ¹7¹·
373 3211 423 3270 De
446 3208 527 3275 clero
555 3210 600 3270 ibi
625 3209 778 3290 Apollinis
803 3209 929 3270 oraculo
952 3211 1115 3293 deinceps.

75 3313 268 3376 inclinatam
294 3307 382 3372 urbis
406 3307 569 3372 fortunam
592 3309 676 3370 Mela
703 3327 784 3372 voce
809 3305 970 3392 quondam
997 3313 1115 3378 innuit.
1229 3355 1232 3364 ,

75 3412 186 3478 Incola
209 3403 400 3497 Παταρεὺς,
435 3424 468 3472 et
496 3411 572 3472 hinc
596 3411 629 3470 in
656 3411 765 3472 nnmie
798 3411 907 3473 crebro
935 3411 1118 3499 Hornpewu

77 3512 233 3582 occrrrrit,
269 3512 374 3574 Latini
401 3513 560 3574 Patareus
582 3513 620 3572 ed
647 3509 782 3573 sormam
807 3512 974 3585 Graecam,
1010 3513 1118 3578 sedet

76 3611 189 3700 passim
207 3605 487 3699 τετρασυλλάβως
505 3627 537 3675 et
555 3613 732 3694 penultima
751 3614 911 3694 producte,
938 3615 991 3678 esst
1016 3619 1117 3680 modo

76 3737 134 3800 per
147 3737 173 3785 e,
201 3714 301 3774 modo
315 3733 371 3796 per
383 3735 421 3774 oe
433 3715 580 3786 offerunt,
605 3713 689 3794 quest
704 3733 721 3774 a
739 3709 921 3802 Πατᾰρειος
935 3717 988 3780 vel
1004 3715 1120 3780 liero-

79 3817 169 3904 ραῖος
184 3815 329 3886 ductum,
350 3818 399 3876 uti
412 3835 428 3877 e
442 3819 576 3878 nomine
594 3805 736 3906 Theseus,
758 3817 953 3880 adiectivum
974 3811 1116 3910 Theseus.

78 3917 235 3998 Exempla
267 3915 345 3977 drot
384 3916 523 3980 Ovidius
564 3917 698 3979 Metam.
725 3935 755 3986 r,
777 3929 863 3994 6¹⁰·
904 3921 1116 3984 Stetimus.

78 4017 214 4080 'l'heetri
234 4014 477 4100 descriptionem
504 4031 538 4082 et
560 4015 696 4080 sormam
720 4017 787 4080 vid.
814 4021 850 4080 iu
873 4019 1065 4105 Antiquitiee
1084 4019 1123 4090 os

78 4119 173 4183 Ionia
189 4117 228 4196 Ρ.
243 4133 278 4183 o.
296 4137 325 4184 c.
343 4131 379 4198 5.
400 4141 435 4185 n.
450 4122 512 4202 5⁶·
537 4133 596 4202 57.
632 4119 675 4181 H.
694 4119 826 4184 Patara.

688 4217 784 4283 Flo
