2892 4950
157 351 209 410 IN
235 348 375 407 rom.
404 349 512 406 Mu.
553 349 635 406 L.1.
675 349 821 411 ttxvtt
862 353 942 424 ιι.
1009 359 1073 430 476

37 526 191 612 Regionie
215 525 443 586 amoenitatem
474 535 508 585 et
534 521 744 588 salubritatem
779 524 943 610 insigniter
967 527 1075 590 laudet

37 627 194 690 Herodot.
215 645 245 696 t.
267 635 349 705 142.
370 637 453 706 149.
498 624 542 687 Η.
566 644 636 706 pere
657 624 700 687 ett
727 627 913 708 provinciee
934 627 1074 693 Anodoli

37 727 243 792 [Naronae.
282 727 424 820 Quidem
442 725 601 810 adpellant
616 724 771 794 Srtrcitan.

109 925 381 1012 ambagibus)
431 925 687 1011 Descriptionem
704 930 800 994 huius
817 931 958 1016 regionis
973 943 1076 996 totam

39 1032 116 1112 petit
148 1049 188 1094 ex
218 1032 278 1109 litu
304 1030 401 1092 huiue
431 1029 551 1100 litorio.
588 1032 706 1116 quippe
737 1033 824 1115 quod
858 1031 1076 1116 frequentiore

38 1131 169 1195 iraomra
184 1151 224 1194 ex
245 1131 370 1194 sinuum
392 1149 527 1192 nurnero
546 1131 693 1194 incurvat
708 1146 741 1196 et
757 1134 911 1206 flectitur,
938 1147 976 1196 ut
990 1151 1078 1198 nune

40 1235 236 1315 promineat,
269 1253 356 1294 nunc
375 1229 527 1294 introrsus
547 1233 673 1297 recedat
694 1233 769 1296 litua
787 1233 878 1308 inum
895 1238 1077 1307 incurvent.

40 1338 207 1417 pluresque
228 1333 341 1396 habeat
363 1333 460 1402 sinuo.
486 1353 580 1416 quarn
597 1335 660 1397 ulle
680 1335 738 1398 alia
753 1339 854 1422 regio.
905 1337 999 1402 Unde
1014 1337 1078 1398 Pli-

40 1439 107 1499 uiua
125 1437 206 1498 dicit
223 1436 256 1506 6,
274 1431 447 1514 51.i.29.
470 1435 567 1498 Ionio
587 1431 795 1528 numerosiore
809 1435 930 1501 anthim
949 1439 1082 1500 litomm.

31 1533 191 1622 flectitur.
225 1555 250 1598 t.
269 1553 467 1598 onouovrre
483 1536 560 1600 MS.
612 1535 762 1602 Notanda
786 1539 914 1628 elegunt
937 1540 1079 1604 elocutio

40 1659 92 1720 pro
110 1639 238 1724 vulgari
253 1636 400 1722 ambapee
415 1635 527 1712 habet,
549 1635 633 1702 iecit.

114 1841 177 1904 Po
177 1829 211 1932 s
210 1839 304 1902 ideo
313 1838 332 1924 )
380 1840 514 1924 Pr0prie
538 1852 628 1904 notat
651 1839 797 1925 Neptuni
822 1841 979 1925 templum
1004 1862 1080 1908 eon·

28 1957 135 2005 .trrcta
150 1959 235 2004 voce
257 1963 315 2024 pro
333 1939 547 2034 Pefidnnium,
574 1936 645 2030 [Gi.
663 1942 790 2008 Salmas.
811 1943 848 2006 ed
863 1944 963 2008 Soiiu,
979 1966 1012 2030 p.
1030 1965 1077 2009 m.

42 2039 120 2130 47.]
161 2043 281 2106 Procul
303 2043 401 2107 dubio
424 2044 471 2106 ibi
491 2041 553 2106 fuit
569 2041 713 2128 Neptuni
732 2045 891 2128 templum
913 2047 1078 2127 quomodo
1198 2060 1201 2066 '

47 2166 73 2214 t.
95 2161 154 2224 ¹9·
172 2153 208 2228 4.
230 2145 263 2206 in
277 2145 493 2226 promontorio
499 2137 575 2238 fert
590 2145 738 2226 Neptuni
743 2223 747 2231 ⁸
750 2138 881 2234 fontem.
908 2161 940 2207 et
957 2163 989 2216 α.
1001 2159 1033 2226 3,
1043 2166 1079 2227 9.

43 2249 72 2308 in
94 2236 172 2338 ipso
200 2245 342 2308 Yoertoro
365 2245 511 2328 Neptuni
537 2247 702 2328 tempium,
737 2261 772 2308 ut
802 2247 989 2330 pierumque
1011 2269 1083 2332 pro·

43 2347 207 2410 monteria
223 2367 240 2408 a
256 2347 382 2410 Graecia
402 2345 577 2410 consecrata
600 2345 731 2410 inerunt
753 2348 917 2431 Neptuno.
944 2349 1002 2412 niti
1024 2348 1083 2412 sur·

42 2450 158 2533 gulone
174 2445 262 2510 cruia
276 2461 432 2512 averteret
447 2449 487 2510 ad
505 2449 584 2512 elios
602 2451 699 2514 Deoe.
734 2469 759 2514 1.
783 2469 980 2514 onouovrve
1002 2451 1079 2514 MS.

43 2555 89 2614 De
112 2549 268 2633 scriptura
290 2551 371 2611 nibil
392 2551 475 2612 addo
491 2551 578 2612 notie
599 2551 715 2614 criticie
736 2571 769 2634 p.
785 2553 858 2628 516
876 2549 917 2635 sq.
958 2551 1082 2616 Pliniue

44 2666 74 2730 5,
94 2667 157 2732 31.
174 2649 198 2714 i.
214 2667 273 2730 29.
296 2653 329 2712 iu
349 2649 413 2734 ipsa
433 2652 523 2714 Ionia
543 2651 705 2721 conlocat,
737 2672 832 2734 quatu
855 2653 894 2714 ab
912 2654 989 2718 leiio
1015 2653 1081 2715 sinu

44 2755 170 2836 incipit.
206 2752 250 2814 Ut
267 2751 390 2824 Noster,
406 2753 449 2814 ita
463 2756 559 2816 etiarn
575 2751 686 2816 Strabo
702 2753 757 2816 lib.
775 2771 827 2832 tu.
844 2755 889 2818 in.
913 2755 972 2818 ubi
989 2764 1083 2818 vocet

43 2850 214 2921 Ποσείδιον
230 2845 270 2917 ri
286 2849 465 2942 Μιλησίων.
500 2854 544 2918 Η.
564 2853 657 2936 Capu
670 2851 706 2916 di
719 2845 868 2944 Meinffo.

117 3055 415 3136 Branchidae)
474 3055 605 3120 Nomen
639 3053 810 3124 eBraneo
843 3055 897 3118 rel
921 3055 1082 3126 Broneio.

42 3181 144 3244 quem
156 3160 212 3222 aiii
227 3157 344 3221 iaciunt
359 3159 471 3230 filium.
496 3159 549 3221 olii
565 3157 715 3220 amasium
730 3156 896 3240 Apollinis,
919 3157 1007 3220 unde
1019 3156 1083 3219 hoo

42 3262 329 3326 denominativum
351 3262 459 3323 fictum
477 3259 531 3324 est.
573 3261 627 3324 Uti
645 3259 784 3330 videtur,
807 3259 916 3340 aliquio
931 3279 970 3320 ex
983 3257 1083 3342 poiie·

41 3369 140 3428 ritate
156 3362 294 3424 Branchi
314 3362 393 3422 illud
414 3361 579 3424 oraculum
594 3360 639 3422 ibi
658 3360 778 3430 statuit,
805 3361 895 3422 cuiue
919 3359 1084 3441 praecipue

42 3465 175 3530 tuentio
198 3464 281 3545 apud
298 3463 434 3552 Statium
443 3461 549 3524 Theb.
559 3473 591 3540 8.
613 3473 692 3540 ¹98·
731 3460 792 3525 Sed
810 3475 875 3524 erut
889 3461 942 3522 hic
958 3461 992 3522 iu
1007 3459 1084 3522 vici·

42 3572 95 3631 nia
119 3568 214 3628 loeus
235 3565 411 3648 appellatur
425 3562 610 3647 Didymon.
641 3562 728 3625 unde
750 3562 903 3646 producte
924 3559 967 3624 ett
989 3561 1084 3624 altera

42 3668 234 3753 adpellatio‚
255 3665 434 3748 etquidem
451 3663 554 3736 serior,
572 3677 608 3725 ut
623 3665 752 3748 adparet
767 3683 807 3726 ex
820 3662 925 3726 verbio
937 3663 1083 3728 auctorit.

42 3775 87 3832 iit
101 3773 150 3832 ita
167 3769 317 3830 nominat
331 3767 426 3829 etiem
443 3761 626 3828 Herodotus
644 3786 672 3834 ι.
695 3776 774 3843 157.
800 3763 858 3826 ubi
879 3765 983 3832 docet.
1006 3763 1087 3824 mui-

43 3889 92 3934 tae
109 3869 242 3932 divitiae
255 3889 294 3931 oo
309 3888 435 3951 qunque
449 3865 559 3931 miiiffe
569 3863 733 3931 Croesum.
761 3885 785 3930 r.
804 3883 998 3928 onouortva
1006 3863 1081 3928 MS.

42 3978 95 4037 De
113 3971 262 4035 Brauoho
285 3968 410 4054 copiose
429 3969 462 4032 in
484 3969 595 4054 primia
617 3965 764 4052 exposuit
784 3967 929 4030 Lutatius
946 3966 985 4027 od
1006 3965 1085 4030 Stet.

44 4097 72 4140 c.
95 4077 122 4141 l.
145 4092 187 4138 ex
204 4072 351 4138 Venonir
365 4071 453 4137 librie
466 4089 572 4138 rerum
593 4063 794 4144 divinarum,
817 4081 851 4134 et
866 4087 906 4134 er
920 4067 1084 4132 [neuntio
