2764 4958
309 355 372 422 23⁸
578 341 742 404 nom
779 334 1082 402 exnoeutctz

313 521 520 588 Athenaeum
543 535 598 590 ιε,
623 531 656 594 3.
678 538 711 600 p.
730 530 814 595 317.
852 515 952 578 Plura
979 511 1121 579 eliorum
1147 499 1337 600 po'pulomu

255 609 260 620 ’
318 619 532 706 antiquorum
552 620 700 702 exempla
727 613 893 681 recensuit
914 619 1105 681 Valckenur.
1126 617 1169 680 ed
1189 615 1348 688 Herodoti

209 722 215 745 ⁸
317 735 354 804 4,
376 738 457 800 172.
480 735 513 784 et
527 715 698 782 Fabricius
715 719 756 782 ad
772 721 860 784 Sext.
874 713 1169 804 Empir.Pyrrhon.
1186 719 1349 802 Hypotyp..

320 841 356 903 3,
376 833 432 903 24.
458 817 661 905 omninoque
672 817 791 882 Cicero
807 820 849 882 de
862 817 988 884 iuvent.
1005 843 1034 892 ι.
1055 839 1085 884 o.
1110 821 1151 882 de
1165 821 1230 882 hoc
1245 816 1350 882 incul·.

319 941 432 989 torum
454 923 655 1008 populorum
675 941 768 984 more
788 923 848 986 sic:
882 942 971 985 nemo
992 923 1123 1004 nuptias
1136 921 1261 984 vidant
1278 919 1343 1001 legi·

322 1027 440 1100 timum·
473 1043 537 1086 non
567 1035 668 1085 certos
691 1023 861 1107 quisquam
894 1014 1085 1114 adspexerat
1109 1021 1232 1086 liberos.
1279 1021 1343 1082 Nee

323 1126 440 1188 desunt
458 1120 562 1186 hodie
581 1125 731 1210 exempla
751 1125 967 1186 barbarorum
987 1125 1188 1209 populorum
1204 1120 1240 1184 in
1258 1119 1344 1184 itine-

322 1225 415 1292 eibue
434 1221 543 1288 obvia.
569 1243 774 1288 uzscuvcue.
825 1225 933 1288 Habet
947 1225 1013 1288 hoc
1028 1222 1213 1288 Aristoteles
1228 1222 1268 1284 de
1283 1241 1344 1305 rep.

327 1347 361 1401 o,
380 1341 413 1405 3.
429 1325 454 1390 f.
483 1322 542 1411 qui
566 1325 656 1388 haud
676 1322 778 1388 dubie
795 1321 831 1386 id
852 1323 947 1387 duxit
968 1347 1009 1391 ex
1030 1322 1291 1412 antiquioribus,
1314 1337 1348 1384 ut

322 1443 452 1516 pateat,
478 1445 547 1490 non
562 1423 678 1511 utique
698 1425 818 1488 debere
838 1423 980 1512 intelligi
997 1427 1038 1490 de
1054 1422 1232 1510 Pomponii
1249 1425 1348 1486 Melae

300 1543 449 1600 uetete,
476 1523 626 1613 quamvis
650 1524 697 1590 ita
720 1529 861 1614 loqutur.
898 1549 922 1592 1.
947 1547 1152 1594 onouovtve
1167 1527 1243 1590 MS.
1292 1521 1350 1586 Hie

324 1619 618 1706 omnino'Atlitiwu
653 1621 755 1692 κοιναὶ
785 1627 937 1713 γυναῖκες
961 1645 995 1695 et
1021 1628 1092 1720 poll
1111 1625 1167 1720 uit
1194 1621 1239 1696 ei
1262 1621 1351 1692 ‘riute

324 1726 517 1822 διαιρεῖσθαι
539 1723 631 1796 uenti
650 1725 712 1806 τοῖς
732 1723 939 1822 ὁμοιότητας.

400 1930 546 1996 colant
553 1929 573 2016 )
621 1931 748 1996 Eadem
767 1953 845 1997 curu
861 1933 1024 2006 habeant,
1047 1953 1113 2020 qua
1129 1931 1236 1997 solent
1249 1949 1354 2016 paren·

330 2049 380 2098 tee
404 2031 512 2098 liberi.
563 2030 620 2097 Sic
637 2031 785 2119 loquitur
806 2031 941 2098 Curtius
957 2043 993 2114 4,
1020 2044 1075 2114 ι4,
1098 2037 1132 2100 6.
1156 2036 1192 2098 iu
1213 2031 1356 2097 militibus

330 2134 471 2198 cotendis
492 2134 714 2218 ornandisque.
766 2135 868 2218 Quod
882 2135 1021 2198 verbum
1036 2132 1085 2198 ibi
1108 2155 1178 2200 nou
1204 2151 1296 2198 notat
1313 2151 1356 2194 re·

330 2231 527 2308 verentium,
545 2233 600 2297 led
615 2235 753 2298 modum
767 2232 958 2300 instruendi.
985 2257 1010 2300 1.
1029 2255 1226 2300 ououovtvs
1240 2237 1313 2301 Me.
1331 2255 1356 2296 ι.

188 2363 200 2388 ο
332 2337 461 2418 Nempe
482 2335 523 2398 de
542 2333 654 2400 officio
670 2332 770 2398 etiam
785 2333 955 2410 dixerunt,
982 2337 1074 2423 quod
1091 2334 1237 2400 maiores
1260 2334 1357 2398 mino·

331 2434 426 2499 ribus
440 2436 611 2522 praestant,
638 2436 786 2500 ornando
802 2435 1000 2522 disciplinis,
1017 2437 1193 2502 formando
1207 2436 1357 2506 moribus,

336 2533 525 2601 adiuvando
547 2533 819 2612 liberalitatibus,
851 2555 889 2603 ut
907 2539 996 2624 apud
1018 2537 1090 2602 Liv.
1111 2559 1142 2620 e,
1165 2559 1224 2604 eo.
1239 2539 1261 2602 f.
1309 2533 1359 2600 Sic

334 2635 474 2701 Curtius
491 2645 526 2717 4,
548 2645 602 2718 14,
620 2641 653 2703 6.
680 2660 704 2704 1.
726 2659 923 2703 onouovivu
940 2642 1016 2706 MS.
1034 2655 1067 2704 u.
1109 2641 1211 2706 Plura
1228 2639 1360 2724 adpolita

337 2733 376 2802 in
392 2753 461 2802 not.
478 2733 614 2804 criticis.
653 2735 786 2804 Solinus
810 2762 838 2804 c.
857 2757 915 2818 33.
933 2741 954 2804 l.
971 2757 1028 2819 30.
1044 2739 1138 2834 filios
1152 2755 1282 2804 tantum
1303 2758 1361 2802 ma·

339 2849 404 2902 tres
424 2831 661 2931 recognoseunt.
709 2841 799 2906 Num
820 2845 947 2924 paterni
965 2844 1101 2906 nominis
1119 2841 1268 2935 uullaest
1288 2860 1361 2904 reve·

336 2941 449 3028 reneio.
500 2941 592 3004 ldem
617 2941 686 3004 fere
713 2943 801 3026 apud
819 2941 1025 3023 Limyrnioe,
1059 2941 1193 3027 ignotos
1219 2943 1361 3028 populos,

334 3037 473 3105 *valuiffe
495 3057 605 3105 narret
626 3041 784 3108 Nicolauo
802 3044 951 3108 Damaso.
973 3045 1014 3106 de
1036 3042 1186 3108 moribus
1205 3047 1259 3109 Gr.
1282 3045 1312 3108 h.
1333 3061 1361 3102 v.

338 3141 543 3206 Communes
560 3140 649 3208 enim
664 3141 710 3208 uit
724 3145 845 3208 hebere
863 3165 1001 3220 uxores,
1030 3162 1063 3210 et
1076 3161 1170 3210 natos
1191 3143 1271 3212 inde
1290 3141 1362 3206 libe·

339 3261 395 3306 roe
414 3243 456 3306 ed
473 3261 596 3308 annum
613 3257 645 3323 5.
667 3243 836 3310 communi
857 3245 966 3310 sumtu
982 3246 1126 3323 nutrium
1159 3263 1232 3312 tum
1253 3265 1362 3312 conve·

339 3341 431 3418 nire,
460 3340 518 3410 uui
532 3339 593 3422 τᾶς
608 3341 805 3435 ὁμοιότητας
826 3341 904 3439 πρὸς
924 3339 1004 3426 τοὺς
1022 3341 1140 3438 ἄνδρας
1160 3345 1312 3436 εἰκάζειν,
1335 3359 1365 3406 et

340 3445 414 3510 tuos
429 3443 579 3532 quemvis
600 3443 679 3510 inde
697 3447 832 3514 sumere.
882 3451 933 3512 De
955 3447 1013 3514 tali
1034 3467 1145 3514 autem
1160 3445 1365 3514 limilitudine

340 3542 427 3609 inter
452 3563 603 3631 parentes
629 3565 663 3614 et
687 3547 820 3624 liberos,
848 3551 869 3612 fi
894 3548 968 3637 quie
993 3554 1067 3616 loca
1089 3567 1242 3616 veterum
1264 3555 1364 3634 legere

341 3644 465 3731 cupiet,
492 3647 639 3734 conlegit
652 3655 755 3716 multu
766 3653 950 3716 Gennauue
965 3653 1007 3714 ad
1020 3650 1133 3737 Virgil.
1147 3655 1225 3718 Aen.
1236 3665 1270 3732 5,
1287 3649 1364 3730 576.

343 3748 500 3811 Ceterum
516 3747 578 3814 alia
596 3749 696 3814 tradit
716 3755 904 3817 Herodotus
920 3776 947 3820 c.
964 3757 986 3820 l.
1023 3756 1152 3840 Nempe
1170 3775 1249 3817 oum
1261 3751 1364 3815 infant

344 3847 433 3934 apud
460 3846 635 3914 mulierem
666 3853 824 3916 robustior
859 3855 963 3920 factue
996 3853 1116 3930 fuerit,
1157 3865 1363 3942 congregatot

342 3947 432 4016 vitoe
452 3973 493 4018 ex
514 3950 727 4020 similitudine
747 3953 917 4035 iudicare,
950 3955 1045 4026 cuiue
1064 3977 1143 4026 vere
1164 3959 1209 4024 lit.
