2828 4966
336 358 378 424 ra
607 348 769 408 noran
810 351 1112 409 nxncurrctn

336 521 449 586 dianoe
472 533 545 586 ante
571 524 854 593 commemoravit,
887 521 927 586 od
953 523 1094 586 Mediam
1127 526 1236 608 potine
1261 525 1382 594 resero.

334 623 390 684 etsi
412 625 579 704 Hyrcanos
599 625 735 689 debebat
757 644 969 711 praeponere,
994 641 1030 688 ut
1051 625 1132 689 inira
1153 629 1382 713 Pamphyliam

335 723 463 806 Lyciae.

380 826 383 848 ‘
411 875 629 962 Hyrcani)
679 876 731 944 cr.
749 880 788 942 aa
811 893 843 956 3,
866 889 899 958 5.
921 887 958 960 4.
989 878 1030 976 a.
1053 877 1159 944 neris
1177 879 1217 944 ar
1233 895 1266 960 3,
1286 891 1321 959 5.
1343 881 1382 944 σ.

334 989 368 1043 et
384 979 424 1042 de
439 977 648 1062 Hyperboreis
668 981 789 1043 ibidem
810 985 839 1060 §.
864 1001 894 1046 r.

414 1131 648 1214 Cimmerii)
697 1133 722 1196 Δ
749 1137 835 1204 ἾΌ)
860 1154 971 1194 canrnr
995 1134 1018 1198 i.
1037 1151 1066 1197 e.
1091 1133 1264 1220 nigrescere
1286 1135 1382 1194 ducit

334 1231 484 1296 Bochart.
501 1235 535 1294 in
550 1233 699 1296 Chanaan
723 1255 751 1306 ι,
769 1247 827 1315 53.
855 1235 1035 1298 Gorneritar
1056 1233 1146 1298 fuisse
1162 1247 1252 1318 putat
1268 1237 1382 1316 Uplra·

334 1353 397 1419 gen
419 1335 454 1395 in
475 1338 612 1418 parergia
633 1334 705 1398 hist.
719 1355 751 1418 p.
770 1353 827 1398 co.
850 1350 884 1398 et
900 1350 973 1398 ante
989 1357 1065 1399 eum
1081 1336 1221 1416 Bayerur
1235 1357 1267 1420 p.
1291 1339 1382 1400 226.

336 1455 364 1496 c.
382 1436 403 1498 l.
426 1450 610 1518 praeeunte,
638 1438 726 1518 quod
746 1438 833 1509 dicit,
858 1437 1027 1509 Boclrarto‚
1051 1438 1107 1520 qui
1125 1451 1229 1500 tamen
1250 1436 1315 1518 ipse
1340 1441 1382 1500 iu

335 1535 458 1622 Phaseg
481 1549 514 1612 3,
537 1549 571 1615 8.
598 1538 678 1598 ultra
699 1538 841 1601 Pontum
870 1539 1036 1600 Euxinum
1059 1537 1168 1600 versuo
1188 1540 1382 1621 aquilonem

334 1651 499 1709 removet,
526 1652 559 1701 et
581 1651 695 1702 terram
711 1639 830 1702 Gomer
849 1639 1007 1724 Phrygiae
1030 1635 1299 1728 noronruoopirry
1321 1641 1382 1700 ad-

335 1740 444 1824 signat.
498 1741 596 1824 Quod
619 1741 689 1802 vult
703 1735 855 1821 Bayerue.
887 1761 927 1804 ex
943 1741 1093 1806 Armenia
1109 1739 1215 1804 versuo
1237 1739 1382 1822 septern·

334 1843 475 1904 trionem
493 1839 626 1924 proiecti
649 1839 854 1906 substiterunt
872 1843 1001 1906 tandem
1015 1844 1053 1904 ad
1077 1857 1243 1925 utramque
1256 1843 1382 1905 'l'annie

334 1943 452 2024 ripam.
486 1943 542 2004 ubi
565 1957 598 2006 et
620 1943 784 2008 Homerus
806 1943 915 2026 Odyss.
937 1965 989 2016 rr,
1017 1955 1072 2024 14.
1094 1958 1210 2026 ponat,
1239 1943 1294 2006 etsr
1317 1945 1380 2004 alii

335 2046 425 2106 aliter
444 2043 594 2108 sentiunt.
633 2043 686 2110 Cs.
709 2047 758 2106 ihi
782 2045 970 2108 Bullathiue.
1023 2040 1262 2127 Antiquiffimar
1282 2043 1378 2108 sedeo

336 2146 399 2208 illie
427 2147 590 2232 adfignont
616 2147 805 2231 plerumque
824 2147 858 2207 in
887 2147 1028 2208 confinio
1052 2145 1140 2208 Aliae
1164 2159 1198 2208 et
1222 2147 1374 2228 Europae

336 2245 610 2330 septemtrionalis.
667 2249 720 2312 Sic
751 2249 788 2309 ad
818 2246 996 2330 Bosporum
1029 2247 1140 2309 Strabo
1166 2261 1197 2327 3.
1226 2269 1258 2331 p.
1284 2263 1374 2328 ¹⁰5·

335 2347 357 2410 s.
382 2361 462 2427 149.
487 2351 526 2409 ad
543 2347 721 2431 Bosporum
744 2363 777 2410 et
789 2350 912 2410 Tanain
930 2347 1062 2428 Dionys.
1083 2369 1115 2410 v.
1138 2351 1217 2424 167.
1234 2363 1266 2411 et
1281 2351 1373 2426 682.

336 2451 468 2532 eiusque
491 2451 678 2532 interpreter
700 2447 847 2512 Priscian.
862 2471 894 2512 r.
913 2450 997 2513 662.
1019 2465 1053 2512 et
1071 2451 1213 2514 Avienus
1233 2471 1266 2512 v.
1281 2451 1373 2527 866.

335 2553 416 2612 ultra
439 2551 598 2632 lllripaeoe
617 2565 744 2615 montes
764 2553 798 2612 in
820 2551 939 2614 Oceani
958 2551 1105 2633 Asiaeque
1125 2570 1179 2614 ora
1200 2571 1273 2614 cum
1293 2553 1375 2632 Scy·

337 2653 402 2715 tlrit
426 2653 573 2735 Orpheus
598 2661 718 2740 Argon.
735 2663 774 2716 'v.
803 2665 895 2731 rrrss
919 2651 962 2734 sq.
1004 2652 1188 2734 Apollodor.
1215 2668 1247 2722 2,
1278 2673 1305 2722 ι,
1334 2668 1372 2734 3.

301 2835 304 2842 ¹
335 2753 495 2846 Plutarch.
511 2757 544 2814 in
561 2756 664 2818 llllario
678 2775 705 2818 c.
728 2775 782 2816 rr.
810 2753 935 2816 Plinius
955 2755 1009 2824 16.
1031 2751 1123 2832 14.s.
1145 2768 1200 2832 15.
1224 2767 1309 2816 etex
1327 2773 1372 2818 eo

335 2857 463 2918 Solinus
483 2875 510 2918 c.
534 2871 593 2919 er.
616 2855 638 2920 s.
663 2873 717 2931 17.
754 2856 927 2916 lisartianne
949 2855 1075 2936 Capella
1095 2855 1151 2918 lib.
1167 2855 1201 2918 6.
1226 2875 1257 2938 p.
1284 2867 1372 2934 214.

228 2949 231 2960 ’
336 2957 422 3020 Hinc
444 2975 521 3018 vero
542 2951 711 3022 Σκυθικὸν
734 2951 826 3032 ἔθνος
847 2958 959 3017 dicunt
980 2953 1159 3018 Eustathiue
1181 2956 1219 3018 ad
1234 2955 1370 3036 Dionys.

335 3079 369 3120 v.
391 3057 469 3136 263.
497 3059 602 3122 Schol.
620 3060 768 3142 Apollon.
786 3076 817 3129 o,
842 3059 920 3134 163.
947 3055 1124 3135 Hesychius
1139 3058 1172 3120 h.
1188 3079 1221 3120 v.
1258 3059 1372 3118 Proxi-

335 3178 388 3222 me
405 3160 442 3218 od
463 3160 557 3221 iidem
576 3162 721 3222 accedere
737 3161 863 3222 videtur
879 3159 1033 3222 Herodoti
1049 3159 1195 3228 narratio,
1216 3159 1269 3240 qni
1284 3157 1370 3222 olim

337 3260 480 3322 conlocat
501 3263 539 3320 ad
555 3259 732 3344 Bosporum
753 3275 786 3322 et
801 3265 831 3324 T
832 3263 940 3332 anain,
969 3261 1057 3341 quod
1078 3259 1215 3322 declaret
1234 3258 1370 3340 Bospori

337 3359 507 3424 Cimmerii
529 3381 709 3446 cognomen
732 3363 853 3444 aliaque
876 3363 960 3432 loca,
982 3366 1036 3439 (4,
1059 3363 1135 3438 rc.)
1167 3361 1241 3423 inde
1260 3359 1368 3442 pulsor

336 3482 354 3524 a
373 3464 502 3541 Scythia
519 3476 552 3525 et
574 3465 608 3524 in
630 3461 703 3548 suga
724 3462 916 3548 agitantibus
930 3483 968 3524 ex
983 3463 1110 3544 Europa
1127 3463 1159 3522 in
1177 3462 1274 3523 Aliam
1291 3481 1369 3524 coo·

338 3559 463 3635 cessisse,
486 3566 540 3650 (r,
562 3577 615 3642 ¹5·
637 3579 716 3645 ¹⁰5·
743 3575 778 3644 4,
798 3585 828 3629 1.
849 3583 904 3628 tt.
926 3560 1001 3644 tc.)
1027 3565 1150 3624 soniam
1168 3577 1240 3624 ante
1259 3561 1366 3626 Croesi

338 3677 484 3745 tenrpora
504 3665 682 3736 devaslalle.
705 3664 761 3751 (t,
780 3663 834 3750 6.)
867 3663 978 3728 Sardes
1002 3663 1189 3747 expugnasse
1211 3663 1261 3745 (r.
1286 3661 1365 3748 15.)

332 3766 466 3844 ‚atridem
494 3765 724 3830 Chersonesum
749 3767 929 3848 Sinopicum
956 3763 1126 3827 condidisse
1152 3778 1185 3826 et
1210 3765 1254 3825 ibi
1278 3767 1365 3844 quie·

211 3907 216 3916 ·
337 3864 608 3952 visse.(4‚12.)
647 3869 699 3930 Sic
714 3869 747 3928 in
763 3871 904 3931 dextram
922 3867 1018 3928 Ponti
1035 3879 1154 3948 partem
1171 3879 1201 3926 et
1217 3866 1377 3950 contigue}

336 3971 405 4032 loca
429 3970 546 4032 irruisse
569 3967 663 4030 refert
686 3970 797 4032 Strabo
824 3995 848 4032 ι.
869 3991 900 4051 p.
918 3978 978 4047 42.
1001 3967 1021 4030 s.
1046 3969 1104 4030 6ι.
1129 3969 1209 4028 circa
1231 3963 1377 4030 Homeri

338 4085 483 4157 tempora
499 4073 537 4132 ad
555 4071 681 4132 soniam
696 4083 729 4132 et
743 4071 873 4134 Aeolida
894 4067 1068 4154 progressos
1083 4067 1143 4132 esse
1164 4069 1220 4134 lib.
1238 4087 1265 4131 ι.
1281 4089 1312 4152 p.
1331 4097 1367 4148 4.
