2892 4950
163 411 215 472 ru
243 407 382 499 pour.
411 399 519 468 mar.
561 403 597 464 1.
618 405 644 462 r.
685 407 718 464 c.
740 405 847 468 xvm.
886 407 964 480 aa.
1027 418 1091 486 oto

49 585 146 649 dotet
168 581 319 644 Mennert
343 579 415 644 Vol.
431 579 466 645 6.
485 579 522 643 1².
541 591 574 661 5.
599 600 631 662 p.
648 587 733 664 450.
760 577 931 666 rngutiiori
951 601 968 642 a
990 579 1089 660 Mysia

48 685 166 749 maiori
180 685 218 745 ad
234 681 403 765 Aeiepum.
426 681 705 763 (Schoi.1ipulion.
721 683 759 743 ad
778 703 806 754 t,
828 685 946 765 ttt5.)
978 679 1029 747 Cf.
1048 688 1088 746 tie

48 789 168 852 finibus
184 782 414 863 schlichthorst
435 787 468 844 in
483 783 600 869 Geo'gr.
618 777 753 845 Homeri
768 803 800 866 p.
817 797 896 863 132.
926 781 1089 848 Latiffimo

50 887 140 951 sensu
156 887 320 948 Homerua
335 885 494 947 Troianos
510 895 623 954 vocat.
654 885 707 965 qui
731 903 769 946 ex
784 885 902 968 reliqua
923 885 989 948 uua
1009 887 1088 947 Tro·

50 991 131 1052 irnia
156 988 274 1049 euxiiio
301 985 553 1064 venerant;(11.
577 997 611 1064 4,
636 997 709 1064 437
725 982 786 1068 sq.)
818 989 903 1067 quoti
930 987 1023 1080 unice
1051 987 1101 1048 ati.

50 1091 175 1154 beilum
210 1089 292 1150 iliud
324 1087 418 1151 valet.
476 1086 528 1148 ste
561 1085 673 1160 Strabo
706 1087 747 1148 de
777 1089 921 1149 terminia
958 1089 1090 1148 turbatio

15 1219 20 1226 ·
51 1207 82 1254 et
98 1189 204 1274 poiiea
219 1190 387 1250 contractio
402 1187 494 1250 vaide
512 1189 668 1269 queritur,
697 1188 787 1250 cuine
802 1188 926 1271 cuipam
943 1186 1090 1252 devolvit

51 1295 85 1354 in
103 1291 233 1354 Aeolio·
253 1291 409 1361 maxime,
434 1289 489 1370 qui
510 1301 608 1348 totam
626 1309 695 1349 uam
713 1290 877 1372 regionem
895 1293 1088 1371 occuparint.

51 1415 92 1456 err
114 1410 181 1475 quo
205 1405 351 1474 tempore
367 1391 467 1452 Troae
489 1389 578 1451 ratio
601 1386 688 1450 seusu
707 1389 744 1450 fir
762 1391 847 1452 elicta
869 1404 900 1452 et
919 1391 1089 1460 intellecta.

51 1498 104 1558 De
122 1493 306 1556 Aeolinrum
322 1506 429 1555 autem
446 1491 654 1573 occupatione
676 1489 745 1573 post
763 1491 814 1552 iiii
830 1492 1026 1570 ereriionem
1049 1491 1089 1556 ci.

52 1594 211 1659 Herodot.
230 1605 264 1670 5.
280 1607 341 1674 94.
364 1607 443 1654 atta.
476 1607 508 1653 et
528 1593 562 1652 iu
584 1591 697 1674 primia
714 1590 843 1659 Panion.
865 1611 893 1664 t,
911 1605 968 1673 55.
988 1607 1021 1673 5.
1057 1605 1090 1672 8.

58 1714 115 1760 au.
132 1693 157 1758 ἰ.
181 1693 238 1754 ubi
254 1692 302 1754 sua
319 1707 419 1755 aetate
434 1711 488 1754 eor
511 1693 605 1753 ilium
625 1691 753 1754 terruiffe
775 1679 929 1756 adfirmat.
983 1696 1091 1756 Deciu-

52 1811 172 1860 cuntur
199 1815 278 1856 vero
310 1795 384 1855 inde
411 1795 559 1878 gentilia.
595 1793 687 1863 Tros,
724 1793 849 1865 Troius,
887 1795 1014 1855 Troicus
1040 1829 1092 1843 -

54 1919 137 1980 quae
171 1893 366 1978 persequitur
396 1895 588 1976 Stephanae.
640 1895 745 1956 Latini
778 1893 887 1956 uirtute
925 1895 1089 1962 Troianus.

54 2001 219 2063 Homerus
233 1996 265 2061 T
268 1996 343 2083 ρῶες
358 1997 457 2058 modo
473 1997 564 2058 latiur
579 1996 618 2057 de
635 1993 708 2056 belii
727 1994 824 2063 iooiir.
847 1995 905 2073 (tt.
918 2009 951 2074 4,
965 1994 1092 2080 45561.

23 2179 28 2190 ἣ
56 2101 141 2162 conl.
163 2098 198 2160 ΙΙ.
218 2113 250 2166 u.
267 2109 338 2176 803
358 2095 400 2179 sq.
426 2112 458 2158 et
473 2097 585 2160 Strabo
608 2111 661 2160 tu.
679 2116 711 2178 p.
728 2109 810 2174 595.
830 2094 851 2159 i.
867 2101 967 2176 594.)
992 2099 1091 2159 modo

56 2201 186 2285 proprie
201 2213 232 2260 et
248 2199 360 2261 iiricte.
387 2199 444 2283 (tt.
459 2213 492 2268 tt,
509 2196 615 2280 816.)
656 2193 815 2260 Latiffima
831 2195 964 2266 Troiani
979 2194 1091 2281 paffim

53 2303 201 2387 Phryges
222 2300 435 2382 adponuntur,
468 2301 508 2361 tie
536 2317 599 2382 quo
622 2295 661 2360 ci.
685 2301 721 2358 ad
747 2321 773 2368 r,
792 2303 851 2376 ip,
867 2310 901 2377 4.
941 2300 1092 2361 Ceterum

54 2405 152 2486 ipiiue
176 2401 312 2463 Troadia
340 2401 485 2482 antiquae
512 2415 544 2462 et
566 2399 739 2461 hodiernae
759 2399 870 2468 iitum.
906 2397 1095 2462 formarunt

55 2506 281 2568 conditionem
308 2501 502 2584 comparavit
528 2500 703 2582 tabulisque
733 2499 908 2562 iniuiiravit
934 2503 1095 2565 Woodiua

55 2609 89 2668 in
106 2604 284 2687 adparuiice
300 2605 336 2663 ad
355 2602 450 2684 ipiiua
464 2601 598 2662 librum:
632 2601 737 2665 Ueber
751 2603 805 2664 riae
820 2601 977 2688 Original-
991 2604 1095 2666 Genio

55 2709 113 2769 dee
132 2707 258 2768 Homer
280 2725 310 2786 p.
327 2716 374 2782 85
390 2701 452 2786 sqq.
476 2703 539 2780 (ud.
561 2706 679 2780 2778.)
719 2701 810 2786 Quae
825 2705 965 2766 cernitur
983 2723 1095 2787 magua

56 2829 166 2871 rerum
191 2805 372 2874 convenio,
402 2820 499 2869 tarrae
526 2803 667 2866 motibue
692 2803 744 2864 iile
772 2803 894 2864 tribuit.
948 2803 1096 2866 Conferri

56 2913 156 2973 etiam
175 2923 332 2990 praeterea
348 2905 484 2974 tiebent.
509 2906 565 2987 qui
584 2905 623 2966 de
640 2903 756 2966 Troiae
773 2905 829 2964 [itu
847 2903 1094 2984 disquisrverunr

56 3009 266 3077 laeohevaiier
298 3007 431 3088 eiusque
464 3009 670 3090 interpreter.
704 3005 823 3083 Bryant
848 3006 981 3086 aliique,
1015 3023 1095 3086 quor

55 3115 91 3174 in
118 3107 316 3194 praefatione
341 3108 459 3170 iudicat
481 3109 629 3169 Lonziur.
657 3107 738 3186 (Die
763 3105 874 3170 Ebene
898 3123 965 3168 von
986 3107 1093 3177 Troia.

62 3215 193 3294 ι796)

135 3411 182 3477 M
185 3412 251 3495 yri
257 3431 346 3474 nom
355 3409 373 3494 )
425 3409 480 3475 Gr.
498 3406 628 3498 Mupiua
646 3405 666 3474 i.
684 3399 815 3498 Μύρινα
833 3403 953 3492 prffint.
980 3409 1098 3474 Poetae
1222 3411 1223 3420 ’

57 3515 273 3600 penultimam
292 3513 491 3597 producunt,
516 3526 553 3574 ut
567 3511 700 3576 Homer.
718 3513 754 3575 ii.
772 3529 803 3582 2.
820 3525 903 3592 314.
930 3511 999 3596 (ubi
1022 3512 1106 3591 uite<

56 3637 133 3680 rum
154 3637 173 3679 ν
193 3627 278 3676 recte
295 3613 410 3674 sustulit
428 3615 552 3694 Heyne,
572 3633 744 3696 praeeunte
759 3617 854 3675 etiam
870 3612 1025 3675 Strabone
1038 3627 1096 3694 μα.

57 3741 92 3804 p.
118 3727 205 3799 594.
231 3713 252 3778 s.
275 3727 360 3794 575.
394 3728 502 3776 contra
523 3733 558 3776 ac
579 3714 650 3775 vult
671 3714 851 3777 Eustatiriua
880 3713 1033 3797 probante
1057 3713 1097 3775 arl

58 3839 138 3883 aum
161 3816 270 3879 Potito
287 3813 328 3880 T.
348 3831 380 3878 u.
400 3835 432 3897 p.
451 3817 550 3897 760.)
578 3813 728 3898 apollon.
750 3816 858 3878 unna.
881 3837 908 3886 r,
927 3815 1011 3894 604.
1032 3807 1104 3897 epi?

58 3937 205 4006 gramma
227 3917 313 4000 apud
339 3916 465 3980 Gruter.
487 3937 520 4000 p.
540 3927 624 3994 585.
647 3937 680 3978 n.
697 3930 730 3991 7.
753 3917 1022 3979 consentientibus
1041 3929 1100 3977 nu·

57 4025 134 4084 mie.
176 4017 480 4098 commemorantur
496 4031 602 4082 autem
616 4017 733 4101 piures,
758 4035 824 4080 non
840 4017 930 4087 (ittae,
956 4031 993 4077 ut
1008 4029 1100 4099 putat

58 4118 191 4188 sumat
215 4121 252 4182 itt
273 4119 376 4204 Solio.
397 4137 431 4204 p.
453 4139 499 4186 ru.
524 4120 609 4200 607.
640 4117 735 4182 huiue
758 4119 899 4206 nominis
923 4117 1032 4188 urbea.
1065 4121 1099 4178 in
1232 4117 1235 4126 '

652 4217 766 4282 ΚΜ
