2828 4966
328 417 371 479 50
600 403 759 461 uorra
801 401 1101 462 axuourrcau

329 575 513 638 Aristotelea
529 575 569 638 de
589 577 679 648 coelo
704 591 738 646 α,
763 591 797 638 Ω.
849 577 982 637 Initium
1004 589 1113 640 autem
1135 577 1334 647 ducebant.
1362 599 1379 638 u

329 679 454 740 Pliniua
473 695 504 748 2,
528 694 607 741 rra.
624 675 645 740 s.
667 689 747 756 108.
769 675 883 741 diserte
904 679 1047 761 explicat,
1073 679 1112 740 ab
1128 681 1237 742 India
1255 683 1298 742 ad
1318 681 1379 742 Her

330 779 409 842 culic
430 780 605 841 columnae.

407 983 512 1044 Zoni
520 1004 536 1042 s
544 981 563 1064 )
614 981 700 1044 Nota
722 996 820 1046 terrae
840 981 934 1046 sacies
956 983 1114 1046 dividitur
1133 986 1172 1046 in
1198 997 1223 1063 5
1250 983 1356 1068 spatia

330 1085 454 1169 plagas.
488 1103 566 1165 quae
594 1084 720 1148 Graecis
747 1081 847 1172 ζῶναι
873 1086 1041 1154 dicuntur,
1076 1087 1209 1150 Latinio
1249 1087 1379 1164 cingula

331 1189 449 1268 plagae
475 1184 495 1246 s.
514 1177 658 1275 fasciae.
709 1187 873 1269 Quoniam
907 1207 989 1248 zona
1019 1187 1061 1248 esl
1096 1185 1247 1270 spatium
1283 1201 1379 1249 terrar

333 1289 418 1369 quod
441 1288 568 1347 duobus
590 1288 713 1349 circulis
734 1288 907 1350 maioribus
930 1289 1120 1358 includitur,
1147 1308 1288 1350 nornen
1313 1309 1379 1349 acct

332 1401 450 1472 parunt
480 1407 579 1450 zonae
605 1408 622 1448 a
647 1404 757 1450 natura
783 1391 945 1458 locorum.
984 1391 1018 1450 in
1050 1389 1172 1470 quibua·
1207 1393 1379 1474 finguntur

334 1491 500 1552 Nimirum
515 1509 578 1550 una
599 1491 735 1559 torrida.
763 1491 843 1554 duae
862 1489 994 1575 frigidae
1015 1503 1048 1552 et
1070 1493 1150 1553 duae
1174 1505 1379 1572 temperatae

335 1592 473 1660 Circnli,
500 1591 615 1673 quibua
635 1595 825 1676 cinguntur,
855 1591 925 1652 sunt
947 1605 1096 1674 quatuor.
1121 1595 1301 1662 Anticus,
1334 1597 1379 1654 hu

335 1695 499 1760 tareticua.
522 1694 678 1773 Tropicua
693 1693 806 1756 Cancri
823 1706 856 1755 et
871 1695 1028 1774 Tropicue
1045 1693 1253 1774 Capricorni.
1287 1712 1379 1753 cura

336 1814 414 1857 vive
435 1793 511 1856 MS.
565 1795 673 1855 Latini
696 1797 791 1856 etiam
812 1795 1000 1878 plerumque
1021 1815 1060 1856 ex
1081 1793 1224 1856 solemni
1251 1793 1314 1856 usu
1339 1813 1379 1854 vo

336 1917 406 1960 cern
434 1895 584 1957 Graecam
611 1898 760 1960 retinent.
813 1897 932 1959 Meliue
966 1910 1073 1957 tamen
1100 1887 1247 1985 fascias
1283 1915 1379 1958 vocar

336 2011 450 2060 monet
472 1997 645 2058 Martianus
667 1999 793 2081 Capella
811 1999 844 2061 6.
871 2019 903 2081 p.
928 2017 973 2060 m.
1002 1998 1082 2076 196.
1117 2017 1179 2078 qua
1205 2017 1296 2059 voce
1322 1994 1377 2056 usu

338 2101 381 2162 est
400 2100 560 2160 luvenalis
582 2111 633 2177 14.
655 2111 738 2178 294.
775 2099 914 2179 Cingula
941 2097 1012 2158 sunt
1035 2097 1186 2160 Ciceroni
1211 2102 1248 2160 in
1272 2101 1378 2160 Somn

338 2203 422 2282 Scip.
440 2220 466 2261 c.
485 2201 519 2262 6.
543 2201 700 2260 Zonarum
722 2200 864 2281 quinque
881 2213 1042 2262 auctorem
1057 2201 1294 2261 Parmenidem
1317 2195 1375 2258 saci

339 2301 531 2364 Posidonius
553 2301 635 2381 apud
657 2301 803 2364 Strabon.
823 2315 855 2362 Ω.
873 2321 906 2382 p.
924 2303 984 2381 69.
1003 2300 1024 2362 s.
1045 2313 1105 2380 94.
1132 2315 1217 2382 quot
1237 2303 1273 2360 in
1296 2299 1379 2360 coelr

339 2401 478 2464 lacerant
491 2399 614 2464 Thalea
630 2417 663 2463 ct
684 2401 896 2488 Pythagoraa.
927 2401 1002 2464 teste
1021 2403 1192 2464 Plutarcho
1212 2405 1256 2463 rie
1281 2401 1379 2483 placit:

340 2501 456 2588 philos.
473 2519 504 2572 o,
528 2518 581 2564 ια.
607 2523 748 2584 quorum
765 2517 799 2564 et
823 2503 877 2564 hic
892 2506 925 2564 in
949 2517 1029 2565 terra
1044 2506 1186 2584 quinque
1204 2503 1316 2565 statuit
1338 2519 1378 2562 eo

341 2607 417 2667 clem
430 2605 599 2666 Plutarcho
616 2605 690 2666 telle
703 2619 733 2682 5,
757 2615 811 2676 rle.
839 2605 1062 2666 Parmenidcm
1080 2603 1205 2666 secutue
1222 2605 1269 2665 est
1286 2605 1378 2670 Zeno,

341 2707 427 2768 illiue
450 2705 630 2788 discipulus,
656 2705 819 2792 (Diogen.
838 2707 940 2769 Laert.
959 2722 992 2782 7.
1015 2727 1041 2768 c.
1059 2719 1117 2784 83.
1135 2703 1157 2768 s.
1179 2703 1291 2790 156.)
1318 2717 1377 2762 tun

341 2807 534 2879 Aristoteles,
557 2809 611 2869 etsi
628 2809 660 2868 in
678 2829 785 2870 earum
801 2809 1019 2870 conlocatione
1036 2827 1052 2868 a
1068 2808 1264 2868 Parmenide
1279 2803 1377 2888 paullt

343 2911 540 2990 discrepans,
569 2910 700 2988 (Strabo
729 2925 762 2971 a.
794 2931 826 2990 p.
851 2912 909 2985 65.
937 2907 957 2971 s.
980 2919 1029 2988 94
1051 2907 1113 2989 sq.)
1147 2907 1377 2974 Eratosthenes.

343 3009 547 3094 (Heraclides
567 3012 601 3070 in
622 3011 750 3094 allegor.
768 3011 929 3072 Homeric.
949 3031 981 3093 p.
997 3012 1082 3088 476.
1102 3009 1191 3084 Gal.)
1218 3024 1253 3071 et
1277 3009 1376 3090 ploret

343 3113 415 3181 alii.
442 3113 611 3194 inquibus
633 3112 794 3175 Straboa.
815 3133 846 3194 p.
864 3113 923 3176 66.
939 3109 959 3173 s.
978 3113 1037 3190 96.
1075 3111 1183 3194 Virgil.
1210 3111 1332 3192 Georg.
1356 3125 1376 3174 ι.

345 3227 430 3294 233.
458 3219 525 3295 tqui
548 3227 584 3274 ut
600 3215 693 3276 docet
708 3215 819 3274 luniue
835 3214 868 3272 in
885 3209 1091 3274 animadvers.
1110 3227 1142 3290 5,
1164 3223 1196 3288 5.
1221 3211 1274 3271 sua
1292 3207 1376 3270 duri!

345 3336 385 3379 ex
407 3311 637 3399 Eratosthene.)
664 3315 761 3376 Ovid.
786 3315 918 3377 Metam.
951 3335 978 3384 1,
1002 3324 1049 3392 45
1069 3313 1109 3393 sq.
1143 3312 1269 3374 Tibull.
1291 3321 1326 3388 4,
1356 3329 1375 3374 tt

351 3431 419 3494 152
438 3417 499 3498 sqq.
529 3417 650 3478 Plinius
669 3433 700 3486 a,
722 3417 801 3493 163.
853 3416 978 3477 Prolixe
995 3429 1116 3496 praeter
1131 3413 1324 3476 Strabonem
1343 3409 1375 3468 tlt

347 3519 387 3580 iis
408 3518 551 3580 disseruit
578 3517 758 3579 Macrobius
779 3519 813 3578 in
834 3518 947 3580 Somn.
970 3518 1052 3598 Scip.
1075 3534 1104 3584 c.
1127 3527 1157 3593 5.
1176 3529 1208 3576 et
1226 3531 1258 3588 7.
1288 3525 1322 3574 et
1345 3505 1374 3566 ul

348 3619 489 3682 nostrum
512 3621 618 3681 locum
647 3621 815 3682 Vadiauus.
867 3619 987 3679 Earum
1011 3617 1140 3701 vestigia
1166 3627 1324 3696 quaerunt
1348 3611 1374 3666 in

348 3717 437 3782 scuto
456 3723 584 3783 Achillia
605 3723 686 3802 apud
704 3722 838 3782 Homer.
859 3737 914 3787 oo.
940 3733 1022 3794 270.
1047 3722 1103 3800 qui
1120 3710 1255 3800 πτύχας
1275 3719 1374 3775 votat

349 3821 469 3904 dequo
492 3824 558 3884 rid.
578 3822 757 3884 Heracliden
774 3841 801 3884 c.
816 3821 838 3882 l.
873 3819 992 3883 Contra
1014 3821 1035 3883 6
1056 3839 1151 3880 zonas
1166 3819 1267 3880 statuit
1289 3813 1373 3887 Poly·

350 3922 432 3994 blut,
454 3923 528 3986 teile
543 3925 698 3986 Strabone
712 3940 741 3984 2.
758 3943 788 4003 p.
804 3922 863 3997 65.
881 3920 900 3983 s.
916 3923 975 4000 96.
995 3922 1071 3982 duas
1086 3919 1140 3980 sub
1156 3920 1278 3982 circulie
1295 3911 1373 3976 arcti<

352 4025 411 4093 cie,
439 4025 516 4086 duae
537 4027 620 4086 inter
639 4025 693 4084 haa
713 4035 747 4084 et
766 4025 939 4104 Tropicoa.
970 4023 1045 4084 duaa
1067 4025 1149 4082 inter
1170 4023 1325 4102 Tropicot
1346 4021 1372 4071 el

351 4127 572 4208 Aequatorem.
625 4125 762 4205 Polybio
788 4122 932 4187 adsensus
957 4123 1017 4197 att,
1052 4125 1105 4186 vel
1129 4124 1217 4186 idem
1247 4113 1372 4206 putavit
