2852 4946
296 413 360 490 45⁶
567 403 732 465 norea
771 406 1076 466 axuaarrcau

301 585 342 648 lic
357 580 553 666 Mopevellia
575 581 610 642 in
625 582 734 643 numia
748 593 880 642 vocatur
896 578 985 662 saepe
1002 600 1082 666 erpa.
1106 575 1237 654 ασυλος.
1273 577 1330 640 Sed

301 699 335 752 et
358 683 579 766 Pamphyliam
603 681 709 744 adiiffe
734 694 767 743 et
793 683 906 744 incolis
928 679 1155 762 frequentatio,
1189 679 1331 762 quaedam

300 790 443 852 innuunt
468 785 509 847 de
535 783 708 848 Calchante
731 783 815 864 apud
843 783 1003 866 Quintum
1030 781 1153 845 Calabr.
1181 793 1234 861 14.
1257 781 1330 859 568.

300 907 396 974 porro
410 886 498 969 quod
511 885 636 948 Plinius
652 905 679 951 c.
693 884 715 948 l.
734 881 851 955 scribit,
871 883 1093 965 Pamphyliam
1110 896 1201 944 antea
1217 878 1332 961 Moplo·

300 995 389 1077 piam
415 986 602 1068 adpellatam
624 983 725 1050 luille.
774 985 840 1050 Sed
861 982 933 1048 latia
956 997 1081 1048 eertum
1100 983 1186 1048 adest
1207 981 1333 1046 teliimo·

301 1095 396 1157 nium
420 1088 536 1152 Melae.
1262 1095 1264 1098 ·

690 1357 830 1426 CAP.
878 1359 954 1424 XV.

605 1524 1035 1577 tactu.

462 1697 494 1775 §.
526 1715 555 1757 ι.
608 1692 790 1776 Lycia)
846 1694 902 1759 Gr.
925 1689 1047 1758 Auula.
1099 1692 1233 1758 Nomen
1258 1687 1336 1752 Mela

305 1797 426 1860 derivat
439 1817 456 1858 a
467 1799 564 1876 Lyco.
585 1796 761 1858 Pandionia
775 1795 851 1868 lilio.
870 1799 904 1857 in
919 1815 983 1878 quo
998 1792 1234 1858 consentientes
1248 1793 1337 1854 hahet

304 1899 511 1962 Herodotum
532 1919 560 1968 ι,
582 1911 662 1978 175.
688 1896 835 1960 strabon.
853 1913 906 1960 ra.
923 1918 955 1980 p.
970 1893 1084 1979 394AE
1098 1909 1184 1976 573.
1211 1891 1335 1958 Pansan.

311 2021 341 2070 a,
365 2017 419 2081 19,
434 2012 469 2078 4.
496 1997 696 2080 Stephanum
711 1997 744 2058 h.
762 2018 795 2061 v.
820 2013 853 2060 et
872 2018 910 2060 ex
932 2016 971 2059 eo
994 1996 1197 2059 Euslathiurn
1212 1997 1249 2058 ed
1266 1993 1336 2054 Dio·

304 2099 373 2182 nyl.
391 2121 422 2163 r.
442 2110 526 2180 847.
551 2101 637 2161 etad
654 2099 787 2162 Homer.
804 2098 842 2162 11.
858 2114 892 2170 a,
909 2099 993 2182 376.
1009 2118 1041 2182 p.
1054 2113 1198 2178 m.279.
1224 2115 1261 2159 ex
1276 2093 1337 2176 qui·

303 2200 366 2262 bue
381 2201 478 2283 aliqui
498 2199 637 2269 addunt.
660 2219 735 2262 eum
750 2200 788 2261 ab
802 2199 920 2284 Aegeo,
942 2197 1046 2270 fratre.
1069 2199 1205 2262 Athenis
1220 2194 1337 2280 pulsum

303 2303 340 2363 in
355 2301 436 2364 hanc
449 2304 615 2385 regionem
631 2301 668 2362 ad
679 2300 895 2384 Sarpedonem
912 2298 1103 2385 confugiffe;
1128 2299 1214 2382 iploa
1229 2297 1337 2377 Lycios

305 2417 396 2465 antea
410 2403 564 2465 Termilas
579 2402 679 2464 dictor
699 2400 798 2465 inille.
831 2419 1037 2464 raecnvcun.
1083 2403 1148 2465 Sed
1165 2403 1247 2463 ratio
1264 2413 1336 2458 tem

181 2525 188 2535 ·
304 2504 392 2586 poria
406 2523 474 2564 non
490 2503 646 2586 congruit,
670 2516 707 2562 ut
720 2503 754 2563 iu
769 2503 903 2564 eandem
915 2515 1050 2564 aetatem
1063 2500 1253 2572 referantur,
1275 2499 1336 2561 Sar·

303 2604 427 2686 pedon,
458 2601 580 2664 Minoia
596 2603 622 2665 1.
645 2617 677 2664 et
699 2603 935 2666 Rhadamanthi
955 2601 1049 2666 irater
1072 2599 1135 2692 [cf.
1154 2603 1334 2686 apollodor.

306 2717 339 2784 5.
360 2727 388 2774 a.
409 2722 447 2774 ιι
474 2701 635 2764 Diodorus
658 2705 720 2766 Sic.
741 2715 776 2780 5.
798 2698 878 2790 78.]
906 2717 939 2766 et
962 2705 1082 2783 Lycur,
1115 2703 1212 2766 frater
1234 2701 1335 2786 Aegei.

302 2805 359 2888 qui
385 2806 448 2866 iam
470 2824 547 2866 cum
576 2803 689 2868 Minoe
713 2801 851 2867 secundo
878 2817 966 2868 atrox
992 2801 1083 2891 geffit
1108 2804 1241 2868 bellum.
1268 2797 1335 2891 [Cf.

302 2907 440 2969 Diodor.
456 2907 517 2968 Sic.
534 2915 567 2984 4,
586 2907 632 2968 oo
652 2899 716 2992 lep]
755 2906 905 2969 Errorem
923 2907 998 2968 inde
1014 2921 1123 2969 ortum
1145 2919 1235 2991 puto.
1253 2900 1336 2988 quod

302 3010 338 3070 in
360 3007 454 3088 Lycia
476 3006 544 3089 poli
564 3009 782 3090 Sarpedonem
803 3007 829 3070 1.
853 3008 1033 3092 regnaverit
1054 3007 1130 3069 dein
1155 3009 1237 3072 aliut
1260 3011 1335 3069 eiua·

301 3110 377 3172 dem
401 3109 543 3171 nominis
557 3110 638 3171 circa
651 3107 727 3171 belli
742 3109 875 3171 Troiani
893 3123 1047 3191 tempora.
1085 3109 1166 3172 Vide
1187 3121 1236 3181 et.
1261 3123 1335 3192 qnae

164 3255 168 3264 .
301 3211 413 3273 notavi
437 3211 471 3270 in
493 3209 696 3295 Aegyptiacis
722 3211 804 3272 mele
824 3228 893 3294 cap.
920 3221 976 3287 15.
1014 3227 1232 3274 rantzoutva.
1289 3209 1335 3270 De

300 3311 539 3393 Sarpedonum.
573 3312 626 3374 ari
656 3324 689 3373 et
720 3305 867 3394 nepotis.
898 3310 1120 3374 commistione
1148 3312 1234 3394 apud
1263 3309 1335 3372 aiiot

300 3413 398 3474 etiam
428 3410 497 3474 vid.
534 3411 649 3493 Heyne
682 3414 721 3473 ad
747 3411 934 3494 Apollodor.
955 3425 988 3493 5,
1017 3430 1048 3483 a.
1074 3431 1104 3477 a.
1130 3431 1162 3494 p.
1186 3431 1233 3475 m.
1255 3423 1334 3488 523.

299 3512 451 3576 Accurate
469 3525 642 3595 utrumque
659 3513 799 3576 distinxit
813 3513 947 3574 Diodor.
965 3525 998 3590 5,
1016 3527 1076 3593 79.
1109 3511 1237 3596 Nempe
1254 3529 1335 3574 error

300 3613 340 3676 fic
362 3615 620 3696 deprehenditur,
645 3615 731 3695 quod
749 3613 965 3694 Sarpedonem
984 3613 1070 3676 hunc
1092 3613 1216 3675 Minoia
1234 3615 1259 3677 l.
1281 3611 1333 3674 fra·

299 3703 382 3776 trem
415 3717 625 3798 Europaeque
657 3715 759 3776 filium
792 3711 915 3775 iaciunt
948 3714 1131 3778 Herodotus
1163 3730 1196 3776 et
1223 3713 1331 3777 Strabo

299 3835 327 3878 e.
345 3835 372 3878 c.
389 3815 411 3880 l.
426 3817 449 3878 1.
484 3819 610 3901 Aegeus
627 3828 745 3885 autem,
769 3816 860 3877 cuiue
875 3812 969 3878 irater
989 3813 1051 3876 luit
1066 3816 1179 3894 Lycus,
1201 3819 1255 3878 diu
1270 3813 1332 3899 post

297 3919 396 3988 vixit,
429 3929 466 3977 ut
489 3936 527 3978 ex
552 3918 635 3980 bello
652 3911 817 3998 potiffimo
840 3913 986 3986 discitur,
1016 3917 1197 3998 quodcum
1223 3917 1330 3976 Minoe

297 4016 447 4090 fecundo,
463 4019 560 4100 primi
574 4035 705 4102 nepote.
720 4010 822 4101 geffit.
849 4017 950 4079 Recte
964 4019 1061 4104 igitur
1075 4018 1137 4080 iam
1154 4017 1330 4079 Etrssathiua

294 4119 334 4182 ad
366 4119 501 4184 Homer.
527 4139 555 4187 c.
579 4121 602 4186 l.
635 4119 784 4194 monuit,
819 4132 994 4206 utrumque
1022 4119 1241 4208 Sarpedonem
1274 4115 1325 4179 hit
