2828 4966
156 379 205 434 ra*
235 380 415 434 coare.
456 380 586 436 ntur„
630 379 710 434 ur.
751 375 841 434 cn.
884 375 961 447 ti.
1075 389 1117 454 65

43 543 406 624 linei.e¹;'stasaoo‘<,
442 557 503 614 nti
525 553 678 614 Diodoro
700 563 752 630 ¹8·
773 561 804 628 5.
846 541 967 633 ἣπρός
989 543 1029 614 ’ἔω
1054 545 1114 614 9&-

42 645 119 712 'nrru
144 655 306 714 Straboni
343 678 413 716 ιι.
452 677 493 736 p.
524 669 612 732 549.
639 653 656 714 s.
683 667 766 730 5⁰⁷·
808 648 896 726 Ἠὼς
920 667 1026 712 atatem
1053 671 1111 734 pro

45 747 174 838 iamsi,
208 757 310 816 unde
339 753 578 828 ἂνατολικός
600 757 732 837 explicat
757 753 897 816 Eullath.
916 756 951 814 ad
977 751 1110 834 Dionys.

46 855 124 924 mo.
162 857 261 918 idem
279 877 375 918 vero
405 860 452 918 ad
476 879 513 916 v.
541 869 597 934 eg.
622 859 758 918 eundem
775 857 871 916 etiam
890 856 1036 916 indicum
1052 873 1109 914 vo·

48 955 225 1026 adscribit,
258 973 297 1020 et
322 955 396 1022 τόν
423 953 547 1022 νότιον
573 959 724 1040 intelligit
746 957 786 1018 de
805 957 981 1036 Erythraeo
1003 969 1035 1016 et
1051 955 1109 1016 Ae·

47 1057 161 1136 tliopico
177 1074 374 1139 praeeunte
396 1059 478 1142 ipso
498 1059 655 1138 Dionysio
670 1079 703 1121 v.
722 1061 767 1136 56
782 1056 822 1138 sq.
850 1077 944 1138 onem
961 1069 993 1118 et
1006 1057 1110 1116 reddi·

48 1156 141 1217 derunt
154 1158 317 1222 Priscian.
346 1183 388 1220 v.
413 1163 471 1239 nsi
489 1159 534 1242 sq.
564 1175 596 1220 et
620 1161 760 1220 Avienus
784 1180 816 1221 v.
840 1160 885 1228 67
906 1157 948 1238 sq.
999 1159 1051 1219 Sic
1073 1171 1108 1218 et

49 1259 264 1339 lgatlternerns
289 1279 329 1332 2,
355 1273 423 1340 14.
448 1263 490 1322 ad
517 1277 627 1320 ortnm
651 1260 721 1320 sniis
736 1259 829 1320 habet
848 1261 951 1320 Eoum
969 1271 1000 1318 et
1024 1259 1107 1318 lnrli·

49 1377 107 1418 cum
135 1360 334 1436 Oceanum,
376 1365 422 1424 ad
459 1365 632 1424 meridiem
665 1357 722 1424 τὸν
749 1357 873 1432 νότιον,
908 1361 950 1420 ita
976 1373 1011 1418 ut
1037 1377 1108 1440 pert

47 1463 149 1520 orienti
169 1466 310 1545 propior
335 1463 378 1524 srt
399 1481 495 1524 mare
514 1464 664 1532 rubrum,
692 1463 849 1524 occidenti
867 1461 1105 1541 Aethiopicum.

46 1559 155 1623 Contra
169 1565 291 1626 Strabo
322 1577 389 1643 ¹5·
418 1585 454 1646 p.
472 1575 559 1644 474.
580 1564 601 1627 s.
619 1566 701 1642 689.
733 1565 838 1625 Eoum
864 1583 949 1624 mare
974 1561 1105 1622 secernit

23 1649 132 1723 'etam
147 1665 186 1726 ab
203 1667 341 1734 indico.
373 1669 460 1726 ‹lum
479 1669 602 1726 indiam
620 1667 762 1726 extendit
778 1665 815 1724 ah
836 1665 946 1726 Ariana
963 1665 1000 1722 ad
1017 1681 1104 1726 mare

43 1761 164 1835 Eoum,
199 1767 341 1828 australe
367 1781 405 1828 et
430 1769 585 1828 orientale
608 1767 687 1828 latur
719 1767 826 1828 indiae
851 1767 885 1824 in
909 1765 1103 1826 Atlanticum

42 1867 169 1949 pelagus
192 1889 402 1950 procurrere
426 1869 517 1930 dicit.
557 1867 607 1931 Cs.
634 1889 687 1928 rr.
712 1889 744 1948 p.
771 1883 854 1946 3149.
878 1865 898 1928 s.
915 1879 998 1942 507·
1050 1867 1103 1926 Sic

42 1972 75 2022 ad
92 1971 271 2029 meridiem
291 1971 452 2030 indicum
470 1991 555 2031 mare
571 1971 687 2030 hebent
706 1970 907 2030 Ptolemaeus
921 1981 954 2038 7.
979 1989 1008 2028 ι.
1021 1979 1053 2028 et
1068 1980 1102 2029 Ω.

1 2103 2 2106 =
42 2081 73 2124 et
99 2069 291 2130 Marcianus
317 2091 352 2150 p.
379 2083 438 2147 25.
463 2086 495 2131 et
519 2083 575 2148 28.
601 2069 696 2130 lindi.
733 2073 771 2130 ad
806 2072 962 2130 orientem
999 2067 1102 2126 linum

41 2185 201 2251 magnum
223 2173 332 2232 iidem
348 2191 396 2233 cc.
412 2172 445 2233 ll.
481 2171 607 2253 Nempe
621 2173 673 2232 alii
694 2173 840 2232 indicum
857 2189 941 2230 mare
957 2165 1102 2228 latissime

43 2265 77 2326 in
101 2269 281 2332 Orientem
306 2285 341 2333 et
365 2273 566 2334 occidentem
598 2272 681 2355 (alio
703 2273 760 2332 litu
784 2271 827 2334 esi
854 2273 886 2331 in
909 2265 1101 2354 meridiem)

44 2373 241 2456 porrigunt,
274 2375 329 2431 nti
350 2389 439 2455 petet
457 2395 497 2434 ex
518 2376 736 2458 Agathemero
749 2391 780 2442 2.
802 2385 857 2451 ¹4·
883 2389 914 2430 et
932 2371 969 2430 src
988 2374 1019 2430 in
1037 2368 1101 2452 ipse

45 2487 84 2526 te
104 2473 330 2536 consentiunt.
385 2475 513 2536 Conslat
530 2493 636 2536 etitem
655 2476 708 2534 libi
731 2475 816 2534 Mela
832 2493 907 2534 cum
922 2473 1039 2538 Plinio,
1064 2483 1101 2531 ut

60 2565 141 2633 [erin
164 2576 274 2635 hniue
304 2576 417 2656 capitis
444 2577 596 2648 declarem
623 2593 652 2636 et
679 2573 744 2635 loca
770 2577 839 2638 alie·
891 2572 942 2636 Cl.
962 2587 994 2652 3,
1013 2587 1045 2644 7,
1070 2593 1100 2636 r.

60 2683 86 2728 tt
108 2689 141 2734 2.
178 2677 241 2735 ubi
265 2675 414 2738 nostrum
439 2677 545 2737 locum
575 2675 708 2756 respicit.
758 2677 798 2734 Et
831 2679 869 2736 tic
895 2676 1007 2734 iisdem
1033 2671 1099 2734 sere

60 2775 157 2838 rabir
172 2777 307 2838 Plinius
324 2779 358 2845 6,
376 2793 435 2838 21.
452 2776 472 2839 s.
498 2791 551 2848 17.
606 2779 690 2838 iiiuc
706 2779 847 2837 Taurum
869 2775 907 2835 ab
930 2776 1006 2834 Eois
1028 2775 1099 2834 lito·

61 2873 136 2936 ribus
161 2879 259 2938 ducit
283 2898 313 2948 ι,
336 2889 439 2952 15,2.
470 2899 542 2938 curn
564 2879 671 2939 Plinio
691 2891 720 2954 5,
744 2893 802 2943 27.
833 2893 866 2938 et
887 2874 1005 2936 diversa
1028 2892 1099 2954 pro·

61 2975 214 3054 pressione
240 2978 283 3039 ad
311 2979 508 3041 Orientalern
535 2980 700 3042 Oceanum
727 2989 898 3062 promovet
919 2978 1041 3040 Arriae.
1063 2975 1099 3036 in

62 3073 120 3141 lud.
145 3101 221 3162 up.
247 3097 288 3144 e.

124 3283 149 3342 1
156 3281 350 3362 udices)
406 3281 500 3366 Atqui
526 3281 564 3344 ab
585 3283 718 3346 Oriente
743 3283 782 3344 sic
802 3280 948 3364 appellari
977 3277 1097 3362 potuit.

65 3378 112 3442 Sed
143 3385 350 3468 geographie
382 3399 475 3446 vetur
510 3386 662 3446 lndornm
692 3400 786 3447 terrae
813 3387 949 3443 maxime
983 3379 1097 3450 lletnir,

67 3501 129 3560 pue
149 3483 353 3567 respicerent
376 3485 481 3547 versun
501 3487 680 3554 meridiem,
703 3487 787 3568 quod
809 3487 849 3545 ita
871 3486 968 3567 longo
986 3495 1097 3543 tenore
1205 3511 1210 3520 ·

65 3589 275 3654 ontinnarur.
300 3600 339 3646 ut
354 3602 456 3667 partes
471 3587 607 3650 litorales
626 3609 726 3669 prope
745 3584 847 3668 ipsum
865 3583 977 3648 Nilum
993 3583 1098 3643 adhuc

69 3683 272 3748 describerent
293 3685 350 3746 sub
365 3691 500 3750 nomine
520 3690 695 3760 ludorum
719 3689 805 3750 unde
819 3688 902 3770 apud
922 3685 1098 3745 Martialem

68 3799 90 3858 7.
109 3806 167 3866 29.
192 3785 251 3873 [7‚
273 3803 334 3867 30.
349 3783 406 3874 4.]
434 3791 590 3870 rtnvr'gatn
607 3787 707 3850 rustris
722 3803 752 3849 et
770 3791 857 3870 niger
875 3786 977 3848 Indus
994 3787 1096 3868 cquis.

3 3944 7 3978 f
61 3886 145 3948 i'ntle
169 3892 270 3950 etiam
295 3890 478 3951 Victorinus
500 3893 581 3973 apud
604 3893 752 3955 Servium
776 3892 813 3955 ad
833 3889 941 3970 Virgil.
966 3890 1044 3948 Aen.
1063 3895 1098 3966 4,

66 4001 141 4066 3²3.
163 3991 258 4061 dixit,
290 4011 381 4052 mare
402 3991 535 4052 rubrum
559 3990 637 4062 elle,
670 3993 755 4073 qrrod
784 3991 826 4052 ott
852 3992 938 4050 iurtta
962 3989 1097 4050 tndiam.

8 4160 13 4177 ·
66 4107 303 4157 tcaorovrve
322 4093 402 4155 MS.
457 4090 508 4157 Cl.
532 4093 677 4178 proxime
699 4105 817 4156 uotam
