2892 4950
61 351 65 356 ’
202 391 556 452 turoneum.
597 392 680 450 ut
721 391 886 458 oxvm.
923 392 1003 466 ss·
1063 404 1127 470 oss

86 568 226 634 Homer.
241 587 272 630 c.
294 567 316 629 l.
350 563 535 630 Broulthus.
560 563 602 627 sd
617 563 767 652 Propere.
786 579 820 643 3.
841 589 873 640 r,
893 581 950 645 31.
985 563 1128 632 Bentlei.

87 670 132 734 ad
155 671 270 732 Horat.
295 683 328 744 3.
350 667 405 732 od.
424 681 459 746 3,
486 681 543 744 23.
582 668 762 730 Buirnann.
792 667 834 728 ad
858 664 956 732 Ovid.
980 665 1070 754 epill.
1095 691 1126 742 r,

86 782 152 854 43.
175 803 224 819 -
260 765 310 833 At
330 768 393 831 Ilio
415 783 543 850 autem,
570 767 660 854 quod
682 763 730 830 ait
751 763 880 831 Plinius
894 779 929 848 5,
947 783 1005 848 33.
1025 769 1126 848 [30.

86 872 192 938 omnir
208 891 307 934 rernm
324 869 471 939 cleriter,
498 887 565 954 quo
590 865 722 952 respicit
744 869 870 934 bellum
886 868 1079 934 Troianum
1093 885 1128 936 et

88 967 371 1057 expugnationem
394 967 522 1032 urbise
544 967 679 1033 Graecis
701 969 840 1045 sactam;
873 991 952 1034 nam
976 987 1010 1036 et
1029 985 1128 1036 antea

87 1075 130 1138 ab
153 1074 298 1136 Hercule
324 1087 358 1134 ot
375 1067 599 1134 Amazonibus
623 1087 845 1154 expugnatam
864 1072 1009 1138 tradunt.
1059 1071 1126 1137 Sed

87 1175 174 1238 haee
195 1193 265 1236 non
286 1191 408 1236 moror.
459 1171 510 1234 De
528 1173 588 1236 sstu
606 1167 659 1236 llii
680 1169 749 1234 iam
770 1169 851 1236 olim
866 1177 1048 1260 quaesitum
1070 1173 1126 1246 est.

86 1275 300 1340 Remanserat
324 1271 361 1335 in
386 1267 445 1336 illo
478 1289 586 1336 tractu
619 1271 789 1336 Strabonis
822 1287 927 1338 aetate
959 1273 1126 1340 Iliensium

85 1396 205 1462 pagus.
235 1375 342 1438 'Nam
362 1373 453 1459 quod
474 1373 582 1459 postea
604 1372 733 1438 dictum
756 1375 800 1437 esi
821 1371 936 1449 Ilium,
971 1375 1063 1443 atiud
1082 1375 1128 1440 est

86 1475 285 1565 dispersoque
308 1479 385 1546 sttu,
416 1490 454 1538 ut
474 1471 636 1560 prolixius
653 1495 694 1538 ex
714 1479 860 1540 Homero
877 1475 992 1542 docuit
1008 1479 1127 1542 Strabo

92 1594 150 1658 ¹3·
173 1597 246 1663 pag.
263 1589 336 1658 408
353 1578 419 1662 sqq.
444 1577 465 1640 s.
483 1589 554 1658 593
571 1576 636 1662 sqq.
663 1597 703 1640 ex
724 1597 790 1663 quo
813 1575 965 1653 discitur,
993 1593 1038 1658 30
1056 1578 1127 1642 fere

88 1678 199 1744 stadiis
216 1701 234 1741 a
248 1695 360 1742 vetere
379 1675 441 1740 llio
456 1677 568 1741 versuo
585 1675 748 1742 orientem
763 1676 909 1744 abfuisse.
942 1681 993 1746 td
1012 1699 1126 1744 recen·

87 1780 155 1846 tius
182 1777 298 1842 reserri
324 1779 446 1842 debent
473 1775 733 1862 expugnationes
762 1777 1004 1844 acharidemo
1029 1783 1126 1860 (Plu-

87 1884 193 1948 tarch.
210 1879 247 1944 in
262 1877 400 1945 Sertorii
415 1877 483 1944 vita
499 1877 546 1944 in.
570 1882 724 1960 Polyaen.
736 1896 770 1959 3,
786 1885 861 1962 14.)
889 1896 921 1944 et
935 1902 952 1943 a
966 1879 1126 1956 Fimbria,

86 1985 225 2064 (Strabo
246 1998 300 2061 13.
317 2005 351 2068 p.
364 1993 451 2062 4⁰8·
468 1980 490 2046 s.
505 1991 589 2062 594.
615 1979 755 2066 Appian.
769 1979 805 2044 in
823 1978 975 2046 Mithrid.
998 2001 1028 2047 o.
1044 1987 1124 2062 53.)

87 2089 146 2150 etsr
162 2104 231 2147 non
249 2099 339 2146 recte
360 2085 491 2148 Orosius
507 2087 541 2156 6,
568 2101 600 2150 o.
624 2085 791 2167 antiquam
815 2083 904 2145 illam
924 2085 1049 2146 Romae
1066 2104 1128 2166 pn·

86 2199 207 2250 rentem
227 2201 335 2248 vocat.
376 2181 520 2248 Romani
535 2181 593 2248 illi
620 2181 866 2247 immunitatem
887 2183 1125 2252 concesserunt.

88 2285 196 2367 (Plin.
212 2307 241 2350 c.
260 2288 283 2348 l.
308 2287 394 2350 conl.
412 2282 571 2350 Suetonio
587 2282 623 2348 in
637 2283 779 2352 Claudio
798 2305 868 2370 cap.
883 2289 959 2366 25.)
998 2283 1066 2350 Sed
1080 2283 1124 2350 es.

86 2385 147 2477 qui
173 2389 214 2450 de
236 2385 299 2450 llio
322 2385 432 2452 omnia
454 2407 562 2470 nuper
589 2389 603 2465 (
616 2392 740 2466 raus.)
767 2407 809 2450 ex
832 2383 1022 2450 auctoribus
1046 2404 1125 2454 eon·

87 2488 205 2576 quisita
231 2486 403 2574 proposuit
431 2489 598 2552 Chantller
627 2485 663 2550 in
686 2488 743 2552 the
765 2485 887 2570 history
907 2488 944 2550 of
961 2485 1062 2554 Ilium
1086 2507 1126 2556 ot

86 2587 190 2672 Troy.
244 2587 297 2652 llii
320 2585 431 2652 ruinas
454 2588 500 2652 sat
524 2591 648 2673 amplas
677 2585 841 2674 descripsrt
866 2591 971 2654 Belon
997 2589 1124 2660 observ.

89 2711 123 2765 o,
144 2693 177 2758 6.
199 2713 232 2775 p.
250 2701 310 2767 80.
330 2687 451 2754 ueteris
468 2705 578 2752 tamen
599 2711 642 2751 ne
661 2687 795 2773 vestigia
816 2689 952 2776 quidem
968 2691 1125 2777 superesse

87 2791 206 2857 docuit
232 2789 413 2864 Woodius‚
448 2787 506 2876 qui
536 2787 592 2854 illa
620 2793 694 2854 loca
724 2793 981 2875 perlustraverat.
1033 2794 1124 2854 Tum

85 2915 188 2966 vero,
223 2913 307 2978 quae
329 2889 416 2954 vidit
441 2888 591 2976 lapidum
623 2908 656 2955 et
686 2895 916 2956 columnarum
942 2891 1125 2976 fragmenta

85 2997 242 3062 Pococlte
257 2997 298 3057 T.
318 3009 349 3070 3.
371 3016 406 3076 p.
425 3005 504 3072 155.
529 2993 571 3056 ad
591 3011 718 3056 novum
734 2990 833 3054 llium
853 2989 968 3054 referri
991 2993 1124 3058 debent.

84 3097 201 3162 Nostra
217 3111 323 3158 aetate
339 3096 380 3156 tle
397 3092 449 3156 llii
466 3097 525 3156 srtu
539 3091 681 3179 quaestio
699 3090 875 3170 referbuit,
902 3114 942 3154 ex
959 3111 1025 3178 quo
1043 3107 1124 3154 tem-

85 3217 170 3284 pore
190 3191 395 3280 diligentiori
423 3215 501 3258 cura
523 3191 615 3260 illam
640 3191 812 3278 regionem
833 3193 1069 3278 perlustrarunt
1089 3207 1125 3260 et

86 3296 329 3382 descripserunt
350 3293 417 3361 viri
444 3291 553 3368 docti,
586 3293 768 3381 inquibus
796 3292 967 3368 choiseul,
1001 3295 1126 3359 Leche-

84 3397 211 3472 valier,
244 3417 387 3483 quorum
408 3394 486 3462 libri
508 3393 591 3458 editi
613 3394 820 3482 aliorumque
840 3393 942 3460 etiam
958 3393 1071 3458 studiis
1092 3410 1127 3464 et

85 3495 416 3585 interpretationibus
435 3493 595 3562 inlustrati
613 3497 704 3570 sunt,
736 3500 790 3560 vel
814 3495 915 3560 etiam
931 3493 1125 3582 disputatio·

85 3623 145 3667 nes
163 3597 306 3666 aliorum
322 3595 524 3672 excitarunt,
550 3601 662 3684 quales
684 3597 864 3674 emiserunt
883 3603 1023 3679 Bryant,
1048 3599 1124 3662 Dal·

86 3707 152 3768 sel.
174 3735 224 3752 -
257 3702 357 3764 Vetus
375 3696 476 3762 lliuru
490 3697 667 3783 saepissrme
683 3697 792 3762 latiori
809 3701 900 3766 sensu
917 3699 956 3765 ab
973 3695 1043 3782 ipso
1057 3699 1124 3760 Ho·
1232 3757 1236 3766 .

85 3823 181 3870 mero
200 3803 296 3866 Troia
310 3817 458 3874 vocatur,
484 3821 568 3887 quae
585 3799 719 3886 proprie
735 3799 827 3884 regio
844 3801 897 3872 est,
923 3798 960 3864 iu
980 3819 1043 3884 qua
1060 3795 1127 3862 suit

85 3905 207 3978 Ilium,
233 3918 392 3965 monente
406 3899 523 3966 Servio
541 3903 582 3964 ad
598 3899 804 3986 VirgilAen.
825 3924 854 3965 r.
871 3898 919 3964 in.
954 3899 1005 3968 Ci.
1020 3900 1125 3964 Cella·

84 4006 157 4072 rius
181 4003 218 4068 in
235 4007 355 4088 Geogr.
373 4019 439 4066 snt.
458 4019 491 4080 3,
511 4017 543 4080 3,
562 4013 622 4082 48.
674 4003 723 4066 Ab
745 3999 807 4064 llio
829 4017 939 4063 autern
958 3997 1129 4066 deseendit

84 4103 212 4196 gentile
232 4098 360 4186 Ἰλιεὺς,
384 4120 418 4171 et
438 4101 520 4172 hine
536 4101 573 4169 in
592 4101 711 4170 multis-
722 4099 834 4170 numia
854 4098 976 4190 legitur
996 4099 1126 4182 'liutran
