2764 4954
318 362 382 430 eta
588 346 753 407 uonna
793 348 1092 410 nxaonrrcaa
1224 351 1230 370 ·

321 521 455 592 Diabas
471 521 510 585 ars
529 519 642 582 urbem
658 518 795 584 Ninum.
823 539 1041 586 avanauuva
1054 522 1131 588 MS.
1175 519 1259 584 Male
1271 538 1340 583 vero

322 629 417 692 etiam
442 625 518 686 binc
540 621 718 704 Stephanus
738 617 759 684 s.
784 641 818 685 v.
840 619 952 712 Mira).
985 637 1019 688 et
1039 625 1173 688 Taetaea
1196 623 1234 684 ad
1257 623 1342 700 Lyco·

324 729 442 816 pirron.
458 746 493 788 v.
510 733 594 802 704.
619 734 658 782 ut
674 733 759 784 recte
777 739 890 786 omnee
912 739 1066 798 monent,
1097 725 1221 808 decepti
1242 719 1343 784 scilieet

325 833 464 894 duorum
482 825 656 887 fluviorum
679 821 820 894 ambitu.
853 843 927 886 cum
948 845 1024 888 vere
1045 841 1151 888 tamen
1171 827 1343 906 diecrepent.

325 933 379 996 Sic
394 927 507 990 diserte
520 939 685 1004 utramque
700 924 864 1008 regionem
878 925 1044 1013 distinguit
1054 927 1226 990 Herodian.
1238 938 1267 1005 3,
1277 942 1306 1004 9·
1315 935 1343 999 5.

325 1046 360 1097 et
381 1031 459 1092 hinc
478 1026 562 1109 apud
587 1025 735 1086 Tacitum
756 1025 872 1088 Annas.
900 1042 953 1099 ι9,
979 1041 1036 1108 13.
1062 1017 1245 1117 trotarmiffo
1267 1043 1345 1086 omne

329 1132 428 1214 Tigri,
446 1137 608 1210 permeant
616 1121 802 1190 Adiabenos.
828 1126 971 1191 Hoisten.
987 1127 1188 1211 adStephan.
1202 1147 1234 1213 p.
1249 1137 1279 1204 8.
1299 1123 1347 1184 ubi

327 1235 415 1296 idem
435 1240 562 1298 monet,
590 1223 742 1288 Mesenen
758 1225 913 1289 diversam
928 1225 1002 1291 iacit
1018 1228 1056 1292 ab
1071 1229 1249 1300 Adiabene,
1272 1239 1302 1288 et
1318 1228 1348 1284 in

327 1329 559 1414 Mesopotamia
585 1327 689 1410 ponit.
760 1327 887 1411 Nempe
921 1329 1082 1394 Messenen
1116 1331 1214 1394 etiam
1244 1327 1349 1390 dicum

328 1433 389 1498 esse
407 1429 594 1495 Adiabenen
617 1441 651 1490 et
675 1425 941 1511 Mesopotamiam
962 1429 1067 1493 sorisrit
1087 1431 1266 1515 Stephanus
1286 1447 1310 1488 c.
1329 1425 1349 1486 l.

328 1532 404 1597 salso
424 1531 572 1614 quidem,
604 1530 676 1610 quia
698 1525 880 1611 scripturae,
911 1551 928 1594 a
947 1531 1062 1614 quibua
1084 1541 1350 1595 commemoratur,

188 1636 194 1647 “
330 1636 489 1716 separant,
514 1643 551 1693 ut
570 1629 655 1720 Plio.
671 1631 704 1699 6.
729 1643 786 1709 3ι.
809 1629 829 1695 s.
844 1647 904 1710 97.
935 1634 993 1714 qui
1015 1635 1098 1695 inter
1119 1633 1202 1695 duoe
1224 1627 1350 1714 Tigridis

330 1739 438 1800 alveos
467 1734 572 1816 ponit.
624 1731 724 1792 Recte
750 1731 848 1816 igitur
874 1731 1015 1796 Messene
1046 1733 1089 1797 est
1114 1729 1351 1816 Mesopotamiae

330 1857 419 1922 pare.
454 1853 523 1896 non
545 1835 624 1894 item
654 1831 833 1903 Adiabena,
868 1853 947 1915 quaa
969 1847 1053 1898 uana
1074 1835 1191 1920 Tigrin
1214 1845 1292 1901 erat,
1320 1840 1352 1888 ut

331 1937 488 2020 superiora
510 1933 644 2003 docent.
670 1947 703 1994 et
722 1935 853 1996 nomina
869 1933 1015 2006 urbium.
1041 1934 1138 2006 Nini.
1165 1933 1352 1998 Arbelorum·

333 2035 616 2123 Gaugamalorum‚
654 2053 729 2114 quaa
754 2034 808 2095 alii
836 2033 970 2115 Assyriae
1002 2033 1193 2100 adscribunt.
1242 2031 1353 2098 Pliniut

332 2141 430 2204 etiarn
448 2135 481 2209 6,
508 2135 562 2198 ι6.
583 2133 606 2198 s.
625 2149 680 2212 ι3.
702 2134 887 2197 Adiabenen
908 2135 1043 2216 Assyriae
1062 2137 1193 2199 initium
1214 2134 1300 2203 facit·
1323 2141 1353 2190 ¹¹1

333 2242 464 2305 Solinus
483 2255 548 2318 cap.
565 2245 625 2316 43.
641 2233 662 2296 s.
678 2237 738 2315 46.
765 2247 797 2296 et
815 2236 947 2320 Tigride
960 2237 1189 2320 montibusque
1204 2237 1297 2298 invisa
1311 2235 1352 2292 iu·

334 2341 422 2403 cludi
439 2339 516 2399 dicit
531 2337 564 2406 6.
585 2355 641 2398 ιο.
660 2334 680 2398 s.
694 2355 732 2414 9.
769 2333 901 2399 Causam
915 2339 1015 2418 aperit
1035 2339 1123 2401 idem
1139 2351 1174 2418 5.
1195 2352 1249 2418 ι3.
1265 2335 1285 2398 s.
1305 2348 1351 2393 ι9.

335 2441 385 2504 Ιιὶι
400 2437 523 2501 verbio:
554 2433 650 2498 Uitru
662 2437 842 2498 Armeniam
851 2435 1018 2511 Adiabene,
1033 2430 1161 2529 Affyn'a
1175 2450 1252 2502 aute
1265 2435 1352 2502 dictu

334 2538 424 2623 quon
448 2549 480 2600 et
498 2537 662 2598 confirmat
682 2535 843 2599 Ammiau.
868 2558 896 2601 c.
916 2538 938 2601 l.
988 2541 1041 2604 Sic
1062 2555 1097 2602 et
1117 2541 1197 2604 olim
1223 2535 1353 2617 Mesopo·

334 2641 430 2704 tamir
446 2636 640 2719 Assyriorum
657 2635 728 2698 suit.
755 2638 860 2714 (Plin.
874 2640 907 2710 6.
924 2653 983 2720 3ο.
997 2638 1019 2704 s.
1030 2641 1111 2719 96.)
1145 2643 1247 2705 Antea
1261 2651 1355 2699 umen

337 2758 397 2812 9ο,
418 2753 454 2823 4.
489 2737 527 2800 ab
560 2735 676 2817 Assyria
708 2738 874 2826 distinguit
901 2741 1100 2807 Ammianue.
1150 2731 1357 2808 zamireiat

337 2845 440 2906 dictos
470 2837 558 2902 fuisse
589 2839 771 2902 Adiabenos
798 2841 891 2904 tradit
916 2841 1029 2907 Strabo
1060 2841 1117 2904 lib.
1144 2845 1203 2910 16.
1228 2863 1260 2926 p.
1280 2849 1354 2918 515·

337 2943 360 3008 s.
372 2953 455 3023 745.
471 2943 561 3002 cuiue
574 2942 716 3002 nominis
728 2939 850 3003 causam
863 2961 930 3004 non
946 2941 1127 3025 exquisivit.
1149 2942 1309 3008 Salmasiue
1322 2935 1355 2997 ad

336 3046 437 3112 Sosin.
455 3064 487 3126 p.
504 3063 548 3105 m.
568 3043 652 3106 669.
678 3061 696 3103 a
716 3041 871 3106 molliorir
894 3043 1027 3108 incessue
1046 3043 1233 3108 hominibue
1249 3061 1286 3106 ex
1301 3037 1356 3101 sse·

339 3147 437 3226 sychii
463 3137 696 3232 Σαυκρόποδες
720 3145 816 3226 petit,
849 3146 953 3226 itaque
982 3145 1133 3208 emendat
1157 3143 1301 3209 Bocbart.
1325 3138 1354 3198 sn

337 3247 456 3331 Phaleg
469 3257 504 3325 4,
525 3262 581 3324 ¹9·
606 3263 702 3326 quern
716 3242 755 3303 ad
769 3243 959 3307 Strabonem
974 3247 1086 3328 probat
1099 3247 1228 3310 Penzes.
1244 3243 1311 3306 vu.
1325 3247 1355 3316 4.

338 3370 372 3434 p.
395 3347 504 3424 9936.
556 3343 604 3406 Ab
627 3341 808 3408 Adiabenus
831 3359 955 3416 autem.
988 3345 1029 3409 de
1052 3365 1117 3429 quo
1142 3348 1238 3410 initio
1261 3357 1355 3406 notar,

340 3447 502 3511 descendit
515 3441 735 3518 Adiabenicus,
759 3446 843 3528 quod
862 3447 978 3531 legitur
989 3447 1025 3508 in
1039 3449 1251 3510 marmoribua
1266 3445 1356 3508 Arun-

340 3550 473 3612 delianie
493 3547 624 3628 aliisque
645 3547 875 3610 monumentis.
914 3545 965 3611 ef.
987 3547 1112 3611 Gruter.
1134 3569 1167 3630 p.
1185 3550 1268 3627 964.
1292 3539 1355 3606 flei-

338 3650 442 3713 nesrue
474 3649 507 3708 in
539 3645 694 3731 syntagm.
721 3644 825 3708 inscrr.
845 3660 877 3726 3,
899 3659 958 3728 35.
990 3640 1355 3712 denominatarum

340 3751 447 3813 Lexio.
469 3768 559 3810 num.
583 3747 623 3810 T.
645 3767 674 3809 r.
697 3747 733 3810 P.
756 3767 783 3809 r.
805 3768 837 3830 p.
854 3745 913 3828 64.
947 3749 1058 3812 Severi
1078 3767 1258 3834 cognomen
1276 3737 1353 3804 finisse

339 3851 465 3914 testatur
478 3848 660 3930 Spartianus
681 3847 715 3907 in
731 3849 796 3909 vita
818 3867 884 3931 cap.
901 3865 936 3928 9.
951 3845 974 3912 s.
1025 3849 1132 3912 Hodie
1153 3863 1237 3912 trane
1252 3841 1353 3927 Tigrin

339 3953 446 4036 quaeri
465 3949 569 4019 debet,
592 3947 649 4008 ubi
666 3946 839 4009 ostenditur
857 3949 932 4012 urba
947 3940 1108 4040 Mousous,
1133 3969 1226 4032 quam
1241 3945 1353 4008 Ninum

339 4052 521 4120 sNiniven
535 4061 660 4134 putant,
681 4047 848 4135 (Poeocke
861 4051 902 4115 T.
914 4064 949 4116 2.
964 4071 998 4138 p.
1011 4069 1056 4113 m.
1072 4053 1180 4134 934.)
1204 4047 1259 4114 ubi
1272 4037 1353 4128 regni
