2764 4954
146 339 194 398 ru
220 339 355 399 nour.
385 337 497 396 uer.
539 337 575 396 c.
597 339 621 394 1.
663 337 696 396 c
718 337 769 396 nc
811 335 890 415 c9.
973 348 1037 414 r¹5

33 512 61 574 ab
79 511 216 576 Strabone
238 527 290 585 17.
314 533 347 595 p.
369 519 454 592 544.
477 509 498 575 s.
522 527 607 591 791.
644 511 789 574 Diodoro
813 511 875 574 Sic.
897 525 952 585 17.
976 522 1037 590 52.

34 613 139 696 losepho
159 615 197 676 de
217 613 256 677 B.
276 614 348 676 lud.
371 629 405 684 Ω,
433 613 488 676 16.
525 613 632 674 Hirtio
649 614 689 674 de
703 612 742 678 B.
761 613 852 676 Alex.
880 612 987 674 Plinio
1005 623 1038 690 5.

39 714 111 778 rus.
128 733 179 778 10.
201 749 252 764 -
284 715 332 776 Ex
348 713 579 776 recentioribua
594 713 714 776 consuli
730 714 857 798 poliunt
873 713 1039 778 d’duville

34 837 56 896 p.
70 815 158 898 5asq.
173 835 200 878 c.
223 816 246 880 l.
278 829 311 878 et
330 833 412 897 quoe
434 816 583 898 producit
606 814 739 878 Meusel.
768 815 801 876 in
826 815 904 878 bibl.
931 813 1039 878 bilior.

36 916 86 978 Vol.
102 931 129 996 5.
144 917 180 980 P.
202 937 229 981 r.
247 937 280 999 p.
299 929 341 994 ¹5
360 913 401 998 sq.
427 917 494 987 ubi,
520 917 575 998 qui
594 917 633 978 de
650 917 855 979 bibliothecis
873 917 1042 978 recentiori

36 1031 156 1098 ternpore
177 1015 380 1100 scripserunt,
411 1019 486 1078 addi
515 1017 641 1098 poliunt
660 1019 863 1080 lleinbardua
885 1013 1041 1102 (1792.)

35 1119 67 1178 St.
77 1119 173 1190 Graia,
194 1120 360 1204 (Magazin
377 1119 646 1200 encyclopedique
662 1139 713 1182 au.
730 1130 764 1198 sq.
780 1121 820 1182 T.
836 1131 869 1200 4.
888 1139 920 1200 p.
935 1123 1041 1197 433.)

36 1221 100 1279 etad
113 1219 241 1282 Norden
256 1240 380 1306 voyage
396 1221 531 1304 Langlea
547 1242 579 1302 p.
603 1222 684 1298 169.
723 1219 825 1282 Multa
842 1223 938 1282 etiam
956 1239 1045 1302 prae·

36 1321 95 1382 thre
112 1323 148 1384 de
171 1323 356 1385 Alexandria
381 1321 523 1383 conlecta
545 1319 632 1382 dabit
655 1322 799 1403 Cuperue
820 1323 852 1382 in
872 1319 1044 1403 Apotheoli

35 1419 145 1483 llomeri
165 1443 197 1506 p.
219 1437 287 1502 159
308 1421 370 1504 sqq.
411 1421 445 1484 V
445 1423 569 1482 articam
591 1423 730 1482 omnium
757 1425 927 1484 civitatum
951 1435 1046 1484 vocat

36 1521 168 1586 lmrnian.
193 1540 252 1594 22,
282 1525 338 1586 16.
389 1522 552 1584 Hodierna
579 1523 653 1585 urba
675 1543 749 1586 euru
772 1524 1045 1606 locum'occupat,

8 1651 9 1656 1
36 1623 77 1681 uhi
93 1617 423 1708 olim'Heptalladium
441 1621 503 1683 suit
524 1625 608 1686 inter
623 1625 844 1686 continentem
859 1638 891 1686 et
906 1625 1047 1688 Pharum

38 1722 154 1802 (Maillet
173 1748 204 1808 p.
226 1739 308 1804 ¹5⁰·
336 1723 486 1785 Niebuhr
506 1727 547 1788 T.
574 1745 605 1789 1.
630 1745 662 1807 p.
686 1721 769 1807 43.)
798 1729 915 1788 veteris
940 1741 1048 1788 tamen

8 1899 9 1906 ἶ
37 1825 122 1888 ruinae
140 1849 195 1910 per
219 1826 354 1909 spatium
375 1825 512 1887 duarum
526 1827 678 1888 horarum
696 1829 844 1889 disiectae
865 1843 1048 1892 cernuntur.

8 1913 9 1942 ³
38 1928 153 2007 (Volney
175 1927 269 1991 lleise
288 1928 369 1988 nach
391 1923 507 2006 Syrien
525 1963 568 1972 -
594 1929 635 1990 T.
656 1947 686 1991 1.
714 1949 746 2010 p.
771 1929 825 2006 6.)
876 1927 1051 2010 Supersunt

8 2069 9 2100 3
39 2023 173 2108 Pompeii,
205 2031 310 2090 immo
335 2029 462 2098 Severi,
494 2029 662 2100 columna,
688 2031 759 2108 (alii
785 2031 891 2100 aliter,
919 2030 958 2090 de
984 2047 1050 2110 quo

8 2139 9 2200 l
40 2126 151 2189 Sounini
170 2133 211 2192 T.
236 2151 268 2192 1.
291 2149 324 2211 p.
342 2143 389 2208 73
407 2127 469 2210 sqq.
506 2131 687 2192 Domitiani
708 2151 745 2192 ex
769 2149 871 2212 nuper
893 2143 979 2192 eruta
1004 2133 1052 2190 iu·

8 2291 9 2294 ¹
41 2223 200 2310 lniptione)
231 2217 385 2294 obeliscus
411 2231 616 2314 Cleopatrae.
654 2231 801 2294 cillernae
837 2229 1051 2294 subterraneae
1171 2233 1175 2244 ‘

8 2355 9 2408 3
41 2331 145 2392 arcubus
161 2334 274 2404 nixae,
305 2332 419 2414 quibua
440 2353 478 2394 ex
496 2331 667 2416 Nilonque
686 2333 912 2396 deducebatur.
966 2333 1053 2394 Haec

42 2441 63 2486 et
77 2431 156 2512 plura
177 2433 302 2495 dabunt
322 2433 421 2496 Lucae
443 2453 566 2518 voyage
590 2435 667 2496 dana
690 2435 717 2496 la
735 2437 879 2516 Turquie
901 2437 998 2496 Torn.
1018 2450 1052 2516 Ω,

41 2545 113 2608 ΜΒ
128 2531 166 2614 sq.
199 2533 348 2597 Pococke
365 2535 405 2596 T.
427 2553 457 2597 1.
478 2555 511 2617 p.
532 2533 633 2617 lpsqq.
667 2537 770 2598 Bruce
791 2535 904 2598 Reisen
928 2537 999 2598 Vol.
1022 2557 1051 2598 1.

8 2653 9 2656 ’
42 2649 65 2708 p.
79 2647 115 2708 77
130 2635 191 2717 sqq.
215 2637 374 2716 multique
391 2636 460 2705 alii,
495 2638 658 2718 inprimis
679 2639 780 2699 nostra
804 2653 904 2699 aetate
922 2639 1053 2700 Franco·

8 2765 9 2824 ]
44 2729 111 2797 Galli.
141 2737 260 2798 Arabee
274 2737 371 2798 hodie
387 2751 501 2799 vocant
517 2737 691 2801 scandata.
720 2741 875 2800 Fertilitas
889 2739 957 2800 eiua
975 2740 1054 2800 olim

43 2833 184 2910 celebrata,
219 2856 317 2919 quare
344 2839 441 2898 etiarn
462 2840 497 2898 in
520 2839 626 2902 numia
650 2838 745 2923 spicae
766 2840 919 2923 adpositae
942 2839 1055 2914 haben

8 2969 9 3024 3
44 2947 114 2998 notae
127 2959 224 3002 navet
239 2939 308 3000 eiua
327 2935 562 3002 frumentariae.

8 3207 9 3218 q
97 3132 328 3234 Pelusium)
379 3141 434 3205 Gr.
466 3133 662 3230 Πηλούσιον.
714 3145 897 3208 Secundum
931 3141 1056 3206 Strabo·

44 3253 100 3300 nrm
115 3259 168 3318 17.
196 3267 231 3328 p.
251 3255 336 3321 552.
355 3241 376 3306 s.
395 3255 479 3321 goa.
507 3263 627 3306 nomen
651 3244 747 3307 habet
768 3239 835 3308 α’πὸ
862 3241 922 3308 τοῦ
948 3240 1055 3331 πηλοῦ
1115 3297 1118 3306 ,

45 3336 163 3408 urlaub
189 3337 376 3436 τελμάτων.
436 3345 516 3408 lnde
549 3345 633 3428 apud
665 3347 863 3429 Stephanum
896 3345 1056 3406 ducuntur

45 3433 265 3534 Urloueubrqa,
289 3439 492 3532 quocicror,
519 3443 760 3532 Πηλουσιακός.
802 3446 930 3508 Arabiae
953 3445 1058 3508 etalii

47 3551 254 3609 unrerninam
273 3546 410 3617 iaciunt.
444 3551 484 3610 de
505 3567 570 3630 quo
591 3547 716 3612 Salmas.
735 3549 773 3610 ad
791 3549 891 3612 Solin.
912 3569 980 3631 cap.
998 3561 1056 3626 37.

48 3636 122 3724 [34.
140 3669 171 3729 p.
185 3669 230 3711 111.
250 3659 338 3728 401.
390 3649 521 3711 Latinus
544 3651 699 3734 interprea
720 3641 896 3713 Ezechielia'
915 3664 973 3728 50,
1001 3660 1056 3726 15.

49 3739 90 3802 Sir
111 3749 244 3812 reddidit
271 3749 453 3822 Peluium,
488 3764 520 3812 et
545 3749 661 3814 Arabes
689 3752 784 3812 Sr'nelz
810 3765 945 3822 vocant,
971 3751 1058 3832 quod

49 3841 116 3907 idem
147 3849 306 3934 fignificat.
354 3853 426 3914 Vid.
461 3851 625 3914 Michaelis
658 3854 696 3914 ad
728 3849 919 3915 Abulsedaur
941 3875 974 3916 11.
1004 3869 1058 3916 12.

49 3941 155 4009 lubitu
173 3953 303 4033 patuille
326 3967 372 4016 20
390 3952 487 4014 stadia
509 3966 542 4016 et
563 3951 728 4016 difficilem
744 3953 912 4016 reddidisse
932 3955 1057 4014 aditum

50 4035 75 4104 iu
86 4049 255 4137 Aegyptum
270 4055 418 4118 adfirmat
433 4055 546 4120 Strabo
561 4074 587 4120 c.
605 4053 626 4120 l.
652 4055 739 4120 unde
754 4074 827 4118 eam
841 4055 956 4118 Suidaa
972 4055 1005 4120 b.
1026 4075 1059 4118 v.
