2852 4946
190 317 242 374 ΙΝ
270 317 406 376 POMP.
438 319 548 374 MEL.
589 319 669 374 Lt.
712 318 846 376 oxttl.
888 316 966 388 §.n
1036 321 1100 392 405

71 507 142 550 rum.
180 490 287 558 Tum.
318 489 407 571 quod
434 489 569 552 validiua
596 487 655 562 att,
687 491 849 554 oraculum
875 489 964 551 Malli
985 487 1099 552 habuit

72 589 309 670 Amphilochur‚
346 591 434 672 quod
467 593 616 652 omniurn
651 589 701 654 sua
728 605 829 654 aetate
862 585 1097 654 veruciffimum

72 691 215 770 praedicat
236 690 403 754 Pausanias
422 713 451 758 ι.
471 707 529 770 34.
563 691 614 756 Cf.
633 693 749 772 Heyue
771 694 807 754 ad
829 693 1014 774 Apollodor.
1028 711 1055 754 c.
1073 691 1096 754 l.

73 791 145 852 Hinc
173 808 207 854 et
234 794 447 854 Alexandrum
476 793 521 854 tui
554 793 768 876 Antphilocho
800 792 970 875 parentasse
1000 793 1096 856 tradit

72 893 208 956 Arrianus
223 913 248 954 c.
271 895 292 955 l.
346 895 427 956 Urbe
447 895 500 956 sua
519 909 583 956 erat
598 897 629 956 iu
646 895 718 958 loco
734 897 833 958 edito.
862 895 994 972 (Strabo
1009 913 1036 956 c.
1054 893 1095 970 i.)

72 991 219 1056 Desertam
235 993 359 1057 iacuisse
377 997 525 1078 Pompeii
542 1011 699 1080 tempore,
719 1017 758 1058 ex
772 1016 856 1058 nexu
875 993 1005 1077 supicari
1022 995 1096 1059 licet

73 1096 140 1174 apud
165 1097 300 1178 Appian.
323 1099 356 1156 in
378 1097 524 1160 Mithrid.
546 1117 573 1160 c.
590 1099 650 1178 96.
675 1098 764 1180 quod
786 1117 857 1162 earu
877 1098 984 1182 piratio
1006 1094 1096 1158 habi·

72 1196 183 1256 undam
203 1193 367 1262 concessu.

133 1391 437 1488 praeterfluit)
488 1401 586 1486 Quod
611 1415 714 1466 narrat
731 1403 844 1482 Scylax
865 1423 898 1484 p.
915 1410 976 1482 4ο.
992 1395 1095 1462 Ηιιᾶὶ

72 1497 184 1562 adverso
198 1519 294 1563 amne
309 1502 444 1582 Pyramo
459 1503 498 1566 ad
513 1522 582 1564 eam
598 1507 773 1588 navigatur.
790 1505 828 1564 ad
844 1504 994 1566 viciniam
1008 1500 1097 1562 urbia

73 1618 104 1658 er
119 1600 227 1663 Nostro
249 1599 361 1664 reserri
381 1603 495 1674 deber.
527 1623 601 1666 cum
622 1608 655 1666 in
673 1603 794 1667 excelso
811 1606 882 1668 loco
899 1605 985 1666 fitam
1003 1597 1094 1664 suisio

73 1703 198 1778 proxima
220 1718 301 1765 nota
328 1703 543 1767 declaraverit.
603 1707 646 1768 ttt
667 1708 794 1792 egregie
821 1704 964 1770 dissentit
987 1703 1095 1766 Ptole·

73 1819 164 1864 mauu
179 1815 211 1882 5,
229 1817 264 1883 8.
292 1806 347 1886 qui
361 1823 434 1867 curn
448 1807 638 1868 maritimam
651 1807 764 1870 urbem
778 1805 877 1878 saciat,
897 1807 971 1890 osiia
985 1818 1094 1866 tamen

73 1901 147 1962 fluvii
169 1907 236 1968 eiua
258 1905 299 1968 ab
322 1905 399 1967 urbe
417 1909 545 1992 longina
564 1921 722 1971 removet.
775 1909 867 1990 Quae
890 1909 933 1968 ita
953 1925 992 1968 ex
1011 1905 1093 1966 Stra·

74 1999 144 2066 bone
159 2026 185 2070 c.
199 2007 221 2068 1.
248 2009 411 2070 conciliari
426 2008 527 2070 studet
537 2009 687 2073 Mannert
702 2011 735 2070 in
747 2009 863 2092 Geogr.
878 2009 947 2070 Vol.
959 2009 992 2072 6.
1009 2005 1046 2068 Ρ.
1057 1995 1092 2068 2.

74 2121 129 2188 pag.
144 2104 199 2170 60.
226 2111 326 2170 urad
347 2108 485 2193 Margala
509 2112 619 2174 vicunt
639 2125 673 2173 et
694 2111 874 2192 emporium
895 2108 991 2191 iptiut
1005 2105 1094 2168 urbia

75 2221 154 2288 prope
174 2210 292 2272 ollium
314 2208 475 2273 reseratur.
528 2215 569 2276 At
584 2213 636 2274 vel
652 2213 693 2274 lic
707 2211 804 2272 nimie
820 2209 932 2276 urbem
954 2229 971 2270 a
991 2207 1092 2270 fluvio
1116 2219 1121 2236 ‘

75 2321 220 2372 removere
235 2331 278 2372 ex
293 2331 505 2374 numeromm
521 2310 602 2376 sorte
620 2314 824 2395 corruptione
846 2313 985 2376 videtur.
1020 2305 1091 2391 lpse
1122 2348 1123 2356 κ

75 2419 162 2469 tutem
184 2411 380 2497 singulorum
397 2413 470 2476 fitue
492 2427 525 2476 et
550 2412 642 2478 series
665 2417 788 2498 optime
810 2433 849 2476 ex
869 2414 958 2478 Alex.
975 2409 1022 2474 M.
1040 2411 1092 2470 iti·

75 2524 134 2570 nere
152 2513 234 2594 apud
259 2516 433 2584 Arriano,
455 2525 488 2592 5.
506 2513 527 2577 i.
556 2529 589 2578 et
612 2515 703 2579 cun.
727 2529 759 2596 3,
783 2531 815 2590 7,
835 2528 869 2594 5.
891 2513 1092 2576 constituitur

76 2605 125 2668 hoc
146 2616 275 2676 ordiner
316 2611 444 2686 Tartue,
473 2615 624 2696 Cydnus,
650 2617 820 2696 Pyramus,
848 2615 982 2685 Mallus,
1005 2611 1079 2676 lisot

77 2705 143 2770 Cum
163 2715 262 2798 igitur
286 2715 370 2778 Mela
392 2716 475 2778 dixit
502 2719 631 2798 propior
653 2710 735 2806 Isto,
768 2719 848 2778 nihil
871 2715 956 2778 aliud
985 2713 1092 2776 voluit

76 2807 204 2886 indicare,
226 2837 336 2898 qnam,
359 2815 463 2898 stquia
476 2818 514 2880 ab
531 2817 591 2880 Isso
606 2815 795 2900 processerit.
819 2820 958 2900 priorem
974 2815 1090 2878 habere

76 2905 245 2988 Pyramum,
273 2919 328 3000 qui
345 2917 466 2980 Mallon
488 2920 704 3004 praeterfluat,
729 2939 825 3003 quaro
839 2919 1009 3000 Cydnum,
1034 2914 1091 2998 qui

76 3025 119 3087 prr
135 3015 261 3080 Tarsum
281 3018 360 3082 ultra
377 3033 478 3089 exeat.
510 3091 520 3100 y

137 3209 323 3310 Tarsum)
358 3223 412 3288 Gr.
428 3220 574 3312 Ταρσὸς,
597 3221 707 3307 pamm
722 3239 829 3288 tamen
846 3224 941 3286 etiam
953 3211 1090 3306 Tapori.

77 3324 106 3372 ut
118 3321 188 3398 apud
205 3323 456 3405 Xenophontem
473 3328 512 3388 de
528 3327 640 3410 expeti.
656 3329 732 3408 Cyri
756 3347 784 3397 r,
807 3341 839 3394 tt.
859 3337 916 3404 23.
939 3337 982 3394 er,
1005 3340 1089 3404 quoa

77 3410 111 3472 ibi
129 3422 269 3498 producit
291 3425 420 3498 Morus·
454 3427 650 3508 Hesychium
669 3444 701 3492 et
721 3427 943 3492 Philostratunt
965 3427 1000 3486 in
1022 3425 1090 3488 vita

78 3511 159 3594 ᾸΡθῙῑ
180 3543 206 3594 1.
223 3539 256 3599 7.
282 3527 315 3598 6,
335 3536 392 3608 34.
444 3531 546 3600 Adde,
567 3531 762 3612 quodetiam
779 3529 835 3590 hac
851 3525 963 3596 sorma,
984 3525 1090 3588 addita

78 3611 181 3700 iusuper
201 3625 426 3711 adspiratione,
453 3631 488 3690 in
506 3631 643 3694 Reinesti
665 3631 817 3716 syntagm.
840 3626 947 3691 inscrr.
969 3629 1079 3710 antiqu

81 3725 105 3784 7¹
120 3735 178 3819 2⁰.
190 3732 362 3809 reperitur:
386 3729 524 3794 tutans
543 3729 671 3825 Tkorfls
686 3731 850 3796 orirtndus.
884 3731 923 3792 In
941 3727 1090 3814 scriptura

80 3809 140 3880 [tua
157 3824 253 3890 Tarus
278 3820 457 3911 (illlill'lsi)
483 3834 588 3895 vocari
608 3834 737 3916 quidam
760 3845 889 3915 putant,
914 3853 955 3895 ex
977 3833 1091 3894 veteri·

80 3909 125 3980 bna
140 3923 281 4010 losephut
297 3933 331 3994 in
346 3934 466 4015 antiqu.
482 3933 552 3998 lud.
569 3955 597 4005 ι,
611 3936 645 4000 6.
656 3933 677 3998 s.
689 3951 723 4011 7.
744 3947 778 3994 et
789 3947 898 3996 auctor
914 3932 987 3994 libri
1004 3933 1088 3994 ludi·

81 4013 138 4084 u..
154 4039 182 4098 α.
203 4043 258 4112 13.
282 4033 339 4098 uu
356 4033 410 4098 nn
425 4037 545 4102 incerta
559 4037 710 4104 laeuone.
752 4030 882 4130 ruarfls
897 4035 975 4100 oum
990 4034 1088 4099 auam
