2892 4950
351 405 414 470 διε
622 395 786 460 ttoraa
824 400 1125 460 axnnnrtcaa

701 571 730 640 C
756 573 784 638 Δ
809 571 848 638 Ρ.
899 575 1043 638 xvut.

585 757 1155 810 anonae.

480 930 510 1006 §.
543 947 574 992 t.
622 925 791 1010 Aeolis)
842 919 1039 1004 Gatiioiie,
1065 947 1161 1010 quam
1183 923 1312 987 formam
1331 941 1369 983 re·

353 1027 453 1090 tinuit
469 1027 594 1102 Noster,
615 1043 647 1092 et
662 1050 736 1092 cum
749 1049 789 1092 eo
804 1029 928 1092 Plinius
941 1043 973 1108 5.
992 1045 1050 1106 32.
1063 1028 1083 1092 i.
1098 1044 1155 1110 3ο.
1183 1029 1273 1091 Amat
1287 1025 1369 1086 etiam

354 1131 483 1199 Liviae,
507 1145 543 1191 ut
565 1131 602 1192 ati
621 1145 678 1212 37.
697 1143 729 1210 g,
748 1144 781 1210 5.
807 1131 918 1194 docuit
941 1129 1231 1192 Drakenborchiua.
1280 1125 1369 1187 Altera

333 1220 335 1228 ¹
353 1233 441 1294 enim
460 1232 647 1294 Latinorum
664 1230 764 1296 forma
780 1231 823 1294 est
838 1233 963 1302 Aeolia,
988 1253 1048 1314 qua
1064 1245 1097 1294 et
1113 1230 1187 1292 uitta
1201 1228 1242 1290 est
1252 1227 1328 1288 Plin.
1344 1237 1369 1300 5,

354 1330 529 1411 :it-[29.
581 1332 660 1396 inde
687 1329 826 1406 Αἰολεῖς,
861 1332 982 1394 Latinitt
1007 1332 1187 1400 deviaret,
1219 1330 1291 1390 ficut
1319 1326 1369 1390 hie

351 1433 467 1502 Aeolii,
499 1427 661 1495 latiffimae
683 1436 917 1520 fignificationit
939 1433 1062 1516 populi.
1116 1431 1244 1494 Nomen
1266 1425 1370 1488 traxiiie

352 1531 499 1596 feruntur
529 1533 569 1594 ab
596 1535 714 1609 Aeolo,
740 1534 913 1598 Thetratiae
937 1535 989 1598 vel
1013 1535 1186 1620 regionum
1212 1532 1370 1593 vicinarum

352 1655 436 1720 rege,
460 1635 666 1716 (Apollodor.
689 1655 719 1708 t,
744 1651 777 1714 ¹7.
802 1639 858 1714 3.)
888 1637 929 1698 de
949 1637 1041 1697 cuine
1062 1635 1186 1719 origine
1209 1633 1321 1694 incerta
1337 1623 1369 1688 ti.

351 1734 494 1800 Euiiath.
520 1735 559 1797 ad
580 1735 713 1818 Dionys.
737 1759 770 1798 v.
792 1749 877 1816 820.
913 1737 1064 1820 Vinding.
1085 1757 1118 1818 p.
1135 1749 1222 1814 339.
1236 1755 1263 1796 e.
1280 1732 1299 1794 1.
1324 1727 1371 1788 ubi

352 1850 386 1900 et
405 1837 463 1900 alia
483 1837 523 1898 tle
544 1837 632 1900 vocit
655 1852 766 1920 etymo
786 1837 933 1910 habebis,
964 1851 997 1899 et
1019 1839 1185 1900 staveren.
1206 1834 1244 1896 ati
1263 1831 1370 1914 Hygia.

351 1937 415 2002 tab.
436 1940 514 2016 136.
532 1959 564 2020 p.
585 1953 669 2018 309.
719 1939 860 2000 Primam
874 1939 934 2000 illie
948 1937 1052 2000 iedem
1067 1937 1208 2020 adlignat
1222 1935 1329 1998 Conon
1343 1931 1370 1988 in

350 2053 467 2102 narrat.
491 2054 548 2114 27.
573 2026 657 2101 inte'r
675 2037 816 2123 Asopum
836 2054 869 2102 et
890 2041 1069 2122 Enipeum,
1098 2033 1306 2120 Peloponneii
1324 2031 1370 2093 flu-

351 2143 442 2213 viot,
474 2140 559 2204 untie'
582 2141 677 2202 latiue
697 2156 782 2202 extra
804 2140 955 2202 isthmum
977 2141 1073 2203 etiam
1091 2137 1219 2220 dispersa
1234 2137 1315 2202 [unt.
1337 2131 1370 2192 de

350 2261 416 2325 quo
437 2243 470 2302 in
493 2243 604 2324 primia
627 2241 748 2304 consuli
775 2242 870 2304 debet
892 2241 1003 2304 Strabo
1020 2253 1054 2319 8.
1069 2260 1141 2326 pag.
1162 2257 1246 2319 229.
1261 2237 1282 2300 i.
1298 2247 1368 2312 333·

350 2343 538 2406 Thessaliam
560 2345 656 2404 etiam
685 2345 763 2406 olim
788 2343 916 2405 Aeolida
940 2343 1058 2404 dictam
1080 2339 1170 2402 fuiiie
1191 2338 1285 2403 refert
1305 2331 1368 2397 Dio·

352 2444 421 2506 dor.
441 2446 504 2506 Sic.
519 2453 554 2520 4,
570 2441 629 2517 67.
658 2464 721 2524 qno
742 2445 827 2506 valet
846 2443 1028 2506 Herodotus
1045 2457 1078 2518 7,
1096 2455 1154 2522 95.
1183 2443 1239 2523 qui
1256 2437 1368 2502 Aeoliot

350 2545 431 2608 olim
456 2563 473 2606 a
499 2539 625 2606 Graecia
650 2543 794 2628 Pelasgae
819 2560 948 2607 vocatos
974 2544 1034 2606 effe
1055 2545 1218 2614 adfirmat,
1249 2553 1369 2623 quorum

350 2641 467 2730 priscae
491 2641 577 2706 [edet
599 2645 632 2704 in
647 2645 800 2706 Theffaiia
822 2643 910 2708 fuiffe
926 2647 1093 2716 videntur,
1120 2645 1241 2728 dequo
1264 2641 1322 2702 dixi
1337 2635 1369 2696 ad

355 2744 526 2817 1‚16.in.
575 2746 662 2806 Tum
694 2765 789 2818 vero,
828 2747 913 2828 quod
940 2761 973 2808 et
1001 2745 1158 2830 superiora
1185 2745 1368 2806 confirmanti

339 2847 455 2932 ¹Aeolii
477 2865 516 2908 ex
536 2845 689 2908 Theffalia
711 2849 744 2909 in
768 2847 1025 2930 Peloponnesum
1043 2861 1075 2910 et
1095 2847 1171 2908 inde
1191 2849 1225 2908 in
1248 2845 1315 2906 riiat
1331 2857 1369 2899 re·

350 2950 464 3034 gionee
487 2947 628 3031 migratio
651 2949 819 3018 videntur.
852 2952 885 3012 in
908 2951 1019 3032 primia
1042 2968 1116 3010 cum
1146 2948 1234 3009 idem
1258 2941 1371 3028 Apollo·

349 3051 446 3112 dorna
473 3067 502 3120 t,
526 3064 559 3123 7,
580 3062 612 3125 5.
635 3047 761 3118 scribat.
793 3051 1034 3129 Endytnionetn
1056 3069 1110 3110 eot
1130 3049 1163 3110 in
1180 3049 1304 3109 Elidem
1327 3042 1370 3102 de

351 3151 480 3214 tluttiffe.
521 3151 569 3211 Ex
590 3141 718 3212 Graecia
739 3150 921 3212 effuderunt
940 3149 968 3212 ie
989 3153 1021 3210 in
1048 3149 1164 3219 Asiam.
1190 3141 1369 3232 longiffime·

350 3272 414 3336 que
437 3253 497 3312 acti
522 3252 679 3314 erroribua
705 3252 846 3314 inlustret
872 3254 1081 3314 obtinuerant
1107 3249 1195 3313 iocos
1227 3252 1369 3323 clarasque

351 3355 563 3414 condiderunt
585 3353 695 3422 arbee,
721 3367 757 3412 ut
777 3354 956 3433 Smyrnam,
974 3354 1156 3431 Myrinam.
1188 3351 1369 3429 Mitylenen.

352 3454 476 3530 (Vellei.
498 3464 577 3532 ι,4.
593 3457 642 3534 4.)
685 3455 841 3516 Undecim
872 3457 1014 3535 antiquae
1044 3451 1171 3514 foedere
1196 3453 1369 3513 coniunctas

349 3551 519 3616 Aeoieni'ee
542 3553 652 3625 arbee,
674 3559 764 3631 (nam
784 3555 918 3634 Smyrna
940 3555 1008 3637 post
1029 3555 1105 3614 inde
1121 3567 1243 3615 exemta
1259 3549 1313 3617 eit.
1339 3557 1368 3604 111

350 3656 446 3716 etiem
470 3669 581 3716 monet
604 3655 768 3717 Pausaniae
786 3669 819 3730 7,
837 3666 869 3732 5,
893 3659 941 3734 t.)
974 3653 1112 3718 recenset
1134 3655 1169 3714 in
1195 3655 1255 3716 hoc
1280 3663 1368 3710 tractu

350 3755 535 3820 Herodotus
555 3775 583 3825 t,
604 3765 685 3838 149.
716 3757 754 3817 ad
778 3775 854 3838 quat
879 3770 984 3818 tamen
1006 3777 1071 3820 nott
1099 3729 1279 3839 pertinuiffe
1301 3747 1369 3809 dicit

351 3857 424 3918 aliae
441 3857 581 3918 teottcn
598 3857 631 3916 in
652 3858 725 3930 ωας
763 3858 836 3918 aliae
852 3859 885 3918 in
905 3857 1028 3926 iniulie.
1055 3859 1192 3918 maxime
1214 3857 1246 3916 in
1262 3848 1366 3914 Letto.

352 3959 456 4041 ponit.
492 3955 543 4020 Cf.
561 3957 614 4018 hic
633 3959 768 4020 omnino
789 3959 901 4020 Strabo
920 3973 975 4034 13.
991 3961 1036 4020 itt.
1053 3973 1085 4020 et
1106 3979 1137 4040 p.
1154 3969 1236 4035 428.
1258 3953 1277 4015 [.
1293 3951 1366 4014 622·

350 4071 384 4122 et
398 4077 477 4144 quae
494 4079 534 4122 ert
551 4059 619 4122 aliie
637 4055 790 4146 congeffit
805 4061 996 4146 vindingiua
1008 4062 1044 4123 in
1056 4061 1193 4124 Hellene
1208 4069 1318 4142 p.4tt9
1331 4049 1365 4129 iq·
