2852 4946
234 383 238 388 .
316 343 379 412 44⁰
584 315 746 390 norro
789 328 1092 394 uxcerrrcre

321 501 463 577 claudit,
489 499 585 568 cuiue
609 500 746 566 initium
768 499 907 566 minime
927 518 1115 574 notaverat.
1145 495 1275 566 dictum
1290 495 1360 562 latit

323 607 422 674 estin
443 603 531 668 notio
550 602 674 669 criticis
691 628 723 690 p.
738 609 811 686 465
828 604 892 690 qu.
946 608 1062 692 Neque
1087 606 1203 668 adhuc
1226 623 1297 665 eam
1318 622 1360 663 re·

323 730 459 774 movere
483 705 595 792 potui,
629 709 684 770 etlr
698 709 763 770 hoc
779 709 902 769 Melam
920 704 1032 770 dicere
1046 705 1209 777 voluille‚
1240 720 1295 766 aut
1314 703 1362 763 de·

323 811 427 876 buiss'e
444 811 595 892 adparet:
621 805 835 892 Pamphyliua
854 809 938 870 finus
954 808 1126 896 utrimque
1150 804 1253 870 Sidae
1273 819 1364 890 portu

327 931 361 978 et
376 909 480 974 Tauri
501 907 730 994 promontorio
752 907 974 974 concluditur.

405 1113 722 1196 promontorio)
771 1110 876 1176 Tauri
891 1129 1007 1187 vocat,
1033 1108 1112 1200 quia
1129 1107 1215 1176 inde
1232 1107 1269 1171 in
1285 1124 1367 1170 mare

329 1213 507 1307 prominet.
543 1213 600 1278 Sic
622 1230 655 1277 et
669 1212 798 1278 Plinius
816 1229 850 1293 5,
874 1227 930 1294 28.
950 1215 971 1278 l.
991 1229 1047 1279 27.
1098 1218 1142 1278 At
1157 1207 1278 1278 habuit
1291 1205 1369 1269 illud

328 1315 498 1406 peculiare
518 1336 652 1389 nomen,
674 1313 839 1378 variatum
853 1319 939 1380 licet.
983 1317 1210 1380 Chelidonium
1234 1311 1370 1396 adpetat

331 1415 461 1483 Plinius
482 1430 516 1496 5,
535 1432 590 1490 27.
608 1415 655 1480 in.
679 1419 801 1480 Taurus
823 1439 922 1490 mons,
948 1414 1068 1502 inquit.
1092 1417 1134 1480 ab
1148 1418 1236 1480 -an
1251 1413 1370 1474 veniens

332 1518 477 1584 litoribus
494 1519 679 1584 Chelidonia
696 1521 913 1599 promontorio
933 1516 1036 1606 finam
1052 1519 1270 1611 dfiernrinot.
1300 1511 1373 1573 Cho·

334 1621 484 1684 lidonium
516 1623 765 1700 promontorium
789 1622 888 1683 habet
908 1617 1008 1683 etiam
1030 1618 1149 1683 Liviae
1175 1635 1238 1697 33,
1259 1625 1319 1695 41·
1341 1610 1371 1672 6·

336 1724 453 1802 Scylax
468 1745 500 1806 p.
512 1738 569 1801 59.
587 1719 688 1782 Hudl.
727 1722 929 1786 Chelidonias
946 1722 987 1784 de
1000 1717 1239 1806 promontorio
1254 1731 1287 1778 et
1302 1713 1372 1774 dua·

335 1825 398 1887 bus
419 1820 532 1885 inl'ulie
555 1820 668 1906 ponit,
695 1843 769 1884 curn
791 1820 848 1886 alii
872 1839 986 1886 contra
1007 1821 1065 1886 illo
1083 1820 1226 1886 nomine
1245 1835 1308 1881 tres
1329 1809 1372 1872 in·

336 1925 421 1988 lulis
438 1926 712 2008 complectantur,
733 1925 773 1986 de
789 1945 855 2010 quo
872 1925 913 1986 ad
933 1944 964 1996 c,
984 1941 1017 1998 7.
1033 1937 1066 2003 5.
1085 1923 1233 1989 dicetur.
1258 1914 1372 1978 Vossffll

338 2023 442 2088 Tauri
467 2022 733 2110 promontorium
758 2023 792 2087 in
820 2023 1027 2089 Chelidoniis
1050 2027 1220 2112 quosdam
1245 2011 1372 2084 statuille

273 2205 275 2210 ,
337 2143 449 2212 putat,
475 2127 564 2212 quod
581 2124 720 2189 ulterius
738 2124 815 2188 illae
831 2125 866 2190 in
889 2143 979 2189 mare
1000 2125 1227 2210 promineant.
1278 2121 1318 2182 Et
1337 2115 1373 2174 ΠΒ

339 2231 473 2314 Dappor
491 2226 527 2290 in
547 2228 648 2289 delcr.
675 2227 733 2290 des
754 2225 832 2292 isles
853 2228 895 2289 de
915 2226 1092 2312 l’Archipel
1106 2251 1140 2313 p.
1163 2230 1246 2304 163.
1273 2211 1371 2284 Cheli·

341 2327 458 2392 doniae
473 2326 509 2390 iu
525 2330 611 2390 Mela
627 2344 660 2390 et
675 2327 785 2391 Plinio
801 2329 843 2392 dc
858 2326 962 2390 Tauri
980 2327 1215 2412 promontorio
1232 2319 1370 2407 explicat·

340 2431 382 2494 At
396 2427 523 2491 Plinius
539 2426 574 2490 in
591 2426 750 2514 superiori
766 2433 841 2493 loco
857 2427 1095 2494 Chelidonium
1112 2419 1372 2514 promontorium

343 2546 455 2613 aperte
475 2530 531 2592 dat
551 2532 681 2602 Tauro,
713 2547 746 2592 ct
767 2533 880 2594 Noster
898 2551 929 2602 c,
949 2547 982 2606 7,
1002 2544 1035 2608 5.
1058 2529 1164 2593 Tauri
1193 2535 1371 2616 pront⁰¹¹l⁰·

342 2627 431 2692 rium
456 2653 473 2692 a
503 2629 712 2695 Chelidoniis
737 2629 852 2694 insulis
882 2629 956 2695 latis
982 2635 1169 2695 luculenter
1197 2617 1372 2708 distinguin

344 2753 446 2818 quare
463 2730 520 2795 illa
540 2732 619 2794 llere
635 2747 822 2817 nequeunt,
848 2731 953 2796 immo
969 2735 1088 2814 Scylax
1103 2755 1214 2797 unum
1230 2729 1372 2806 idemque

343 2855 468 2898 nomen
490 2836 531 2898 de
557 2832 787 2918 promontorio
811 2851 844 2898 et
866 2836 908 2898 de
930 2832 1044 2898 inlulie
1065 2832 1262 2905 coniunxit,
1295 2817 1373 2910 qu⁰d

347 2937 388 2998 ab
403 2935 455 2998 hie
470 2937 511 2998 ad
534 2934 617 2998 illud
631 2957 754 2999 nomen
771 2957 947 3000 commune
966 2934 1106 3000 transiit.
1156 2935 1234 3000 Alio
1248 2921 1375 2994 nomiss0

347 3035 418 3126 lepti
441 3030 528 3126 dap'o
553 3036 709 3120 producit
729 3039 845 3100 Strabo
870 3049 923 3117 rip.
946 3057 1020 3122 pag.
1039 3048 1125 3116 458.
1145 3037 1166 3100 l.
1185 3037 1271 3102 666.
1296 3022 1374 3088 unde

349 3141 480 3202 Taurus
503 3135 658 3224 incipiat,
689 3137 806 3226 illique
830 3135 1045 3203 Chelidoniae
1067 3136 1194 3202 adiicit.
1233 3133 1302 3198 Nec
1317 3122 1373 3187 dis-

347 3256 461 3326 crepat
484 3240 548 3304 hoc
568 3243 627 3303 lrtu
645 3243 855 3303 Ptolomaeus
871 3255 904 3319 5,
923 3256 957 3318 3.
1002 3237 1112 3303 Hodie
1132 3253 1273 3304 vocatur
1295 3231 1375 3304 C⁰V0

347 3343 426 3410 delle
445 3344 620 3407 Celidonia.
646 3343 831 3422 (Sahnalrue
847 3342 890 3405 ad
904 3339 1008 3408 setin.
1028 3363 1061 3428 p.
1075 3363 1121 3406 m.
1137 3354 1223 3421 551·
1254 3337 1374 3415 napper

346 3465 381 3530 p.
404 3445 483 3521 167.
506 3464 534 3506 c.
553 3446 590 3524 l.)

515 3649 546 3730 ᾖ.
576 3665 607 3710 a.
658 3647 760 3710 Eois
764 3644 784 3730 )
833 3647 883 3710 lta
913 3661 946 3709 et
976 3643 1105 3710 Plinius
1127 3642 1163 3708 in
1191 3647 1264 3708 loco
1288 3641 1372 3696 antea

353 3765 631 3823 commemorato;
664 3769 791 3834 proque
814 3769 853 3811 eo
875 3749 987 3833 paullo
1014 3747 1085 3833 post
1111 3745 1165 3810 ubi
1190 3747 1320 3828 primam
1338 3721 1373 3788 αὖ

323 3917 326 3924 ,
352 3851 469 3916 Indico
486 3851 568 3912 mori
583 3841 740 3942 exsurgit,
766 3849 856 3934 quod
873 3846 1020 3912 reddidit
1033 3845 1168 3912 Solinus
1182 3869 1210 3912 c.
1225 3857 1281 3925 4¹·
1292 3837 1311 3897 s·
1322 3835 1371 3907 38·

352 3953 482 4016 Eodem
499 3971 576 4013 vero
593 3948 692 4013 etiam
707 3947 806 4013 initio
822 3948 1032 4035 partiumque
1053 3947 1183 4024 ordine,
1205 3963 1270 4035 quo
1284 3931 1369 4000 Mela,

354 4077 433 4122 cum
454 4050 610 4120 describit
629 4052 810 4118 lornaudeo
825 4051 867 4118 de
886 4053 955 4118 reb.
973 4053 1045 4117 Get.
1062 4072 1133 4140 cap.
1149 4067 1183 4132 7.
1208 4063 1281 4115 cum
1296 4033 1367 4100 Mil·
