2892 4950
368 406 432 470 ,σο
638 391 799 452 noers
839 393 1138 453 exscarrcsa

370 565 495 652 Hygia.
516 561 579 627 sab.
597 575 655 644 75.
699 563 785 628 Note
808 579 915 628 eurem
937 565 1010 630 sunt
1033 569 1169 632 omnino
1194 565 1304 630 solertia
1322 567 1376 628 siut

372 671 409 731 in
427 669 568 752 auguriis
593 681 627 730 et
647 667 942 738 vaticinationibus,
975 670 1071 756 longa
1093 671 1175 742 vita,
1207 669 1322 732 caecius
1337 697 1377 714 -

373 790 454 854 quse
473 766 618 856 persequi
638 787 705 830 non
720 767 763 830 eli
783 769 880 831 huius
896 769 968 832 loci.

449 969 691 1053 Epigonos)
739 971 821 1034 Sunt
842 971 899 1032 filii
920 985 940 1046 7
959 972 1095 1043 ducum,
1122 974 1177 1054 qui
1198 973 1272 1034 olim
1286 966 1379 1032 Thesei

375 1087 522 1156 tempore
539 1091 634 1157 grave
648 1071 768 1132 bellum
781 1086 888 1132 contra
903 1073 1073 1136 Thebanos
1087 1085 1332 1142 commoverant,
1353 1071 1378 1128 in

375 1194 440 1258 quo
455 1174 584 1256 quidem
603 1192 726 1242 onmes,
752 1185 873 1254 praeter
890 1173 1063 1245 Adrastum,
1087 1195 1162 1236 curn
1184 1175 1299 1259 ingenti
1316 1170 1380 1230 mili·

377 1291 448 1338 tum
462 1275 558 1358 lirage
574 1275 747 1355 perierunt.
782 1273 882 1354 Atque
898 1277 941 1335 ita
956 1275 1113 1357 explicant
1130 1295 1242 1338 vocem
1254 1286 1379 1339 auctores

243 1383 247 1392 '
376 1388 416 1437 ut
436 1376 622 1456 Apollodor.
640 1387 672 1454 5,
696 1389 730 1450 7,
755 1389 790 1437 2.
822 1373 851 1436 ui
873 1375 939 1438 τῶν
961 1372 1173 1465 ἂπολομένων
1198 1371 1310 1448 παῖδες.
1340 1368 1380 1434 Cf.

377 1477 474 1540 etism
490 1475 626 1536 Diodor.
641 1485 676 1557 4,
691 1476 750 1539 66.
766 1477 810 1536 in.
844 1475 1039 1561 llygin.sab'.
1058 1493 1117 1554 70.
1138 1494 1197 1554 71.
1234 1477 1313 1538 llaec
1329 1474 1381 1553 qui·

377 1578 453 1639 dem
468 1577 645 1658 sdpellatio,
663 1575 815 1657 Epigoni,
840 1575 987 1640 solemnis
1003 1577 1055 1650 esi,
1073 1599 1170 1660 quam
1187 1592 1217 1640 et
1234 1598 1270 1640 cx
1286 1573 1383 1635 Latinis

376 1679 580 1740 retinuerunt
598 1678 711 1758 aliqui,
737 1679 771 1736 in
790 1679 827 1738 iis
844 1679 910 1739 Cic.
928 1679 968 1740 de
982 1678 1036 1742 off.
1054 1698 1085 1750 t,
1103 1695 1165 1759 31.
1190 1697 1222 1742 et
1236 1679 1271 1740 sd
1286 1677 1383 1737 milites

377 1779 532 1862 quosdam
554 1780 588 1838 in
614 1777 779 1839 Alexandri
803 1778 848 1839 Nl.
881 1781 1017 1840 exercitu
1040 1783 1200 1842 transtulit
1223 1779 1320 1841 lustin.
1341 1789 1382 1842 rt,

379 1891 415 1962 4,
436 1899 492 1943 11.
526 1879 594 1944 hlia
609 1879 648 1940 de
668 1879 884 1962 adpellationis
903 1881 987 1940 illius
1011 1882 1188 1944 variatione
1210 1882 1294 1942 dedit
1308 1878 1383 1938 hluo-

379 1981 467 2044 cker.
484 1979 522 2042 ad
538 1981 658 2063 Hygio.
675 1977 737 2044 fab.
753 1994 811 2056 71.
834 1979 896 2062 ipsa
916 1983 1048 2058 nomina
1064 1984 1185 2044 ducum
1201 1979 1322 2044 Paussn.
1341 1993 1383 2042 ro.

384 2102 440 2152 ro,
458 2097 493 2144 Ω.
519 2080 703 2162 spouodor.
720 2095 753 2159 5,
769 2095 802 2156 7,
820 2097 854 2144 Ω.
878 2111 928 2126 -
953 2081 1007 2144 etit
1023 2085 1059 2143 in
1079 2083 1131 2146 his
1150 2081 1338 2148 dissentiunt,
1357 2089 1384 2135 ut

378 2183 548 2268 diligenter
568 2183 692 2244 notavit
714 2181 828 2260 Heyne
850 2183 890 2242 sd
907 2181 1139 2263 Apollodorum
1157 2205 1186 2248 c.
1202 2185 1223 2246 l.
1273 2185 1318 2244 De
1331 2175 1382 2260 ipio

378 2283 463 2346 bello
487 2279 607 2344 consuli
629 2281 729 2365 potest
752 2283 886 2346 Diodor.
908 2283 971 2346 Sic.
987 2291 1021 2365 4,
1045 2285 1103 2348 66.
1139 2277 1381 2368 Apollodorei

377 2399 411 2448 et
429 2381 593 2446 Pausanias
608 2401 642 2462 9,
657 2397 690 2460 5.
705 2395 737 2444 et
753 2400 788 2462 9.
820 2384 874 2463 qui
898 2397 1003 2446 tamen
1025 2385 1103 2447 alios
1124 2401 1269 2448 auctores
1286 2382 1382 2444 secutus

376 2484 430 2546 est.
468 2483 636 2544 Materiem
654 2484 751 2546 etism
773 2481 1017 2546 subministravit
1038 2488 1158 2568 puetis,
1185 2505 1278 2570 quam
1298 2479 1383 2544 meuri-

375 2583 471 2646 uihus
493 2595 675 2652 tractarent,
710 2583 758 2642 uti
778 2583 904 2664 adparet
927 2605 966 2646 ex
980 2585 1048 2650 Cic.
1062 2607 1090 2651 c.
1105 2588 1128 2652 l.
1154 2602 1188 2650 et
1205 2585 1324 2650 Tuscul.
1342 2599 1382 2664 qu·

377 2699 412 2757 2,
431 2693 491 2762 25·
513 2683 643 2765 aliisque
660 2681 699 2744 ab
716 2682 844 2762 Heynio
866 2687 995 2750 notetis.

454 2882 693 2965 Colophon)
742 2883 797 2946 Gr.
824 2880 994 2970 Κολοφὼν
1024 2889 1077 2952 vel
1102 2890 1199 2951 etism
1230 2880 1383 2966 Koseude·

377 2989 430 3051 De
455 2987 619 3048 conditore
648 2985 806 3066 deinceps.
856 2985 944 3048 Olim
974 2991 1081 3051 locum
1104 3003 1277 3052 tenuerunt
1300 2988 1384 3050 cares.

377 3087 494 3170 quibus
513 3086 645 3168 expulsis
661 3084 864 3149 successerunt
879 3088 1005 3158 Cretes,
1031 3090 1153 3158 llhacio
1171 3095 1264 3160 doce,
1286 3089 1322 3149 de
1336 3099 1385 3165 quo

376 3185 507 3253 Proteo.
525 3203 558 3264 7,
576 3202 610 3267 3,
631 3199 660 3249 t'.
711 3187 783 3250 Post
803 3189 1004 3266 Lysimachus
1028 3191 1234 3253 insolescunt
1249 3187 1385 3252 Lebediir.

378 3289 492 3352 eversis
509 3307 621 3349 eorum
629 3287 771 3359 urbibus,
785 3287 945 3370 Ephesum
957 3291 1098 3353 deduxit.
1112 3291 1258 3371 (Paulas.
1273 3313 1299 3359 r.
1309 3307 1338 3368 9.
1349 3283 1385 3361 d)

377 3390 452 3452 Post
471 3403 527 3450 aut
545 3389 707 3451 inllaurata
728 3389 771 3452 esi
793 3389 884 3461 urbs,
916 3403 971 3452 aut
993 3389 1146 3463 Notium,
1182 3407 1291 3475 portus
1312 3399 1386 3450 antea

377 3489 676 3574 Colophoniorum,
709 3490 743 3549 in
768 3509 887 3552 novam
920 3491 1033 3554 urbem
1062 3496 1216 3566 accrevit,
1253 3489 1334 3574 quod
1354 3501 1385 3546 e!

377 3591 474 3652 Livio
495 3591 688 3672 probabilius
710 3589 770 3652 else
790 3592 934 3662 videtur,
963 3594 1019 3674 qui
1043 3607 1101 3671 57,
1120 3593 1178 3665 ad,
1200 3609 1233 3673 5.
1256 3593 1385 3655 Notium,

377 3691 619 3775 Colophonium
642 3690 813 3772 oppidum,
848 3711 865 3754 a
887 3706 993 3755 vetere
1011 3693 1203 3776 Colophone
1225 3696 1287 3756 duo
1302 3691 1384 3752 serore

376 3793 424 3856 M.
436 3793 474 3854 P.
493 3791 592 3854 abesse
610 3789 723 3860 scribit,
748 3803 780 3852 et
801 3803 857 3870 38,
876 3807 933 3872 39,
952 3806 986 3872 ss.
1010 3795 1097 3856 victo
1113 3795 1280 3865 Antiocho,
1305 3789 1384 3854 eolo·

375 3895 515 3978 phoniis,
532 3893 585 3975 qui
602 3895 634 3952 in
646 3892 746 3954 Notio
758 3892 949 3964 habitabant,
966 3897 1204 3958 immunitatem
1218 3891 1383 3958 concessam·

375 3993 426 4062 Cf,
444 3995 541 4058 etism
556 3993 671 4073 Polyb.
689 4010 746 4066 uu,
764 4009 824 4068 27.
872 3995 1016 4079 Reliqua,
1038 3998 1169 4079 qusead
1185 3989 1384 4059 urbisveteris

374 4109 408 4161 et
444 4095 725 4180 Colophoniorum
768 4093 928 4160 hidoriarn
968 4099 1145 4182 pertinent,
1188 4095 1383 4183 exposuerunt
