2892 4950
125 383 130 393 ·
214 391 567 454 maonaraat.
608 393 691 452 ua
733 392 883 456 cxvrr.
926 397 1005 470 aa.
1067 407 1131 482 409

89 591 124 654 p.
147 567 230 647 065.
248 567 270 630 f.
288 569 392 646 584.)
420 561 588 628 Heliconii
614 563 762 649 Neptuni
789 587 866 632 cum
891 569 1053 636 Strabone
1073 571 1132 638 alii

91 668 195 734 etiam
215 667 271 733 hic
292 664 527 730 meminerunt
563 665 826 750 cognominatus
842 687 952 734 autem
967 669 996 736 is
1014 673 1068 746 est,
1091 678 1133 740 ab

90 769 220 844 Helice,
247 767 391 833 Achaiae
415 770 507 840 urbe,
535 766 591 831 ubi
618 772 780 854 templum
801 769 929 846 habuit,
957 774 1134 858 quodiam

93 895 135 936 ex
151 875 299 936 Homero
323 867 459 934 discitur
474 872 511 932 ll.
530 881 564 946 8,
585 889 649 934 aot
672 871 715 956 tq.
769 869 916 957 Quidam
936 876 1018 938 adeo
1042 895 1135 962 puta·

91 989 192 1048 runt,
227 971 269 1036 ad
293 969 457 1035 Panionia
490 967 547 1034 illa
575 969 689 1034 adludi
715 975 752 1036 ll.
772 993 828 1044 00,
851 986 937 1055 405.
971 993 1010 1040 ut
1034 977 1135 1046 tradit

93 1077 213 1142 strabo
232 1085 264 1152 8.
286 1095 319 1158 p.
338 1073 457 1150 0651.
475 1081 558 1152 584.
592 1071 649 1136 ubi
672 1089 781 1136 tamen
799 1073 909 1159 addit,
936 1075 1017 1141 alios
1041 1079 1135 1146 intel·

93 1177 201 1262 ligere
218 1176 259 1238 de
281 1174 400 1236 eodem
423 1171 599 1256 sacrificio,
630 1175 721 1260 quod
736 1175 844 1260 postea
864 1175 1055 1244 Prienenses
1079 1185 1135 1248 ob·

95 1275 247 1344 tulerim.
300 1276 398 1338 Certe
430 1278 525 1338 lonea
547 1273 706 1338 Achaiam
733 1274 814 1340 olim
839 1276 1027 1356 incoluille,
1060 1282 1136 1348 latia

95 1379 232 1444 constat.
270 1379 322 1440 De
342 1377 396 1438 sua
416 1373 514 1439 etiam
537 1393 643 1440 aetate
664 1379 826 1442 Strabo-c.
842 1383 864 1443 l.
886 1382 1004 1455 refert,
1039 1387 1136 1450 lonaa

95 1483 294 1565 Neptunum
315 1479 442 1550 colere.
473 1493 507 1540 et
525 1473 572 1540 ibi
593 1475 629 1542 in
645 1477 717 1541 eiua
735 1484 858 1565 templo
871 1481 1032 1548 Panionia
1054 1491 1137 1550 cele·

94 1584 207 1647 brare.
257 1580 464 1644 Mactabatur
487 1599 566 1642 vero
590 1595 720 1653 taurus,
755 1596 788 1644 et
815 1581 1005 1666 perlitatum
1027 1590 1137 1652 crede·

97 1683 217 1753 batur.
251 1683 273 1744 li
296 1695 409 1743 taurua
432 1677 488 1742 ille
517 1679 690 1765 mugiillet.
726 1685 880 1760 (Homer.
905 1687 941 1748 ll.
967 1705 1025 1760 00,
1051 1701 1138 1771 404.

99 1786 221 1849 Strabo
236 1793 269 1860 8.
290 1803 323 1865 p.
344 1783 425 1859 065.
442 1781 464 1844 1.
480 1788 583 1860 584.)
635 1783 833 1846 Consultalle
856 1782 957 1848 etiam
979 1788 1020 1850 de
1039 1793 1138 1854 rebua

97 1882 247 1971 publicio
273 1883 409 1966 adparet
429 1898 467 1946 ut
487 1904 528 1946 ex
550 1880 641 1956 aliis,
677 1887 718 1948 src
741 1905 780 1946 ex
802 1885 970 1950 Herodoto
999 1912 1029 1962 r,
1059 1905 1138 1972 141.
1229 1935 1233 1942 ·

99 1991 140 2052 ln
158 1982 272 2049 numia
295 1998 462 2068 praeterea
485 1981 606 2068 legitur
631 2006 736 2050 κοινον
760 1985 954 2060 Πανιωνιον,
980 2009 1084 2058 κοινον
1108 2013 1141 2078 ιγ

100 2089 124 2152 l.
143 2111 177 2174 γι
194 2082 333 2158 πολεων,
348 2085 550 2158 ·Πανιονιου,
577 2086 618 2148 dc
634 2083 754 2171 quibua
769 2085 811 2150 01.
826 2089 1003 2172 spanhem.
1020 2093 1061 2155 de
1080 2094 1140 2156 usu

99 2219 154 2238 ...
174 2209 268 2252 num.
285 2184 352 2250 diff.
367 2207 400 2266 9.
414 2209 447 2270 p.
457 2189 541 2266 644.
565 2187 689 2250 Rasche
705 2185 741 2248 in
755 2190 834 2253 Lex.
846 2209 938 2254 num.
952 2193 992 2254 T.
1009 2209 1041 2270 3.
1058 2195 1093 2256 P.
1108 2213 1139 2258 0.

100 2313 136 2377 p.
152 2303 240 2370 477.
264 2304 298 2351 et
311 2289 439 2352 Eclthel
458 2283 494 2348 in
516 2288 621 2351 doctr.
641 2309 732 2350 num.
751 2291 791 2352 T.
813 2313 842 2353 r.
865 2291 935 2352 Vol.
955 2311 986 2356 0.
1007 2315 1039 2378 p.
1056 2306 1141 2374 508.

103 2389 241 2458 Similea
261 2404 446 2452 conventus
467 2405 768 2452 commemorantur
787 2387 1008 2478 Iluvrddrjvto,
1032 2396 1144 2462 ssavu-

101 2491 247 2580 alvan.
274 2483 508 2580 Παμβοιὼτια.
540 2491 703 2570 (Eustath.
728 2491 769 2552 ad
789 2494 924 2558 Homer.
946 2495 982 2558 ll.
1002 2513 1034 2570 0,
1058 2509 1142 2576 505.

103 2615 203 2682 p.m.
222 2607 304 2669 005.
337 2589 548 2654 Meurlluain
565 2589 702 2655 Graecia
727 2590 854 2666 feriata.
881 2591 932 2655 hia
955 2601 1067 2676 voce.)
1105 2583 1160 2662 ln'

103 2692 243 2760 historia
271 2695 311 2756 R.
337 2708 434 2756 notae
459 2691 534 2755 sunt
558 2685 669 2783 feriae
694 2694 843 2758 Latirtoe.
893 2694 1004 2760 Hodie
1032 2701 1145 2765 locum

106 2810 285 2884 quaerunt.
308 2791 368 2858 ubi
386 2791 481 2858 vicua
497 2793 541 2856 011
558 2793 728 2876 Claorrglee.
756 2797 870 2880 (Angl.
889 2796 1043 2862 Pococlte
1058 2802 1099 2864 T.
1111 2815 1144 2878 3.

105 2919 184 2986 1³²5·
206 2899 286 2978 79·)

186 3093 400 3181 Phygela)
434 3098 486 3158 De
504 3093 630 3181 duplici
648 3093 805 3181 scriptura
826 3094 895 3160 dixi
916 3093 952 3159 in
968 3096 1056 3161 notia
1073 3098 1146 3165 crit.

108 3224 144 3289 p.
156 3212 242 3280 505.
269 3195 452 3283 Πολίχνιον
465 3214 563 3262 vocat
576 3219 653 3261 curn
669 3203 792 3284 templo
805 3196 1005 3276 Monychiae
1019 3197 1148 3282 Dipnae

111 3303 233 3368 Strabo
252 3310 306 3378 ι4.
321 3298 479 3382 404401.
491 3301 574 3378 639.
596 3294 691 3365 πόλιν
710 3295 781 3389 trapi
798 3295 857 3387 τὴν
868 3293 1017 3380 Ἔφεσον
1033 3313 1148 3366 auctor

109 3405 258 3485 Etymol.
273 3421 306 3484 p.
322 3401 405 3480 695.
458 3397 589 3462 Gentile
617 3401 721 3463 estex
743 3405 842 3469 altera
865 3397 1022 3484 scriptura
1044 3395 1148 3490 Πυγε-

111 3497 202 3584 λεύς.
231 3503 438 3585 (Stephanae
453 3499 486 3564 h.
499 3523 533 3566 v.
556 3503 741 3586 Xenophon
758 3500 828 3566 tritt
843 3505 898 3566 Gr.
920 3524 949 3576 1,
968 3519 1000 3576 0,
1019 3507 1071 3584 0.)

190 3695 337 3799 Epiros
337 3727 383 3768 us
388 3703 408 3787 )
456 3705 512 3766 Gr.
529 3695 692 3784 Ἔφεσος,
723 3705 813 3767 unde
834 3705 1036 3769 descendunt
1054 3701 1152 3786 Ἐφέ-

114 3829 199 3885 otor,
227 3805 263 3870 in
278 3809 334 3870 Gr.
349 3822 382 3868 et
399 3807 470 3867 Lat.
486 3802 659 3890 Ἐφεσὶτης
680 3820 713 3866 et
729 3797 898 3888 Ἐφεσεὺς.
935 3803 1035 3878 Olim,
1061 3807 1151 3891 quod

115 3909 220 3974 tradit
245 3909 361 3970 Strabo
384 3917 437 3986 ι4.
465 3928 497 3989 p.
518 3917 603 3984 440.
626 3906 648 3968 1.
673 3907 756 3984 640.
788 3921 967 3969 tenuerunt
992 3909 1092 3969 Carea
1118 3923 1152 3969 et

117 4015 268 4095 Leleges,
294 4006 414 4095 quibua
429 4006 565 4070 Pausarr.
583 4023 616 4081 7,
636 4025 667 4079 a,
683 4017 717 4087 4.
739 4004 832 4070 addit
845 4007 966 4087 Lydos.
1001 4007 1151 4072 Deducta

116 4113 189 4200 poll
208 4109 341 4178 colonia
360 4108 556 4186 Androclus,
583 4107 687 4174 Codri
707 4104 807 4184 saliua,
834 4127 902 4182 eoa,
929 4104 987 4195 qui
1009 4106 1151 4193 superio
