2922 4958
241 421 598 482 annonariae
640 421 721 478 nr.
764 421 897 480 oxon
939 421 1019 494 aa.
1091 433 1154 503 39.

114 597 292 682 phanath.
311 617 345 658 v.
380 595 500 675 Phryxi
522 595 626 656 filiurn
646 613 719 656 cum
736 593 851 656 Noiiro
873 593 997 656 iaciunt
1010 593 1158 658 Herodo-

114 713 178 770 tue‚
207 699 411 781 Apolloniae,
435 695 559 766 Strabo.
586 697 774 778 Apollodor.
796 718 823 766 r.
847 715 881 776 9.
905 719 933 759 ι.
962 695 1157 778 Stephanus,

115 803 306 878 Anonymns
329 801 362 860 in
385 802 452 860 vita
469 799 631 880 Apollonii
656 811 736 862 extr.
788 797 856 880 lpse
876 798 1020 876 Phryxue
1038 801 1156 882 migra·

114 905 208 965 tione
229 901 281 970 [aa
304 917 337 964 et
364 903 497 962 traiecto
523 898 595 962 satir
616 901 669 962 vei
690 920 728 962 ex
746 900 944 984 Palaephato
960 920 987 964 c.
1001 912 1034 982 5.
1057 915 1157 966 ootut

113 1003 176 1076 eii,
201 1003 259 1066 ubi
274 1003 342 1068 vid.
363 1022 444 1086 quoe
463 1001 608 1064 laudavit
625 1001 798 1066 Fischerur.

190 1197 402 1298 posito)
452 1203 505 1266 sic
521 1219 554 1274 α.
575 1221 608 1268 a.
625 1200 647 1268 f.
671 1217 704 1266 et
727 1205 811 1286 apud
834 1184 913 1267 alioa
929 1223 989 1288 pro
1012 1203 1158 1272 contere.

113 1307 273 1390 Exempla
300 1309 508 1390 conlegerunt
540 1307 569 1366 la
597 1307 700 1370 Cerda
737 1307 775 1366 ad
803 1299 911 1390 Virgii'.
938 1309 1017 1369 Aen.
1039 1320 1074 1388 8,
1097 1321 1156 1387 53.

114 1409 265 1472 Heiniiue
289 1410 328 1468 ad
350 1409 450 1470 Ovid.
474 1407 590 1470 aanor.
606 1419 639 1486 4,
661 1423 719 1482 72.
747 1408 833 1470 idern
858 1422 890 1470 et
912 1407 1093 1472 Burmann.
1115 1409 1156 1470 ad

115 1509 215 1574 Ovid.
228 1511 363 1572 Metam.
377 1523 409 1590 3,
425 1523 480 1584 13.
503 1508 556 1570 hio
570 1511 666 1570 etiam
683 1511 722 1568 ad
738 1509 873 1571 Phaedr.
893 1525 926 1580 a,
945 1521 978 1587 5,
996 1527 1031 1592 9.
1066 1511 1157 1576 Hinc

112 1608 237 1701 pofitor
268 1612 308 1672 da
342 1613 508 1672 conditore
536 1609 635 1674 Ovid.
672 1611 805 1671 Metam.
831 1628 864 1690 9,
886 1621 973 1690 448.
1025 1613 1155 1676 Eodem

113 1712 203 1774 sensu
220 1711 406 1803 constituere
420 1710 534 1772 Noster
556 1731 584 1782 r.
609 1731 663 1782 ιι.
681 1727 713 1774 o.
730 1710 876 1802 statuere
892 1714 1001 1776 Vellei.
1017 1735 1046 1784 t.
1070 1735 1101 1788 r..
1121 1729 1154 1778 o.

112 1828 147 1876 et
163 1815 228 1876 aiii.
265 1815 336 1876 Vid.
358 1811 535 1874 Ruhnken.
557 1813 597 1872 ad
621 1813 732 1874 veltet.
754 1833 782 1882 t,
806 1829 839 1882 Ω.
864 1825 896 1890 5.
948 1815 1099 1878 fundare
1122 1829 1157 1876 et

110 1935 226 1995 ponere
246 1912 424 1996 promiscua
445 1913 594 1976 adhibuit
615 1913 753 1978 Phaedr.
769 1927 801 1996 3,
818 1933 852 1996 9,
869 1930 903 1978 n.
926 1915 960 1978 6.
997 1918 1050 1980 sic
1064 1931 1098 1980 et
1119 1916 1154 1978 in

112 2015 244 2080 Graecia
265 2011 391 2107 τίθημι.

192 2217 400 2300 Cytoros)
450 2217 505 2280 Gr.
528 2205 685 2305 Κῦτωρος
705 2217 902 2300 pierumque.
937 2220 1085 2282 Variatur
1106 2235 1154 2284 te·

112 2339 190 2384 men
208 2339 321 2404 genos.
351 2319 436 2380 Nam
452 2309 594 2400 ὑλήεντα
613 2311 768 2406 Κύτωρον
786 2323 864 2381 dicit
881 2322 1028 2402 Apollon.
1041 2321 1153 2388 ahod.

112 2439 149 2490 a,
167 2435 251 2500 942.
278 2421 332 2482 etii
354 2415 466 2502 paffim
491 2423 566 2482 talia
588 2421 622 2482 in
640 2423 784 2485 Homero
806 2422 845 2484 de
865 2419 1028 2486 femininis
1049 2422 1152 2486 obier-

113 2539 234 2584 vantnr
250 2523 393 2586 coniecta
414 2521 454 2582 ab
471 2522 636 2584 Eutiathio
652 2523 690 2582 ad
717 2523 754 2584 ll.
776 2539 808 2592 a.
828 2523 911 2600 5⁶¹7·
940 2545 973 2606 p.
997 2545 1040 2586 m.
1066 2541 1151 2601 217.

111 2627 167 2708 qni
186 2621 299 2684 diserte
321 2625 360 2683 ad
379 2624 414 2684 ΙΙ.
432 2639 464 2692 o.
478 2635 563 2700 853.
580 2644 612 2705 p.
628 2645 672 2685 m.
690 2635 776 2703 274.
793 2625 838 2688 in.
857 2629 1028 2708 praeponit
1044 2619 1075 2710 ty.
1109 2628 1152 2691 At

113 2727 229 2790 Strabo
254 2741 306 2786 ro.
322 2745 354 2806 p.
376 2737 456 2803 375.
477 2723 495 2785 i.
513 2737 597 2804 545.
625 2726 763 2788 Ptolem.
781 2739 814 2802 5,
838 2747 866 2789 ι.
893 2741 1007 2788 neutro
1033 2749 1150 2812 genere

111 2827 280 2910 usurpant.
320 2827 426 2884 Latini
456 2827 590 2908 Cytoros
617 2823 636 2888 i.
663 2827 811 2907 Cytorus.
858 2829 906 2887 An
930 2832 1042 2890 eadem
1066 2831 1150 2892 dicta

111 2931 213 2994 etiarn
231 2925 326 2987 fuerit
349 2917 519 3012 Κοτύωρα,
544 2926 744 3008 disceptatur.
794 2927 856 2988 Sed
879 2929 945 2989 vid,
963 2929 1002 2989 de
1025 2949 1063 2990 eo
1082 2933 1150 2994 Ste-

110 3032 250 3114 phanus,
277 3029 400 3096 Suidae.
426 3029 607 3090 Euiiathiue
623 3049 649 3090 o.
666 3029 686 3091 Ι.
713 3041 745 3088 et
761 3047 799 3088 ex
825 3029 1053 3090 recentioribus
1078 3029 1150 3094 Vos·

113 3131 175 3194 fiue
199 3134 238 3192 ad
261 3129 422 3208 Scylacem
444 3151 476 3210 p.
494 3143 551 3205 δι.
574 3131 639 3206 (ed.
661 3129 776 3206 Gron.)
815 3128 995 3212 Weffeling.
1016 3133 1054 3190 ari
1073 3133 1151 3196 Dio·

112 3233 183 3296 dor.
209 3241 337 3310 1431.
366 3245 398 3292 et
420 3231 453 3290 io
474 3232 584 3312 primir
603 3227 767 3292 Berkeiioe
784 3230 822 3290 ari
840 3229 996 3312 Stephon.
1013 3253 1044 3312 p.
1060 3243 1147 3315 474.
1215 3219 1217 3224 ¹

110 3348 146 3396 et
160 3335 248 3411 456.
275 3346 306 3392 et
323 3333 362 3393 de
378 3333 542 3412 utriusque
558 3333 793 3412 permutatione
809 3331 933 3393 Politur
947 3332 986 3392 ad
1004 3333 1149 3400 Euitath.

110 3436 146 3496 in
164 3435 298 3496 Homer.
322 3433 363 3496 T.
382 3449 413 3494 o.
436 3455 467 3514 p.
488 3445 558 3510 783
577 3431 618 3514 sq.
669 3433 839 3494 Berkeliue
864 3447 957 3513 putat
979 3435 1149 3515 antiquum

109 3555 234 3600 nomen
270 3533 356 3594 irrisio
391 3533 565 3613 Cytorum.
608 3555 626 3594 a
664 3533 769 3612 Cotye
803 3533 1040 3616 Paphlagoniae
1075 3557 1149 3621 rege

109 3650 243 3720 propter
263 3635 384 3718 insigne
407 3636 597 3696 beneficium
618 3638 650 3696 in
668 3637 809 3712 Cotyora
834 3635 1001 3704 traneiiffe.
1033 3635 1083 3698 sed
1108 3659 1148 3702 eo

109 3752 243 3800 mortuo
268 3735 401 3819 priscum
418 3751 604 3796 revocatum
627 3735 696 3798 elie.
748 3735 871 3806 stratio,
896 3737 952 3818 qni
970 3737 1148 3815 Cotyorum

109 3853 220 3908 vocat,
237 3835 387 3913 aCytoro
402 3837 460 3898 fito
472 3839 570 3897 etiam
587 3837 762 3921 distinguit.
787 3838 966 3916 Cotyoronp
982 3843 1080 3910 enim.
1098 3843 1148 3904 uti

109 3940 221 4003 etalii
244 3953 379 4009 vocant,
404 3940 578 4020 (Scyrnnue
599 3939 701 4000 (lirino
723 3937 757 3996 in
781 3936 894 4021 fragm.
918 3959 949 4001 v.
974 3955 1052 4014 177.
1074 3940 1148 4028 -)

109 4042 349 4104 Tibareoorum
370 4037 431 4100 fuit
452 4037 558 4102 verior
573 4038 746 4102 Ceraionta
768 4039 908 4114 (Strabo,
934 4041 1083 4125 Xenoph.
1106 4045 1147 4108 de

109 4145 226 4226 exped.
241 4143 317 4220 Cyri
336 4155 369 4220 5,
390 4153 422 4218 5,
441 4154 474 4221 5.
500 4142 585 4206 Plio.
604 4143 638 4214 6,
655 4156 689 4204 a.
707 4153 740 4204 et
754 4149 791 4218 4.
818 4141 954 4204 Ptolem.
965 4155 999 4220 5,
1014 4163 1044 4208 ι.
1056 4159 1088 4208 et
1099 4147 1147 4222 6.)
