2764 4954
292 369 355 452 360
561 366 723 434 ΞῖΟΤΔΕ
763 369 1064 430 Exossatus!

295 545 348 611 cf.
368 539 468 608 etiam
484 541 603 610 Conon
618 565 689 630 cap.
703 555 764 628 4ο.
791 541 850 632 qui
869 542 1074 612 Phoenicem
1097 523 1232 609 altemm
1248 558 1311 627 pro

296 669 375 717 cum
391 643 501 722 addim
530 644 680 730 Hyginus
697 664 807 710 tamen
824 647 889 712 sab.
909 651 967 730 64.
988 647 1141 733 sponsum
1156 644 1233 710 facit
1246 647 1315 728 Age·
1355 694 1356 746 q

296 769 424 813 norem.
475 751 518 811 Et
532 749 574 812 sic
589 745 645 811 alii
663 747 726 812 alia
747 747 787 812 de
802 747 923 812 Phinei
944 747 1142 834 cognatione
1165 763 1197 810 et
1216 767 1315 832 paren·
1356 792 1357 828 q

296 848 388 916 tibus
413 849 563 922 tradunt.
597 853 709 934 plures
735 848 836 913 etiam
867 848 1012 914 Phineos
1046 851 1249 936 producunt;
1281 849 1316 910 de
1357 890 1358 930 q

299 949 422 1040 quibus
445 950 486 1014 cs.
507 953 679 1016 Salmasius
709 953 751 1014 ad
779 949 883 1014 Solin.
907 975 939 1036 p.
959 973 1004 1015 m.
1030 963 1116 1033 4⁰⁴⁰·-
1151 953 1261 1032 Heyne
1283 949 1319 1011 ad
1358 988 1359 1024 4

296 1053 488 1138 Apollodor.
510 1077 540 1127 ι,
563 1072 597 1134 9.
621 1073 677 1118 aa.
708 1069 742 1118 et
767 1072 850 1141 quoe
876 1067 1116 1118 commemorat
1136 1054 1320 1118 Staverenus
1359 1086 1360 1114 r

298 1154 342 1220 ad
362 1151 482 1240 Hygin.
506 1176 538 1242 p.
558 1157 615 1220 oe.

374 1354 629 1441 celebratae)
652 1360 764 1424 Recte.
795 1355 897 1424 Multi
908 1355 999 1426 enim
1013 1357 1095 1425 olim
1109 1355 1220 1423 dedita
1235 1373 1325 1442 opera

300 1459 389 1522 hanc
415 1458 561 1522 fabulam
587 1464 817 1537 excoluerunt,
849 1465 1033 1550 eodemque
1057 1473 1251 1547 argumento
1272 1473 1326 1518 tra·

299 1555 436 1646 goedias
452 1561 706 1645 composuerunt
720 1581 849 1649 poetae.
876 1581 914 1628 ut
929 1566 1121 1649 Sophocles,
1148 1556 1327 1644 Euripides,

300 1658 418 1725 Livius
441 1660 660 1736 Andronicus,
686 1663 827 1739 Ennius,
852 1663 983 1739 Accius,
1010 1666 1051 1729 de
1067 1664 1188 1754 quibua
1203 1661 1328 1724 inutra-

302 1783 368 1850 que
386 1759 587 1826 bibliotheea
606 1762 670 1827 luis
691 1764 775 1830 locis
791 1763 877 1830 dixit
893 1765 1075 1831 Fabricius.
1124 1769 1240 1830 Plures
1256 1756 1329 1822 adti-

301 1879 438 1950 gerunt,
472 1861 507 1928 in
529 1863 649 1951 quibus
674 1869 791 1931 Strabo
812 1871 865 1934 16.
889 1891 922 1954 p.
937 1881 1021 1948 502.
1040 1868 1061 1932 l.
1078 1881 1163 1948 759.
1198 1859 1330 1930 Ovidius

300 1968 437 2032 Metam.
453 1977 489 2046 4,
506 1969 577 2033 662
596 1969 659 2054 sqq.
686 1967 854 2033 Lucienus
870 1967 905 2032 in
922 1968 1041 2055 dialog.
1059 1991 1140 2033 mar.
1163 1979 1217 2049 ι4.
1243 1963 1331 2048 Apol-

303 2069 410 2132 lodor.
430 2087 462 2140 e.
481 2079 516 2150 4,
534 2085 566 2148 5.
592 2067 677 2132 Plin.
692 2089 726 2152 9,
741 2081 775 2152 4.
785 2071 806 2135 s.
817 2085 850 2152 5.
876 2073 1032 2157 Iosephus
1046 2072 1087 2134 de
1095 2074 1133 2134 B.
1145 2069 1219 2132 lud.
1235 2085 1265 2140 a,
1282 2078 1331 2140 17.

303 2170 440 2234 Pausan.
456 2180 492 2252 4,
508 2171 567 2250 55,
584 2172 617 2235 6.
651 2170 754 2237 Solin.
779 2197 807 2238 c.
824 2191 882 2254 37.
896 2174 918 2236 s.
937 2189 995 2252 37.
1029 2169 1182 2257 Hyginus
1198 2169 1262 2234 fab.
1279 2167 1331 2243 oo

303 2269 388 2334 etin
404 2287 492 2355 poet.
515 2271 630 2336 aſtron.
650 2291 682 2348 a,
706 2293 741 2357 9.
774 2272 966 2340 Lactantius
986 2271 1141 2338 Placidus
1166 2270 1203 2334 in
1221 2279 1332 2333 narrat.

303 2371 370 2434 lab.
387 2381 423 2451 4,
447 2391 501 2454 ¹9·
522 2371 656 2459 aliique.
707 2377 879 2440 Accedunt
900 2373 1090 2440 auctoribus
1112 2370 1223 2456 numi,
1254 2387 1334 2454 gem·

304 2495 398 2546 mae,
432 2472 562 2559 aliaque
583 2493 810 2542 monumenta.
860 2479 912 2540 De
929 2477 978 2541 rei
1003 2473 1224 2562 explicatione
1244 2463 1334 2534 multi

304 2575 410 2642 multa
432 2597 471 2638 ex
492 2573 734 2640 recentioribus
762 2579 968 2654 adtulerunt,
1000 2577 1051 2642 uti
1073 2580 1247 2643 Salmasius
1269 2593 1295 2634 c.
1315 2573 1334 2632 l.

304 2677 429 2742 Vossius
445 2675 485 2738 de
501 2675 667 2762 theologia
682 2676 796 2762 gentil.
819 2703 848 2754 1,
871 2696 927 2758 23.
944 2697 978 2744 et
992 2697 1050 2760 5ο.
1076 2678 1200 2744 Banier
1215 2675 1250 2739 in
1266 2675 1336 2736 th·

305 2779 449 2844 terlehre
471 2780 568 2842 Tom.
590 2788 625 2858 4.
654 2802 686 2864 p.
712 2792 786 2862 554
800 2780 865 2867 sqq.
897 2780 1065 2846 Bachiene
1083 2783 1182 2844 Tom.
1203 2799 1234 2844 a.
1257 2779 1291 2840 P.
1307 2788 1336 2850 3·

304 2905 339 2970 p.
366 2881 433 2958 146
449 2881 515 2966 sqq.
567 2877 712 2966 Quidam
734 2881 775 2945 de
797 2879 902 2966 pirata
927 2882 1111 2968 explicant,
1138 2883 1202 2962 (cs.
1226 2881 1338 2944 Conon

305 2997 427 3048 narrat.
444 2993 505 3062 4ο.
538 2999 572 3045 et
592 2983 766 3046 Muncker.
790 2984 832 3046 ad
856 2983 1021 3068 Fulgentii
1044 2985 1182 3065 mythol.
1212 3006 1242 3054 ι,
1267 2979 1337 3057 25.)

306 3089 419 3172 plures
442 3079 553 3162 (iniis
570 3085 736 3147 Relandus
753 3085 794 3148 de
810 3083 987 3148 Palaestina
1006 3083 1063 3149 lib.
1080 3101 1112 3164 5.
1128 3107 1160 3168 p.
1176 3107 1222 3147 m.
1240 3081 1337 3160 640.)

307 3211 348 3252 ex
369 3181 500 3247 historia
517 3188 616 3248 Ionae
631 3186 672 3248 ad
696 3186 841 3250 fabulam
861 3184 1038 3250 informata
1056 3186 1238 3250 deducunt.
1275 3179 1338 3264 lpla

306 3284 453 3360 narratio
477 3285 661 3351 summatim
676 3289 776 3351 haec:
810 3287 1019 3351 Andromeda
1036 3290 1078 3352 ob
1096 3286 1211 3350 matris
1228 3283 1338 3349 Calsre·

306 3395 383 3484 piae
407 3389 590 3477 superbiam
607 3390 798 3476 formaeque
815 3385 992 3464 fiduciam,
1019 3410 1083 3476 qua
1099 3389 1130 3452 le
1144 3383 1338 3451 Nereidibus

306 3499 521 3584 praetulerat,
554 3495 627 3556 saxo
644 3489 783 3575 adligata
801 3511 839 3554 ac
858 3487 1005 3554 marinae
1026 3493 1156 3553 belluae
1179 3487 1339 3553 obiectae

305 3599 424 3664 Perseo
447 3599 571 3660 servata
590 3611 623 3660 et
641 3592 677 3656 in
695 3589 945 3657 matrimonium
962 3593 1060 3656 ducta
1082 3590 1136 3655 est.

382 3796 628 3896 vestigium)
676 3798 714 3857 In
744 3794 862 3859 ollibus
886 3797 1017 3862 belluae
1042 3791 1139 3881 ponit
1160 3794 1290 3862 Noster.
1322 3805 1338 3848 a

308 3925 375 3993 quo
392 3900 448 3964 alii
464 3917 553 3964 recte
569 3897 766 3982 discrepant.
793 3899 890 3970 Nam.
909 3915 1042 3962 auctore
1051 3895 1165 3961 Plinio
1176 3915 1211 3978 9,
1223 3907 1257 3976 4
1272 3893 1292 3954 s.
1307 3897 1338 3966 5·

294 4008 374 4070 ossa
396 4001 453 4066 illa
477 4005 619 4066 Romam
642 4001 780 4062 devecta
805 4013 839 4062 et
859 4019 878 4061 a
899 4001 946 4063 M.
970 4003 1094 4064 Scauro
1117 3995 1153 4061 in
1179 3991 1340 4061 aedilitate

306 4109 431 4183 ostensa
450 4105 594 4172 sumunt.
645 4096 818 4168 Consentit
836 4097 884 4166 ita
907 4099 1043 4168 Solinus
1064 4121 1093 4166 c.
1116 4113 1175 4182 57.
1192 4100 1213 4164 t
1228 4107 1285 4178 34.
1306 4102 1341 4152 ut
