2852 4946
348 404 412 480 ott
618 395 781 456 uorat:
820 396 1121 459 oxaoartoan

348 572 508 641 indicant,
534 583 683 654 corrupte
705 569 859 654 quidem.
884 586 922 633 ut
944 571 1040 636 docet
1065 573 1230 645 Mannert,
1264 572 1371 656 Geogr.

349 669 447 738 Tum.
459 675 493 738 6.
509 671 546 735 P.
566 691 596 736 1.
612 693 645 756 p.
663 684 745 751 381.
784 671 908 741 Nostra.
930 675 1016 756 quod
1032 687 1064 737 et
1078 673 1142 758 ipse
1156 675 1242 738 Melo
1255 674 1371 742 iudicat.

351 777 403 838 fita
419 757 482 836 suit
497 773 571 836 tesso
585 773 742 836 Strabone
763 771 817 836 16.
830 789 958 856 p.520.
974 773 993 838 s.
1012 787 1095 855 755.
1120 777 1205 838 inter
1217 775 1332 839 Sidona
1345 786 1373 835 et

348 873 605 958 Theuprosopon
626 876 660 935 in
681 875 757 936 loco
781 875 902 939 excelso
920 896 987 938 non
1001 879 1113 960 procus
1132 898 1149 939 a
1165 879 1263 947 mari,
1294 875 1374 936 olim·

347 997 412 1063 que
433 978 570 1056 Cinyrae
590 973 651 1036 suit
672 977 769 1060 regia.
821 978 971 1040 inclaruit
1000 991 1109 1040 autem
1129 981 1269 1041 maxime
1296 974 1374 1036 sarrit

348 1079 523 1148 Adonidis,
554 1095 649 1158 quere
670 1089 703 1139 et
726 1078 760 1137 iu
779 1078 887 1141 numia
909 1078 997 1161 saepe
1021 1095 1153 1142 vocatur
1176 1073 1264 1166 ἱερὰ,
1288 1076 1375 1139 atto·

348 1195 477 1262 touque.
502 1181 614 1250 Deam,
638 1179 673 1238 in
693 1178 813 1261 templo
831 1179 1002 1262 adpositam
1020 1181 1126 1245 habet.
1167 1182 1242 1244 vid.
1265 1175 1375 1242 Rasche

349 1279 386 1343 in
407 1283 483 1343 Lex.
507 1299 599 1342 num.
619 1281 660 1341 T.
681 1299 710 1342 ι.
734 1279 773 1342 Ρ.
793 1299 823 1342 ι.
848 1301 881 1362 p.
903 1282 997 1359 1634
1015 1279 1057 1363 sq.
1108 1283 1157 1345 Ita
1173 1301 1305 1364 nempe.
1329 1275 1376 1340 vel

348 1385 418 1446 Dea
434 1381 532 1461 Syria,
550 1393 682 1440 vooatur
696 1381 815 1449 Venus,
840 1381 929 1460 Syria
942 1381 1095 1464 'syroque
1107 1397 1271 1466 concepta.
1289 1395 1376 1462 quam

348 1467 492 1550 adortat
513 1480 643 1563 nupsisse
665 1483 817 1542 traditum
839 1481 895 1552 est,
925 1495 962 1544 ut
984 1484 1028 1545 ait
1044 1483 1156 1547 Cicero
1172 1485 1214 1546 de
1230 1481 1272 1544 N.
1289 1483 1328 1542 D.
1346 1491 1375 1556 3·

351 1599 411 1666 25.
435 1595 469 1648 et
488 1581 565 1644 hino
581 1577 776 1670 Ἀφροδίτην
799 1579 950 1660 Βυβλίαν
969 1597 1062 1646 vocat
1081 1585 1242 1648 Lucianue
1263 1583 1302 1644 de
1317 1581 1377 1642 ner

348 1687 439 1768 Syria
453 1703 521 1767 cap.
536 1684 570 1747 6.
596 1682 653 1742 ubi
673 1683 763 1766 plura
779 1683 820 1745 de
842 1704 888 1747 ea.
924 1681 976 1747 Ci.
999 1687 1111 1757 etiam,
1142 1705 1224 1768 quae
1245 1679 1377 1766 conlegit

348 1788 503 1852 Seldeuue
527 1785 568 1846 de
595 1785 666 1847 Diia
690 1786 777 1864 Syrie
799 1801 832 1854 a.
856 1799 889 1864 3.
941 1785 1041 1870 Quod
1067 1787 1245 1869 Byblinum
1270 1785 1377 1847 vinum

349 1884 463 1974 passim
485 1885 647 1958 laudatur,
681 1887 742 1948 alio
763 1884 965 1952 referendum
987 1887 1042 1952 esi.
1100 1891 1147 1951 Ita
1167 1889 1257 1952 enim
1281 1887 1320 1948 de
1341 1899 1375 1944 eo

349 1993 486 2052 Tzetzea
500 1988 539 2050 ed
556 1985 697 2066 Hesiodi
708 2005 784 2069 opp.
801 2007 834 2050 v.
854 2003 886 2051 a.
900 2009 932 2072 p.
949 1999 1089 2068 m.135.
1112 1980 1277 2066 Βὺβλινος
1300 1975 1377 2056 οἶνος

350 2083 417 2156 ἀπὸ
449 2083 597 2165 Βυβλίας
622 2083 772 2177 ἀμπέλου
798 2087 960 2176 Θρᾳκίας,
993 2091 1109 2172 quibua
1136 2090 1279 2153 subiicit:
1316 2075 1375 2147 ari

349 2191 417 2256 Ιτῶν
438 2186 610 2278 Ἀσσυρίων
630 2187 696 2253 τῶν
717 2184 787 2276 περὶ
810 2187 869 2278 τὴν
889 2187 1027 2269 Βίβλον.
1078 2193 1122 2254 Et
1141 2193 1180 2254 sic
1200 2187 1375 2254 Eustathiut

351 2294 390 2358 ad
407 2293 539 2354 Homer.
556 2291 594 2354 ΙΙ.
614 2309 670 2360 ιι,
689 2291 772 2370 658.
789 2313 822 2373 p.
840 2311 884 2356 ro.
904 2305 987 2377 319,
1005 2294 1063 2358 26.
1084 2315 1102 2355 a
1117 2294 1270 2355 Thraciae
1283 2287 1376 2371 regio·

349 2415 411 2466 ne,
437 2392 493 2452 ubi
517 2391 700 2474 proveniat,
725 2393 851 2474 repetit.
903 2394 966 2455 dlii
991 2393 1131 2456 Naxium
1150 2396 1250 2456 etiam
1272 2384 1375 2454 vocari·

350 2497 443 2560 aliia
465 2495 532 2554 vite
553 2493 675 2554 dictum
696 2505 818 2574 putant.
870 2495 932 2558 Sed
956 2495 1022 2558 vid.
1049 2497 1106 2577 qui
1129 2495 1266 2576 piurima
1288 2488 1375 2554 dabit.

349 2593 539 2659 Maaochiua
552 2594 590 2654 ad
607 2593 669 2654 tab.
686 2591 809 2656 Heracl.
823 2613 855 2674 p.
878 2613 946 2674 ¹99
964 2593 1026 2678 sqq.
1066 2599 1105 2659 lu
1125 2596 1284 2658 hodierno
1299 2587 1375 2652 urbi!

349 2697 485 2762 nomine
511 2691 674 2756 dissentire
699 2693 768 2754 vidi
802 2697 1004 2759 recentiores.
1056 2697 1109 2760 sio
1134 2697 1319 2759 Harduinuo
1340 2685 1375 2750 td

350 2799 435 2862 Ptin.
452 2809 484 2874 5,
505 2809 559 2872 17.
578 2793 599 2856 s.
617 2811 675 2858 20.
694 2809 789 2856 vocat
805 2793 933 2870 Gebuis,·
958 2797 1113 2860 Ferrariue
1130 2800 1163 2858 in
1177 2799 1257 2860 Lex.
1268 2795 1374 2874 Geogr.

349 2919 383 2984 p.
399 2919 443 2960 m.
465 2907 545 2977 ¹4¹·
570 2893 671 2958 adsert
691 2893 805 2968 Graue,
829 2894 970 2968 libasset,
996 2895 1144 2962 Giheleto.
1183 2899 1248 2962 Sed
1264 2905 1377 2981 praeter

336 3001 428 3064 vasioe
459 3017 529 3060 rem
555 2998 682 3080 expedit
708 2995 856 3060 Pococke
882 2999 980 3061 Tom.
1002 3015 1035 3062 a.
1059 3021 1091 3082 p.
1108 3019 1152 3063 ru.
1173 3009 1256 3082 142.
1289 2994 1340 3078 qui
1360 3005 1375 3048 Ι

350 3101 478 3166 Francis
497 3099 640 3161 adfirmet
660 3099 768 3160 vocari
792 3097 904 3170 Gibeie,
928 3100 1114 3178 (Maundrel
1130 3097 1254 3181 Gebise)
1277 3097 1315 3160 ab
1335 3093 1375 3154 in·

350 3203 428 3266 oosie
443 3188 564 3290 Essele.
600 3201 642 3261 Et
658 3198 697 3261 fio
713 3199 830 3282 plures,
854 3201 998 3282 populari
1014 3199 1064 3262 sua
1078 3204 1210 3283 quieque
1225 3201 1373 3282 scriptun·

352 3301 493 3365 Gentilia
515 3301 604 3374 oiim,
629 3313 761 3364 notante
785 3301 955 3382 Stephano.
986 3291 1131 3379 Βύβλιος
1151 3315 1184 3363 et
1205 3295 1374 3378 Βυβλίτης·

351 3403 521 3466 Historiam
538 3401 627 3466 urbia
648 3403 825 3485 pleniorem
844 3400 1023 3484 composuit
1036 3403 1165 3490 Mignot
1180 3401 1232 3464 sur
1246 3406 1291 3466 let
1304 3395 1375 3462 Phe

351 3505 476 3566 niciene
495 3504 530 3564 iu
542 3503 717 3568 Memoiree
733 3504 773 3566 de
789 3504 1032 3568 litterature-
1049 3505 1090 3568 de
1104 3505 1191 3569 Pario
1209 3505 1307 3568 Tum.
1323 3503 1375 3578 54·

350 3624 384 3688 p.
403 3620 472 3689 251
490 3602 553 3688 sqq.

428 3805 612 3890 Botrys)
650 3807 705 3870 Gr.
723 3801 858 3896 Bo'rpur.
884 3809 947 3872 Pro
963 3827 1003 3874 eo
1018 3809 1082 3874 tab.
1096 3809 1281 3898 Peotinger.
1296 3825 1329 3889 9·
1341 3797 1374 3864 F·

353 3905 493 3982 Botrus,·
524 3909 686 3972 Hieroclee
705 3927 776 3993 pag.
794 3911 878 3992 716.
909 3911 1123 3995 Theophanae
1147 3914 1181 3975 iu
1204 3913 1372 3988 chronogr·

353 4031 387 4093 p.
410 4023 488 4089 193.
507 4008 670 4096 Bo'orpu53
702 4009 813 4074 Strabo
832 4012 888 4076 16.
908 4033 940 4095 p.
959 4024 1042 4090 520.
1059 4013 1081 4076 s.
1096 4027 1181 4093 755.
1198 4013 1220 4076 s.
1242 4008 1373 4095 Bo'otpssr

354 4115 453 4196 (quae
472 4107 535 4174 suit
555 4110 632 4176 urbo
651 4109 800 4194 Arabiae)
834 4132 975 4201 proquo
994 4127 1102 4181 tameo
1119 4117 1154 4180 in
1171 4117 1294 4184 Mssur
1307 4103 1373 4192 legi·
