2852 4946
209 403 566 467 annotantem.
607 403 690 462 cc
731 403 853 467 cxv-
893 402 974 474 Μ·
1054 409 1120 480 lea

68 593 103 646 et
123 580 167 643 acl
191 576 324 658 Dionys.
348 599 382 642 r.
401 592 483 658 129.
515 577 621 660 quiin
643 577 741 658 priori
760 577 856 638 etiam
870 575 941 640 loco
956 593 1027 639 eam
1046 574 1118 638 vim

68 683 162 764 aquis
180 681 314 752 tribuit,
343 693 382 742 ut
395 697 473 742 ovea
488 678 571 742 slavo
593 677 700 739 colore
718 678 854 748 inficiat.
880 677 967 758 qnod
982 677 1057 740 alita
1074 677 1116 740 de

68 783 203 846 Xantho
220 782 361 843 Troiano
379 782 519 844 iactatur.
572 777 693 844 Urbem
712 779 745 840 in
762 779 1001 842 mediterraneis
1019 777 1114 860 ponit

67 885 278 948 Ptolemaeus
296 894 328 959 5.
346 895 379 962 5.
402 895 436 944 et
450 881 489 944 ab
506 880 583 944 ollio
600 880 692 942 fluvii
708 893 753 956 7o
773 879 876 944 llarliia
891 881 912 940 i.
928 899 957 942 e.
974 897 1008 960 9.
1019 877 1112 944 M.P.

68 995 223 1048 removet
246 982 442 1046 Straboni.
475 983 600 1044 Pliniua
617 993 650 1058 5.
671 992 729 1058 28.
747 978 768 1044 s.
786 995 846 1056 27.
871 979 951 1044 iuslo
972 979 1113 1064 longina,

74 1099 131 1164 15.
153 1085 203 1148 Μ.
217 1085 256 1146 Ρ.
297 1085 382 1146 ilinc
396 1102 474 1144 vero
489 1081 629 1154 discitur,
651 1101 718 1144 non
731 1069 805 1146 'latu
825 1095 966 1146 accurate
981 1081 1114 1163 Stepha-

67 1207 151 1250 num
173 1199 208 1248 et
228 1205 267 1246 ex
289 1203 328 1246 eo
346 1183 548 1247 Eoslathiom
569 1185 607 1245 erl
626 1183 712 1245 illam
733 1183 845 1245 urbem
866 1183 1003 1248 fluvium
1019 1183 1112 1245 emit·

68 1302 158 1360 tere;
191 1287 277 1346 illam
299 1304 378 1348 vero
408 1284 596 1367 praeteriisse
622 1283 729 1346 versut
756 1283 899 1348 occasum
921 1281 1050 1367 adparet
1071 1301 1112 1345 ert

67 1387 243 1452 Alexandri
271 1386 318 1449 M.
351 1387 465 1448 itinere
490 1387 575 1470 apud
607 1385 728 1448 Arrian.
753 1406 782 1456 ι,
804 1395 863 1463 25.
888 1383 908 1449 l.
940 1401 970 1454 t.
998 1399 1055 1466 alp.
1077 1399 1112 1456 7.

68 1489 210 1553 Urbium
234 1488 350 1568 Lyciae
371 1487 541 1548 maximam
567 1486 646 1548 dicit
670 1485 801 1558 Strabo.
839 1499 872 1548 et
895 1503 995 1570 prope
1018 1484 1112 1568 ponit

68 1592 214 1652 Latonae
239 1589 413 1670 templum,
441 1583 618 1674 (Λητῷον)
654 1588 689 1648 in
719 1585 784 1670 ipsa
815 1587 893 1651 urbe
921 1587 1112 1668 Sarpedonia

68 1704 304 1754 commemorat
320 1690 456 1771 Appian.
471 1690 511 1750 de
528 1689 564 1752 ll.
580 1686 653 1751 Cir.
671 1695 706 1770 4,
725 1701 783 1766 78.
822 1691 1032 1771 lleparaverat
1053 1686 1111 1771 igt-
1143 1697 1148 1708 ‘

68 1805 123 1854 tur
138 1793 267 1861 damna,
289 1809 370 1871 quae
386 1791 464 1852 olim
478 1787 644 1853 Persarum
661 1793 906 1873 expugnatione.
930 1789 1108 1868 (Herodot.

73 1913 102 1964 ι,
126 1893 230 1970 ι76.)
265 1891 334 1974 post
366 1891 456 1952 Bruti
487 1892 522 1952 in
556 1891 669 1973 primia
699 1887 821 1952 lecerat.
858 1891 943 1966 (Dio
966 1903 1025 1972 47·
1049 1897 1106 1968 34.

67 1994 206 2077 Appian.
221 1993 261 2054 tle
279 1991 316 2055 B.
333 1993 407 2056 Cir.
424 2003 457 2073 tp.
476 1995 556 2072 8⁰·)
590 1991 640 2052 Ex
659 1991 884 2073 posterioribus
900 1991 969 2052 eina
985 2007 1110 2052 memo-

67 2096 151 2160 riam
166 2092 332 2156 servarunt
349 2093 513 2156 Hieroclen
530 2113 563 2178 p.
580 2093 665 2176 684.
692 2093 736 2156 H.
754 2092 927 2177 adpellatur
941 2081 1109 2184 Bisaltida

149 2293 374 2377 Cragus)
432 2295 489 2359 Gr.
519 2289 667 2384 Κράγος,
704 2311 801 2378 prave
826 2289 972 2382 lsspepot
1000 2289 1108 2356 schot.

68 2395 190 2462 Villois.
214 2397 256 2458 ad·
276 2397 407 2459 Homer.
424 2397 461 2459 ll.
484 2409 642 2478 15,1‘93.
685 2398 822 2460 »veterat
844 2409 957 2480 poetae
971 2393 1109 2480 penulti-

66 2519 155 2562 mam
190 2499 385 2581 corripiuntt
426 2509 459 2560 at
490 2499 673 2582 producunt
705 2497 850 2560 Avienus
876 2518 910 2560 v.
934 2481 1042 2578 rotlp.
1075 2504 1110 2556 et

66 2599 218 2662 Priscian.
236 2618 268 2662 v.
288 2610 372 2676 801.
426 2597 512 2662 Cum
545 2598 659 2662 Nostro
693 2599 807 2678 Lyciae
841 2611 987 2662 montem
1012 2593 1110 2658 multi

67 2699 201 2771 iaciunt,
224 2701 279 2782 qui
296 2713 317 2777 8
334 2699 508 2763 verticibus
522 2699 665 2771 exstabat,
682 2711 714 2761 et
727 2699 895 2762 Chimaera
911 2697 1108 2760 inclaruerat.

68 2801 202 2880 (Strabo
224 2811 277 2880 ¹4·
298 2819 330 2882 p.
348 2809 433 2882 458.
450 2799 472 2861 s.
490 2802 573 2879 665.
599 2815 632 2862 et
647 2821 687 2864 ex
702 2819 745 2862 eo
760 2799 899 2862 Euslath.
915 2799 955 2860 ad·
971 2793 1107 2876 Dionys.

66 2923 99 2966 v.
118 2907 227 2983 847.)
260 2901 370 2965 Cariae
385 2903 646 2984 promontorium
661 2901 703 2962 esi
714 2901 833 2979 Scylaci
848 2919 880 2981 p.
892 2911 950 2977 38.
963 2895 985 2960 l.
1004 2893 1108 2961 lludl.

66 3005 157 3086 quod
191 3021 231 3065 ex
264 3003 405 3065 confinio
438 3003 601 3084 utriusque
625 3003 768 3086 regionie
792 3015 826 3064 et
854 3001 957 3084 longo
986 2997 1110 3062 mentia

66 3119 171 3168 tractu
194 3103 333 3188 intelligi
356 3103 476 3185 potell;
509 3117 543 3167 et
559 3103 599 3164 stc
613 3103 726 3181 Lyciae
747 3100 1010 3185 promontorium
1030 3097 1110 3160 dicit

65 3206 194 3269 Plinius
212 3215 246 3282 8.
266 3214 325 3279 28.
350 3201 370 3265 s.
387 3219 445 3279 27.
480 3219 514 3266 et
542 3205 649 3286 paullo
675 3215 748 3264 ante
774 3205 872 3265 Tauri
899 3213 1040 3284 partem.
1072 3209 1111 3259 ut

64 3306 252 3370 Eoilathiua
273 3323 301 3367 c.
323 3304 345 3368 l.
378 3306 433 3387 qui
453 3323 575 3369 nomen
597 3323 617 3366 e
636 3303 740 3388 Crago
762 3303 806 3364 ibi
827 3315 956 3366 mortuo
971 3313 1005 3362 et
1021 3299 1109 3362 culto

65 3405 257 3491 impositum
281 3402 370 3467 soille
392 3406 496 3468 tradit.
547 3405 633 3468 Cum
649 3401 853 3468 meminerit
874 3405 935 3465 late
952 3413 1112 3486 eutentua.

64 3529 134 3572 uon
150 3507 256 3569 solum
278 3519 366 3592 parte
387 3505 432 3567 soi
456 3509 715 3590 promontorium
730 3507 766 3568 in
784 3525 870 3568 mare
884 3503 1027 3570 extrusit.
1058 3499 1112 3563 led

65 3624 99 3674 et
115 3623 140 3688 8
156 3607 272 3678 orbec.
302 3626 378 3689 quaa
396 3604 536 3670 recenset
558 3608 762 3670 Ptolemaeos
777 3617 810 3684 5.
829 3620 862 3686 3.
882 3605 1036 3689 adpositae
1057 3601 1111 3664 ha·

64 3709 144 3772 ltere
161 3709 281 3792 potuit.
309 3727 516 3771 azactrvctta.
557 3709 693 3770 Duobus
712 3709 794 3792 logie
810 3709 847 3770 in
863 3727 949 3768 mure
963 3703 1110 3776 excurrit,

65 3811 218 3875 Daedalis
235 3827 352 3892 nempe
375 3823 409 3872 et
429 3808 599 3873 Telmeso.
640 3809 702 3870 llic
716 3827 812 3871 moue
826 3806 1001 3870 Telmessus
1015 3807 1058 3870 est
1076 3807 1113 3876 ic,

64 3931 166 3994 qoem
190 3911 244 3973 alii
267 3911 527 3992 promuntorium
544 3909 639 3995 Gragi
659 3923 795 3980 vocant,
826 3909 877 3970 alii
900 3900 1006 3996 ἄκραν
1031 3902 1115 3970 Τελ-

63 4008 221 4103 poesin,
248 4011 303 4073 rel
321 4005 564 4101 Τελμεσσιάδα,
588 4007 678 4099 [vid.
693 4023 769 4074 nota
785 4004 949 4096 proxima]
974 4007 1014 4070 ab
1031 4007 1112 4072 urbe

64 4111 240 4192 Telmeso,
262 4111 319 4178 lita
332 4113 374 4178 ad
388 4113 528 4178 radicem
545 4113 676 4179 mentia.
716 4113 852 4200 Surgere
873 4121 981 4174 autem
996 4109 1110 4192 incipit
1145 4190 1146 4194 Ἰ
1253 4091 1258 4102 '
