2756 4964
122 395 378 454 utronno.
416 398 557 452 MEL.
601 390 686 453 1.1.
728 399 834 456 nm.
876 399 1004 476 ιω.
1081 421 1124 486 99

1 529 2 554 ἶ
46 567 272 632 tantEuihth.
299 571 354 632 ad
384 565 558 646 Dionys.
575 585 681 646 r.9a.
704 568 788 632 Mela
809 569 863 634 hic
883 586 917 636 rt
931 575 1005 636 alibi
1020 575 1123 662 fingu-

49 669 153 730 itiner
172 670 426 752 persequitur
458 681 502 730 et
527 667 701 752 distinguit.
753 671 927 754 Utrimque
947 676 1120 742 discrimen

50 767 132 832 tutu
147 784 181 851 3,
203 769 273 837 16.
292 771 323 836 l'.
351 793 372 836 ι
389 792 428 835 ι.
457 770 567 852 ponit
581 771 621 830 td
641 769 862 849 Hydruntum.

178 976 214 1052 ς.
247 983 291 1052 4.
363 971 590 1034 Gentium
598 968 617 1050 )
657 971 763 1033 Utitur
778 971 836 1034 hac
849 993 940 1047 vnce,
962 991 999 1039 ut
1019 975 1120 1044 iciant

54 1074 177 1159 degener
196 1075 325 1136 Latini
346 1093 424 1155 pro
444 1072 651 1154 regionibur.
690 1072 819 1152 Scythia
832 1075 919 1138 enim
935 1091 969 1140 et
984 1079 1117 1142 Thracia

54 1175 183 1238 uariunt
206 1176 401 1240 vocabula
432 1175 609 1256 gentium,
641 1170 692 1232 sed
713 1173 895 1258 regionum.
933 1197 958 1240 r.
980 1197 1117 1244 cnoro·

56 1277 205 1339 uncas.
237 1298 273 1340 ι.
349 1277 418 1338 sic
447 1275 566 1360 Fiornp
588 1291 618 1340 a.
639 1288 673 1347 7.
691 1275 737 1338 in.
773 1273 886 1338 Gentes
911 1278 1115 1352 Macedonio,

56 1376 143 1456 Syria.
169 1377 336 1439 Graecia.
403 1374 529 1456 Nepos
551 1375 583 1434 in
599 1376 730 1435 Datame
745 1393 812 1456 cap.
829 1383 863 1455 4,
885 1396 914 1440 ι.
944 1379 1115 1452 Cataonia,

57 1487 119 1558 qaae
137 1500 215 1559 gens
236 1479 337 1537 iacet
355 1465 484 1565 supro
507 1474 670 1544 Ciliciam,
696 1473 752 1534 ubi
772 1475 838 1536 vid.
861 1479 1012 1560 Kappius.
1060 1482 1114 1546 Sic

62 1577 172 1640 Oranus
187 1581 223 1649 6,
244 1593 282 1654 7.
313 1575 514 1655 Belgarum
526 1595 611 1653 gens,
636 1575 826 1656 quartatio
843 1597 917 1656 pars
936 1579 1114 1644 Galliarum

64 1678 111 1748 n,
134 1681 185 1740 uti
208 1679 339 1740 Livius
360 1688 399 1753 5,
429 1677 550 1756 34.in.
572 1675 737 1738 deCeltia.
788 1673 899 1739 etad
921 1681 1055 1764 Eutrop.
1077 1692 1113 1763 4,

66 1777 147 1857 141.
162 1782 200 1844 6.
233 1792 271 1841 et
295 1797 390 1858 quae
418 1777 549 1836 notavit
562 1775 735 1838 Burmann.
752 1775 789 1838 ad
812 1776 914 1842 Ovid:
928 1781 1059 1844 Metam.
1077 1793 1113 1862 4,

65 1879 138 1958 669.
164 1881 299 1944 Contra
314 1877 457 1938 Plinius
472 1887 506 1958 4.
526 1873 611 1953 t8.s.
626 1895 681 1940 ιι.
701 1875 848 1948 Thracia,
870 1880 952 1940 incar
965 1877 1115 1974 validiffi-

61 2001 124 2039 uas
136 1981 298 2059 Europae
319 1990 450 2058 gentes.
504 1977 628 2060 Vulgari
643 1975 744 2039 forma
759 1977 847 2039 idem
860 1978 963 2040 noster
982 1998 1014 2051 a,
1035 1999 1064 2052 t,
1081 2000 1112 2048 a.

62 2079 98 2139 fit
116 2082 265 2142 reddidit
291 2079 482 2141 Hominum
503 2079 597 2156 primi
614 2066 696 2166 sunt
719 2075 864 2158 Scythae.
907 2077 957 2142 Cf.
982 2099 1009 2152 t,
1031 2099 1061 2152 a,
1078 2095 1113 2160 3.

62 2179 221 2242 Genitivo
236 2181 364 2246 utitur.
386 2191 426 2238 ut
447 2175 534 2246 alibi,
559 2177 615 2237 ubi
630 2174 793 2238 recensum
814 2179 878 2263 agit
894 2179 1036 2244 locorum
1057 2201 1115 2266 per

61 2279 161 2343 datter
183 2281 437 2342 distinctorum.
489 2274 538 2340 Gi.
560 2279 594 2338 in
616 2277 727 2360 primia
743 2289 776 2356 3,
795 2293 828 2358 3.
845 2293 879 2360 5.

136 2481 232 2542 alio
264 2499 389 2563 quom
423 2475 541 2538 dicto
567 2477 641 2571 est)
691 2479 785 2550 Dicta
807 2479 894 2542 enim
919 2481 961 2543 est
985 2481 1113 2562 Scythia

58 2577 231 2668 Asturica.
286 2581 330 2641 At
349 2579 428 2640 haec
447 2579 490 2640 est
504 2577 683 2660 Europaea,
710 2601 787 2662 quae
805 2594 954 2674 perpetua
970 2581 1013 2644 est
1027 2585 1113 2666 apud

61 2679 282 2768 Geograpbor
301 2679 453 2758 Scythiae
469 2677 636 2742 distinctio.
662 2699 686 2744 r.
704 2699 898 2744 anonovrrr
912 2683 988 2746 MS.
1005 2699 1040 2748 Ω.

135 2878 392 2964 pertinens)
441 2879 630 2941 Notandum
657 2880 719 2944 hoc
748 2880 897 2951 verbum.
926 2883 1111 2964 quadrare

64 2981 224 3046 tatinum
246 2998 283 3046 et
311 2981 588 3064 Geographicum‚
620 2979 677 3040 ubi
705 2983 801 3066 vulgo
824 2979 937 3045 vitiose
960 2981 1110 3066 usurpant

64 3085 205 3146 verbum
225 3083 425 3164 pertingere,
450 3081 535 3162 quod
552 3081 689 3142 Romani
704 3081 778 3143 hinc
794 3081 935 3167 abigunt.
975 3085 1027 3144 Sic
1041 3105 1110 3146 rur·

68 3181 117 3245 im
140 3205 213 3267 erp.
240 3200 275 3259 7,
300 3195 334 3258 5.
377 3181 444 3241 eius
475 3201 531 3241 ora
563 3201 658 3260 usque
688 3181 732 3242 ad
761 3183 932 3264 Phycunta
959 3185 1105 3265 partinet.

69 3303 93 3346 1.
116 3303 324 3348 oronovtvt
341 3281 419 3344 MS.
472 3280 544 3344 vid.
560 3279 639 3342 infra
655 3282 696 3342 ad
718 3304 746 3353 r,
765 3301 798 3362 7,
816 3297 851 3360 5.

142 3486 305 3546 Thraci
312 3505 334 3546 a
343 3483 363 3564 )
414 3480 527 3544 omisa
548 3483 692 3566 regiones
720 3482 836 3564 amplas
859 3482 898 3543 ad
922 3483 1109 3548 Danubium

71 3583 151 3658 itae,
193 3589 329 3647 Daciam
364 3597 528 3662 utramque
558 3597 589 3643 et
620 3581 783 3646 Moefiam.
835 3601 1001 3648 onaavrvr
1029 3585 1106 3652 MS.

74 3685 151 3750 tiela
178 3690 301 3748 veteris
327 3683 547 3768 Geographiae
569 3685 723 3744 rationem
746 3681 868 3746 secutur
890 3703 940 3746 ear
961 3687 1107 3768 regiones

75 3787 198 3864 Scythia
221 3805 255 3850 et
278 3787 416 3847 Thracia
444 3784 699 3864 comprehendit,
725 3787 774 3844 uti
793 3785 919 3865 adparet
939 3805 976 3846 ex
995 3787 1049 3849 tib.
1071 3805 1103 3853 a.

75 3907 133 3970 up.
150 3913 183 3962 t,
201 3903 237 3968 a.
268 3903 303 3949 et
322 3886 491 3948 Herodoto
508 3897 541 3964 a,
558 3901 627 3963 99.
655 3885 698 3948 Et
712 3885 750 3944 stc
766 3883 877 3946 diserte
895 3887 956 3945 Dio
973 3899 1029 3964 5..
1046 3901 1104 3963 27.

74 3992 226 4062 adfirmat.
259 3985 392 4067 Mysus,
425 3987 473 4045 uti
504 3985 628 4046 Graecia
661 3985 826 4056 dicuntur,
862 3998 995 4047 tractum
1022 3989 1105 4050 inter

74 4089 225 4158 fflenauru
243 4104 282 4156 et
295 4087 414 4151 Istrum
428 4086 603 4168 antiquitat
621 4085 761 4157 renuide,
787 4097 820 4150 et
837 4085 939 4150 noster
959 4104 990 4160 a,
1010 4105 1041 4154 a.
1056 4089 1103 4152 in.

478 4189 488 4205 “
694 4185 724 4248 G
749 4201 771 4250 2
