2764 4958
304 396 366 474 aaa
572 398 732 459 sorte
773 395 1076 456 exeoortcae

306 573 380 636 Vid.
403 570 647 636 Drakenborch.
670 573 709 635 ad
731 573 804 637 Lir.
824 575 885 654 36.
906 589 961 650 17.
982 590 1038 636 tt.
1065 585 1098 634 et
1114 571 1261 636 Gronov.
1286 569 1363 634 dia·

199 719 201 724 .
307 676 391 737 tribe
406 678 439 736 in
457 677 593 736 Statium
611 695 675 757 cap.
690 693 746 739 eo.
762 697 794 759 p.
810 691 890 750 107.
923 677 975 740 sic
991 675 1093 736 noller
1109 673 1197 756 lupra
1218 693 1248 744 r,
1266 687 1304 752 3.
1325 691 1361 736 o.

309 777 350 838 de
367 779 494 859 Europa
515 775 604 869 vaste
626 790 776 848 retracto,
801 778 857 838 ubi
874 775 1032 859 obposttio
1047 777 1227 854 prominens
1242 775 1360 848 docet.

309 877 424 962 quibus
445 879 562 942 finibus
584 875 690 941 lenius
706 879 797 942 verbi
815 875 974 942 contineri
993 877 1116 940 debeat.

387 1100 533 1161 expers
557 1077 767 1164 imbrium)
820 1081 893 1144 Hoc
912 1081 949 1143 ad
969 1079 1112 1143 aestatem
1133 1076 1266 1150 reseras,
1295 1077 1361 1138 ubi

312 1193 380 1244 tota
396 1183 575 1264 pluviarum
593 1184 723 1244 materia
738 1203 755 1244 a
770 1184 931 1245 radiorum
949 1179 1018 1245 solie
1039 1203 1140 1265 prope
1157 1182 1193 1242 ad
1215 1200 1361 1261 perpen-

314 1284 459 1343 diculum
478 1282 703 1366 assurgentium
723 1286 759 1346 vi
779 1283 993 1357 consumitur3
1020 1285 1222 1365 aliaspluere
1241 1282 1274 1340 in
1296 1285 1362 1342 Ae·

313 1396 416 1468 gypso
441 1384 657 1446 indubitatum
682 1385 735 1448 eil.
769 1405 955 1448 vtotsttrs.
1006 1386 1129 1447 Plinius
1151 1383 1185 1442 in
1209 1382 1363 1464 Panegy-

314 1485 400 1545 ricos
428 1479 516 1570 [cap.
533 1499 592 1563 30.
607 1479 674 1571 im}
708 1493 872 1570 Aegyptus
894 1486 1018 1550 alendis
1037 1485 1248 1567 augendisque
1258 1473 1364 1570 semi·

315 1582 408 1648 nibus
430 1586 480 1646 ito
500 1586 638 1666 glorioso
652 1586 705 1680 est,
731 1603 766 1650 stt
786 1587 868 1648 nibil
891 1587 1040 1650 imbribus
1058 1587 1204 1668 coeloque
1219 1581 1363 1647 deberet.

316 1702 531 1750 ctttccorrtve.
584 1689 670 1750 Hinc
688 1689 852 1752 Clatttlian.
875 1693 974 1775 epigr.
992 1701 1028 1769 4,
1046 1701 1078 1767 5.
1104 1691 1267 1768 Aegyptus
1280 1679 1366 1775 fine

316 1785 398 1849 nube
410 1779 516 1876 ferax
531 1787 701 1872 imbresque
709 1783 838 1883 serenos
854 1791 929 1852 Solo
943 1804 1037 1860 tenet,
1054 1781 1169 1880 secoro
1188 1785 1265 1868 posi.
1290 1805 1364 1846 l1⁰7¹

316 1888 431 1969 indigo
450 1891 548 1952 venti.
601 1891 706 1952 Sereni
727 1891 842 1964 imbres¹
860 1891 930 1954 sunt
953 1893 1153 1976 irrigationes
1175 1887 1260 1956 Nili,
1288 1905 1364 1966 spuo

317 1989 569 2074 persunduntur‚
603 1993 774 2077 irrigantur
805 2011 841 2055 ac
871 1991 1086 2056 fecundantur
1115 1990 1180 2076 agri
1204 1983 1363 2071 Aegypti.

318 2092 393 2155 Vid.
411 2093 495 2154 Plin.
517 2094 671 2178 Panegyr.
691 2115 758 2178 cap.
785 2109 843 2174 30.
889 2095 976 2156 Haec
997 2093 1202 2176 intelligenda
1224 2089 1294 2150 lunt
1315 2089 1365 2151 de

317 2191 466 2276 Aegypto
489 2191 646 2277 superiore
666 2198 699 2257 itt
718 2210 833 2266 tractu,
859 2197 913 2277 qui
930 2195 973 2257 esi
992 2195 1146 2257 aThebie
1160 2191 1198 2254 ad
1213 2193 1362 2270 Syenen.

320 2294 361 2357 ln
378 2292 527 2356 inferiore
541 2295 688 2380 Aegypto
705 2299 834 2380 pluviae
849 2297 965 2359 cadunt
981 2295 1135 2380 copiosae.
1172 2295 1252 2354 lude
1273 2289 1364 2350 lilar-

320 2397 405 2457 tialit
427 2414 460 2474 9,
486 2407 543 2474 35,
568 2411 601 2471 7·
621 2397 705 2459 sets
726 2401 847 2482 quoties
870 2399 988 2460 Phario
1009 2384 1137 2458 moderic
1157 2397 1236 2456 Iove
1249 2383 1365 2481 fusca

322 2497 440 2578 Syene5
466 2497 533 2558 Seis
548 2511 646 2578 quoto
664 2499 702 2559 de
716 2499 839 2582 Libyco
854 2499 945 2562 litore
962 2501 1081 2580 puppis
1095 2509 1157 2567 eat,
1184 2497 1206 2558 i.
1223 2515 1251 2554 e.
1275 2493 1363 2564 Scis,

320 2600 448 2680 quoties
465 2599 552 2679 pluat
567 2600 600 2658 in
620 2602 765 2682 Aegypto
785 2601 955 2684 superiore.
991 2618 1160 2661 ousartve
1180 2594 1256 2658 MS.
1302 2593 1363 2654 Se·

321 2701 384 2760 culi
402 2699 498 2760 noliri
521 2700 723 2762 admiratores
739 2716 771 2764 et
786 2703 848 2764 boc
867 2721 993 2784 quoque
1008 2702 1225 2782 antiquiorum
1241 2695 1363 2775 impli-

320 2802 408 2862 citati
429 2799 618 2864 adscribunt.
668 2803 737 2862 Una
760 2821 873 2866 cumea
891 2822 971 2865 roco
992 2801 1209 2869 contendunt,
1236 2796 1361 2858 imbres

320 2903 357 2964 iu
375 2904 524 2986 Aegypto
546 2919 611 2962 uon
635 2903 741 2966 minus
756 2904 816 2966 else
836 2903 1031 2986 frequentes.
1061 2917 1154 2984 atque
1176 2898 1251 2962 alibi
1269 2897 1362 2958 loco·

320 3023 405 3066 rom.
467 3005 672 3066 Alexandriae
695 3002 785 3066 enirn
807 3020 840 3068 et
862 3005 897 3066 in
919 3007 1033 3068 itinere
1052 3001 1227 3086 Memphin
1247 2994 1362 3060 verius

320 3106 447 3189 pluviae
462 3103 491 3166 se
512 3119 658 3186 expertos
673 3105 733 3168 elie
750 3107 968 3180 continentes,
996 3107 1113 3169 oculati
1129 3117 1162 3166 et
1176 3099 1362 3181 complures

320 3205 479 3270 affirment
495 3207 596 3269 telles.
649 3207 711 3269 Sed
728 3209 878 3277 desinant,
900 3225 989 3292 rogo,
1015 3207 1095 3270 boni
1109 3207 1170 3266 viri
1184 3223 1251 3265 nort
1268 3215 1362 3261 vete·

319 3308 420 3376 ribus,
449 3306 498 3369 sed
514 3307 568 3370 stlti
585 3308 727 3372 illudere.
780 3311 817 3370 ln
834 3307 984 3371 inferiore
999 3309 1156 3393 Aegypto,
1182 3323 1262 3388 qnae
1276 3303 1360 3362 mari

320 3411 428 3472 vicina
452 3409 512 3479 ell,
546 3428 780 3492 nonnunquam
807 3411 934 3493 pluviae
959 3408 1163 3479 descendere,
1195 3427 1261 3467 non
1288 3402 1361 3464 illos

320 3508 417 3594 sugit.
460 3509 592 3572 Procius
614 3513 647 3572 in
663 3513 835 3574 Timaeum
857 3513 912 3574 lib.
934 3531 963 3574 t.
985 3507 1013 3574 ei
1035 3504 1090 3572 aci
1110 3499 1256 3593 γίγνοιτό
1274 3523 1361 3567 trare

320 3603 447 3700 ὄμβρος
466 3605 534 3696 rapi
555 3607 613 3698 rip
632 3606 815 3696 Αἴγυπτον,
851 3607 928 3675 ἁλλ’
947 3601 986 3676 οὗ
1009 3605 1079 3700 repi
1103 3609 1232 3688 πᾶσαν,
1264 3599 1360 3668 illd

199 3731 204 3757 ¹
321 3707 393 3798 περὶ
418 3708 477 3800 rip
500 3705 590 3775 adrev
612 3713 783 3798 γίγνεσθαι
805 3709 966 3778 εἰώθασιν.
1000 3711 1189 3776 Inferiorem
1205 3727 1282 3772 vero
1300 3711 1360 3768 de·

321 3829 460 3900 gypsum
497 3835 537 3874 ne
569 3815 706 3898 Aegypti
735 3816 866 3897 quidem
895 3815 1047 3884 nomine,
1089 3827 1145 3876 aut
1177 3813 1233 3874 virt
1262 3821 1358 3878 certe,

325 3917 446 3998 dignati
464 3913 535 3974 ittnt
552 3915 661 3976 Graeci
681 3916 875 3980 vetustiores.
911 3916 972 3978 Sed
990 3917 1022 3976 in
1039 3913 1196 3998 superiore
1212 3913 1358 3996 Aegypto

323 4019 429 4080 nullae
445 4021 560 4080 cadunt
574 4021 711 4102 pluviae,
729 4022 761 4079 in
780 4031 880 4080 tractu
897 4019 1062 4088 nimirum,
1079 4017 1133 4098 qui
1148 4015 1191 4078 est
1204 4035 1221 4077 a
1236 4009 1360 4075 Thebis

324 4131 454 4210 Syenen
474 4139 584 4204 utque.
636 4122 708 4184 Hoc
725 4121 768 4185 eli
790 4123 883 4194 illud,
900 4107 1003 4203 'quod
1022 4133 1149 4184 veteres
1166 4119 1359 4180 unanimiter
