2756 4964
181 389 391 447 mom.
420 391 533 448 ΜΗ.
574 391 655 448 1.1.
696 387 785 450 Η.
827 388 904 460 ιε.
1002 397 1063 464 155

64 561 189 642 ittaque
207 561 309 624 laudat
332 561 479 625 Potitum
502 563 535 624 iu
559 559 687 628 miscell.
709 559 833 626 observ.
856 575 889 642 3,
913 567 972 644 94.
1007 561 1060 623 cai

64 664 167 746 adiungo
179 661 381 724 Perizonium
396 665 436 725 ad
452 663 574 736 Aelian.
586 665 625 726 V.
641 663 684 727 H.
703 675 735 742 5,
755 677 788 743 3.
826 663 905 727 Aliie
925 661 1058 726 fuerunt

64 763 99 824 tel
117 764 245 826 Hermlie
267 763 401 836 statuae,
432 765 488 826 vel
509 763 619 834 urbes,
644 765 697 827 vei
715 765 810 828 collee
834 765 1055 850 cognomines,

62 863 122 944 pei
134 860 226 926 scribit
243 865 386 929 Eussath.
402 867 440 927 td
457 863 589 945 Dionys.
606 885 638 928 v.
655 863 714 946 64.
766 863 889 928 Insulae
904 865 973 928 aliie
993 883 1057 926 cre·

62 965 119 1026 ditae
136 962 198 1026 [unt
218 964 396 1028 seeundum
416 965 610 1046 Hesychium
626 987 653 1030 c.
674 967 696 1030 1.
730 968 786 1049 qui
805 967 912 1050 pluree
931 965 1057 1048 opinio·

63 1064 238 1128 teteaeniet
260 1082 296 1129 et
316 1069 354 1128 in
377 1069 487 1150 primia
506 1066 618 1132 Strabo
637 1081 671 1147 5.
694 1089 727 1150 p.
747 1065 866 1142 ΠΜ.
888 1081 966 1142 ¹7⁰·
1000 1065 1056 1148 qui
1164 1143 1169 1162 .

61 1167 169 1228 eminis
183 1169 362 1231 indicandie
378 1169 456 1230 oiim
477 1169 642 1232 columnae
656 1167 824 1231 inserviilie
841 1169 1009 1231 contendit
1022 1177 1057 1228 et
1162 1221 1169 1236 ,

60 1264 179 1350 ettmplie
189 1268 316 1350 probat,
344 1281 472 1352 quaeat
487 1289 527 1332 ex
542 1269 668 1332 hiiieria
684 1271 793 1354 augeri
814 1266 903 1332 facile
918 1267 1056 1352 poiiunt.

59 1366 148 1428 Eadem
170 1369 252 1430 cauit
276 1389 350 1432 atae
378 1371 459 1432 olim
481 1369 613 1453 pofitae.
650 1385 688 1432 ut
716 1370 945 1434 Philaenorum
976 1366 1058 1432 inira
1120 1417 1128 1438 .

62 1466 156 1544 1,7.f.
184 1484 214 1532 et
233 1471 410 1534 Alexandri
432 1472 467 1532 in
494 1472 584 1534 India
606 1473 691 1554 apud
716 1471 808 1536 Curt.
826 1483 859 1549 3.
884 1485 917 1552 5.
945 1489 1002 1550 19.
1022 1481 1057 1532 et

58 1569 118 1630 aiibi.
150 1570 248 1652 Atque
264 1573 298 1634 id
313 1591 395 1642 vera
412 1571 607 1634 fimiiiimum
620 1585 713 1655 putat
734 1572 861 1635 iebbiua
876 1573 915 1635 ad
931 1569 1055 1636 ninid.

59 1671 86 1731 T.
99 1687 124 1734 2.
141 1692 170 1753 p.
184 1683 266 1752 540.
300 1674 398 1756 Quae
415 1673 455 1736 de
475 1673 596 1736 duabus
611 1671 735 1744 intulit.
762 1673 873 1734 maiori
890 1687 922 1738 et
936 1671 1057 1734 minori

60 1767 96 1832 [aa
107 1791 183 1835 more
196 1776 334 1856 protulit
349 1772 480 1836 Martia.
500 1775 534 1836 in
548 1773 617 1836 hist.
635 1775 690 1836 dee
704 1775 821 1838 Gauiee
834 1777 875 1838 T.
898 1793 927 1840 ι.
945 1773 1003 1836 lib.
1022 1789 1054 1834 2.

59 1889 81 1950 p.
92 1887 159 1952 3⁰9.
173 1889 238 1938 not.
254 1876 289 1938 d.
313 1889 350 1936 et
370 1875 403 1935 in
426 1875 545 1937 adnexa
561 1873 676 1938 differt.
699 1873 748 1936 [ur
762 1874 905 1958 Eipagne
918 1895 951 1958 p.
971 1885 1056 1952 595.

59 1974 203 2046 miiubet.
234 1996 276 2038 ex
303 1973 373 2058 ipso
398 1975 574 2060 eognoscat.
626 1973 771 2038 Omnino
797 1990 904 2038 autem
929 1975 971 2036 de
994 1973 1057 2034 illie

60 2075 180 2138 celmania
202 2077 274 2140 data
304 2095 403 2162 opera
427 2074 543 2160 [cripiit
569 2076 781 2140 schwartzius
806 2073 920 2140 nitori.
948 2083 1054 2154 1749.

60 2191 111 2236 uam
131 2197 186 2261 quo
212 2175 480 2260 contempnet
504 2177 705 2240 Bitchetodii
731 2175 918 2244 schediasma
941 2175 979 2238 in
1000 2175 1057 2236 Ti·

59 2293 154 2339 maeam
168 2279 312 2344 Platonie
332 2299 361 2342 c.
378 2291 413 2359 3.
439 2278 503 2360 (ib.
523 2280 631 2360 1683.
647 2281 708 2362 4.)

110 2479 323 2565 perpetuo)
360 2480 536 2556 Continuo,
549 2495 588 2544 ut
603 2501 633 2552 ι,
653 2499 685 2548 a.
701 2483 747 2546 in.
764 2493 916 2564 perpetua
929 2469 1056 2571 fronte.

62 2577 122 2642 liinc
136 2583 245 2646 Seneca
267 2583 339 2668 Qu.
364 2595 466 2646 natur.
491 2593 526 2662 4,
551 2598 611 2663 29.
636 2579 760 2673 [immo
778 2585 811 2656 6,
836 2576 915 2668 29.]
950 2580 1003 2643 Sic
1026 2589 1058 2642 et

63 2673 204 2770 Hispmt'ae
217 2704 239 2745 a
253 2695 409 2745 contextu
420 2675 548 2774 Africae
561 2705 648 2746 mere
661 2685 784 2764 eripuit.
802 2679 1056 2746 oeaavtveMS.

63 2777 129 2843 Plura
146 2785 284 2867 exempla
304 2783 395 2846 dabit
414 2785 510 2846 index
531 2797 565 2848 et
584 2786 746 2849 staveren.
762 2785 801 2848 ad
822 2785 941 2870 Hygin.
959 2794 1019 2865 83.
1034 2773 1057 2843 f.

64 2877 149 2946 Proto
165 2887 344 2949 eemirneus.
376 2887 432 2950 Sic
446 2887 576 2950 Cuttiae
592 2899 625 2964 5,
643 2901 674 2966 3.
696 2883 748 2952 16.
777 2901 809 2963 7.
828 2899 860 2966 5.
880 2901 938 2950 at.
959 2881 1058 2946 conti·

65 2999 131 3043 wien
145 2978 266 3078 dorsum
273 3009 288 3060 ,·
316 2987 428 3050 Horat.
443 2987 530 3070 epist.
548 3009 578 3059 a,
599 2989 653 3057 16.
669 2997 702 3065 5.
728 3000 864 3058 montes.
879 2985 963 3050 Piin.
979 2997 1011 3064 5,
1028 3003 1058 3046 t.

66 3087 180 3162 pmcne.
228 3087 361 3150 Eodem
379 3089 479 3150 modo
500 3091 540 3152 tle
561 3103 706 3172 tempore
727 3082 862 3158 dieitur.
882 3101 920 3148 ttt
940 3099 1057 3156 noctes.

67 3179 119 3254 din,
135 3179 252 3278 menses.
296 3189 378 3272 vid..
394 3190 546 3256 aranon.
566 3191 606 3254 td
623 3189 729 3254 Aurel.
746 3191 828 3254 Viet.
843 3189 931 3272 Epit.
949 3185 1004 3260 16,
1021 3202 1058 3266 9·
1183 3198 1188 3207 '

68 3279 107 3348 Gt.
125 3282 270 3378 διηνεκὴς,
298 3283 474 3380 προσεχῆς.

118 3490 203 3552 noie
224 3492 451 3577 moratium)
499 3494 595 3558 Velut
608 3515 722 3582 aggere
736 3493 912 3560 interiecto.
938 3511 963 3556 1.
980 3508 1061 3554 otto·

72 3599 165 3653 loma
177 3593 252 3658 MS.
303 3595 455 3659 Horatiae
472 3609 505 3678 5.
522 3595 576 3660 od.
598 3617 631 3669 ι.
648 3607 707 3678 54.
723 3597 819 3659 iactis
834 3599 866 3660 in
882 3595 982 3658 eitam
998 3613 1061 3660 mo·

73 3682 137 3752 Ιῦιυ.
173 3695 252 3778 Apte
272 3709 382 3759 autem
398 3699 498 3759 utitur
516 3697 579 3760 hoc
592 3700 691 3762 verbo
710 3711 744 3760 et
765 3699 803 3762 ad
819 3699 982 3762 montium
996 3695 1062 3760 alti·

73 3788 184 3855 udinem
204 3811 237 3858 et
255 3799 482 3880 impedimenti
497 3799 614 3864 obiecti
637 3801 891 3886 magnitudinem
907 3803 1063 3864 declaran-

75 3886 133 3954 dam,
167 3895 314 3960 Ceteram
331 3899 371 3962 de
386 3897 450 3982 ipia
462 3921 497 3964 te
514 3901 553 3963 fie
567 3901 693 3965 Pliniue
707 3901 762 3965 lib.
781 3915 813 3981 5.
832 3902 876 3963 in.
901 3923 940 3966 ex
956 3905 1062 3968 nostro

74 3983 147 4054 ione:
175 3997 330 4082 hierem
353 4001 500 4064 Herculis
523 4013 635 4066 metae.
688 4001 792 4100 picam
812 3999 851 4064 ot
871 3997 1001 4098 emesam
1018 4007 1063 4067 in·

78 4086 177 4174 &gatte
194 4099 351 4169 columnas
364 4102 433 4176 eittt
452 4103 518 4170 Dei
537 4113 671 4179 vocant,
695 4103 885 4191 credantque
903 4098 1065 4202 perstffas
