<?xml version="1.0" encoding="UTF-8"?>
<!DOCTYPE html PUBLIC "-//W3C//DTD XHTML 1.0 Transitional//EN"
    "http://www.w3.org/TR/xhtml1/DTD/xhtml1-transitional.dtd">
<html xmlns="http://www.w3.org/1999/xhtml" xml:lang="en" lang="en">
 <head>
  <title>
</title>
<meta http-equiv="Content-Type" content="text/html;charset=utf-8" />
  <meta name='ocr-system' content='tesseract 3.04.00' />
  <meta name='ocr-capabilities' content='ocr_page ocr_carea ocr_par ocr_line ocrx_word'/>
</head>
<body>
  <div class='ocr_page' id='page_1' title='image "./pomponiimelaede06melagoog_0564.png"; bbox 0 0 2922 4958; ppageno 0'>
   <div class='ocr_carea' id='block_1_1' title="bbox 352 411 1128 490">
    <p class='ocr_par' dir='ltr' id='par_1_1' title="bbox 352 411 1128 490">
     <span class='ocr_line' id='line_1_1' title="bbox 352 411 1128 490; baseline -0.005 -16"><span class='ocrx_word' id='word_1_1' title='bbox 352 421 416 490; x_wconf 71' lang='lat'><strong>,550</strong></span> <span class='ocrx_word' id='word_1_2' title='bbox 624 411 787 472; x_wconf 75' lang='lat' dir='ltr'><strong>noran</strong></span> <span class='ocrx_word' id='word_1_3' title='bbox 824 411 1128 472; x_wconf 79' lang='lat' dir='ltr'><strong>oxeonorcae</strong></span> 
     </span>
    </p>
   </div>
   <div class='ocr_carea' id='block_1_2' title="bbox 352 583 1386 2296">
    <p class='ocr_par' dir='ltr' id='par_1_2' title="bbox 352 583 1386 2296">
     <span class='ocr_line' id='line_1_2' title="bbox 353 583 1382 678; baseline 0 -32"><span class='ocrx_word' id='word_1_4' title='bbox 353 585 522 670; x_wconf 78' lang='lat' dir='ltr'>regionem</span> <span class='ocrx_word' id='word_1_5' title='bbox 539 585 643 659; x_wconf 82' lang='lat' dir='ltr'><strong>illam,</strong></span> <span class='ocrx_word' id='word_1_6' title='bbox 669 606 749 670; x_wconf 88' lang='lat' dir='ltr'><strong>quae</strong></span> <span class='ocrx_word' id='word_1_7' title='bbox 769 585 870 649; x_wconf 85' lang='lat' dir='ltr'><strong>modo</strong></span> <span class='ocrx_word' id='word_1_8' title='bbox 890 583 1019 678; x_wconf 75' lang='lat' dir='ltr'><strong>Mysia,</strong></span> <span class='ocrx_word' id='word_1_9' title='bbox 1050 586 1151 650; x_wconf 80' lang='lat' dir='ltr'><strong>modo</strong></span> <span class='ocrx_word' id='word_1_10' title='bbox 1171 585 1283 651; x_wconf 82' lang='lat' dir='ltr'><strong>Aeolia</strong></span> <span class='ocrx_word' id='word_1_11' title='bbox 1301 603 1382 647; x_wconf 80' lang='lat' dir='ltr'><strong>voca·</strong></span> 
     </span>
     <span class='ocr_line' id='line_1_3' title="bbox 355 685 1384 770; baseline 0 -22"><span class='ocrx_word' id='word_1_12' title='bbox 355 699 424 758; x_wconf 86' lang='lat' dir='ltr'><strong>tur,</strong></span> <span class='ocrx_word' id='word_1_13' title='bbox 463 708 564 768; x_wconf 87' lang='lat' dir='ltr'><strong>quum</strong></span> <span class='ocrx_word' id='word_1_14' title='bbox 591 687 628 752; x_wconf 87' lang='lat' dir='ltr'><strong>sl.</strong></span> <span class='ocrx_word' id='word_1_15' title='bbox 662 690 858 770; x_wconf 73' lang='lat' dir='ltr'><strong>Rhyndacus</strong></span> <span class='ocrx_word' id='word_1_16' title='bbox 888 689 975 752; x_wconf 86' lang='lat' dir='ltr'><strong>illam</strong></span> <span class='ocrx_word' id='word_1_17' title='bbox 1009 691 1162 752; x_wconf 83' lang='lat' dir='ltr'><strong>terminet</strong></span> <span class='ocrx_word' id='word_1_18' title='bbox 1187 711 1205 751; x_wconf 91' lang='lat' dir='ltr'><strong>a</strong></span> <span class='ocrx_word' id='word_1_19' title='bbox 1232 685 1384 766; x_wconf 77' lang='lat' dir='ltr'><strong>Bithynia.</strong></span> 
     </span>
     <span class='ocr_line' id='line_1_4' title="bbox 354 791 1382 876; baseline -0.004 -26"><span class='ocrx_word' id='word_1_20' title='bbox 354 807 381 852; x_wconf 88' lang='lat' dir='ltr'><strong>r.</strong></span> <span class='ocrx_word' id='word_1_21' title='bbox 403 807 601 852; x_wconf 82' lang='lat' dir='ltr'><strong>cnonovrva</strong></span> <span class='ocrx_word' id='word_1_22' title='bbox 619 791 695 853; x_wconf 86' lang='lat' dir='ltr'><strong>MS.</strong></span> <span class='ocrx_word' id='word_1_23' title='bbox 747 793 809 854; x_wconf 82' lang='lat' dir='ltr'><strong>Sex</strong></span> <span class='ocrx_word' id='word_1_24' title='bbox 829 793 965 854; x_wconf 89' lang='lat' dir='ltr'><strong>omniuo</strong></span> <span class='ocrx_word' id='word_1_25' title='bbox 980 792 1188 876; x_wconf 81' lang='lat' dir='ltr'><strong>cognomines</strong></span> <span class='ocrx_word' id='word_1_26' title='bbox 1206 803 1330 852; x_wconf 78' lang='lat' dir='ltr'><strong>montet</strong></span> <span class='ocrx_word' id='word_1_27' title='bbox 1343 809 1382 847; x_wconf 89' lang='lat' dir='ltr'><strong>re·</strong></span> 
     </span>
     <span class='ocr_line' id='line_1_5' title="bbox 354 888 1384 974; baseline -0.006 -22"><span class='ocrx_word' id='word_1_28' title='bbox 354 888 484 952; x_wconf 82' lang='lat' dir='ltr'><strong>censent</strong></span> <span class='ocrx_word' id='word_1_29' title='bbox 504 893 617 954; x_wconf 85' lang='lat' dir='ltr'><strong>Strabo</strong></span> <span class='ocrx_word' id='word_1_30' title='bbox 640 911 695 955; x_wconf 89' lang='lat' dir='ltr'><strong>ao.</strong></span> <span class='ocrx_word' id='word_1_31' title='bbox 718 913 750 974; x_wconf 91' lang='lat' dir='ltr'><strong>p.</strong></span> <span class='ocrx_word' id='word_1_32' title='bbox 770 904 854 972; x_wconf 71' lang='grc'><strong>594.</strong></span> <span class='ocrx_word' id='word_1_33' title='bbox 876 889 898 956; x_wconf 92' lang='lat' dir='ltr'><strong>s.</strong></span> <span class='ocrx_word' id='word_1_34' title='bbox 921 905 1008 971; x_wconf 77' lang='lat'><strong>470.</strong></span> <span class='ocrx_word' id='word_1_35' title='bbox 1040 907 1075 955; x_wconf 84' lang='lat' dir='ltr'><strong>et</strong></span> <span class='ocrx_word' id='word_1_36' title='bbox 1096 892 1205 955; x_wconf 86' lang='lat' dir='ltr'><strong>Schol.</strong></span> <span class='ocrx_word' id='word_1_37' title='bbox 1232 891 1384 974; x_wconf 79' lang='lat' dir='ltr'><strong>Apollonii</strong></span> 
     </span>
     <span class='ocr_line' id='line_1_6' title="bbox 354 991 1383 1076; baseline -0.004 -22"><span class='ocrx_word' id='word_1_38' title='bbox 354 993 395 1054; x_wconf 88' lang='lat' dir='ltr'><strong>ad</strong></span> <span class='ocrx_word' id='word_1_39' title='bbox 416 1011 446 1061; x_wconf 85' lang='lat' dir='ltr'><strong>r.</strong></span> <span class='ocrx_word' id='word_1_40' title='bbox 464 1001 550 1071; x_wconf 86' lang='lat'><strong>598.</strong></span> <span class='ocrx_word' id='word_1_41' title='bbox 585 993 625 1054; x_wconf 87' lang='lat' dir='ltr'><strong>de</strong></span> <span class='ocrx_word' id='word_1_42' title='bbox 647 1011 711 1076; x_wconf 91' lang='lat' dir='ltr'><strong>quo</strong></span> <span class='ocrx_word' id='word_1_43' title='bbox 736 991 777 1056; x_wconf 84' lang='lat' dir='ltr'><strong>cf.</strong></span> <span class='ocrx_word' id='word_1_44' title='bbox 799 995 838 1054; x_wconf 86' lang='lat' dir='ltr'><strong>ad</strong></span> <span class='ocrx_word' id='word_1_45' title='bbox 858 1009 891 1064; x_wconf 88' lang='grc'><strong>9,</strong></span> <span class='ocrx_word' id='word_1_46' title='bbox 914 1007 946 1074; x_wconf 77' lang='lat'><strong>3,</strong></span> <span class='ocrx_word' id='word_1_47' title='bbox 970 1010 1004 1056; x_wconf 94' lang='grc'><strong>9.</strong></span> <span class='ocrx_word' id='word_1_48' title='bbox 1041 993 1181 1056; x_wconf 74' lang='lat' dir='ltr'><strong>ortelius</strong></span> <span class='ocrx_word' id='word_1_49' title='bbox 1201 994 1236 1058; x_wconf 90' lang='lat' dir='ltr'><strong>b.</strong></span> <span class='ocrx_word' id='word_1_50' title='bbox 1255 1013 1288 1054; x_wconf 82' lang='lat' dir='ltr'><strong>v.</strong></span> <span class='ocrx_word' id='word_1_51' title='bbox 1313 991 1383 1053; x_wconf 89' lang='lat' dir='ltr'><strong>adeo</strong></span> 
     </span>
     <span class='ocr_line' id='line_1_7' title="bbox 355 1091 1384 1184; baseline -0.003 -30"><span class='ocrx_word' id='word_1_52' title='bbox 355 1095 548 1174; x_wconf 84' lang='lat' dir='ltr'><strong>conquilivit</strong></span> <span class='ocrx_word' id='word_1_53' title='bbox 569 1109 625 1156; x_wconf 79' lang='lat' dir='ltr'><strong>aa.</strong></span> <span class='ocrx_word' id='word_1_54' title='bbox 663 1091 807 1184; x_wconf 83' lang='lat' dir='ltr'><strong>Mysrnm</strong></span> <span class='ocrx_word' id='word_1_55' title='bbox 830 1109 947 1156; x_wconf 85' lang='lat' dir='ltr'><strong>vocant</strong></span> <span class='ocrx_word' id='word_1_56' title='bbox 968 1095 1054 1158; x_wconf 86' lang='lat' dir='ltr'><strong>hooc</strong></span> <span class='ocrx_word' id='word_1_57' title='bbox 1069 1096 1192 1179; x_wconf 74' lang='lat' dir='ltr'><strong>plures,</strong></span> <span class='ocrx_word' id='word_1_58' title='bbox 1220 1095 1338 1177; x_wconf 87' lang='lat' dir='ltr'><strong>dequo</strong></span> <span class='ocrx_word' id='word_1_59' title='bbox 1358 1103 1384 1152; x_wconf 85' lang='lat' dir='ltr'><strong>et</strong></span> 
     </span>
     <span class='ocr_line' id='line_1_8' title="bbox 354 1195 1385 1280; baseline -0.002 -24"><span class='ocrx_word' id='word_1_60' title='bbox 354 1196 498 1256; x_wconf 71' lang='lat' dir='ltr'><strong>nominis</strong></span> <span class='ocrx_word' id='word_1_61' title='bbox 520 1195 608 1257; x_wconf 81' lang='lat' dir='ltr'><strong>caula</strong></span> <span class='ocrx_word' id='word_1_62' title='bbox 633 1197 753 1258; x_wconf 87' lang='lat' dir='ltr'><strong>dictum</strong></span> <span class='ocrx_word' id='word_1_63' title='bbox 776 1199 810 1256; x_wconf 88' lang='lat' dir='ltr'><strong>in</strong></span> <span class='ocrx_word' id='word_1_64' title='bbox 839 1198 924 1259; x_wconf 85' lang='lat' dir='ltr'><strong>notia</strong></span> <span class='ocrx_word' id='word_1_65' title='bbox 943 1199 1062 1259; x_wconf 71' lang='lat' dir='ltr'><strong>criticis</strong></span> <span class='ocrx_word' id='word_1_66' title='bbox 1087 1217 1118 1280; x_wconf 88' lang='lat' dir='ltr'><strong>p.</strong></span> <span class='ocrx_word' id='word_1_67' title='bbox 1140 1197 1213 1275; x_wconf 78' lang='lat'><strong>564</strong></span> <span class='ocrx_word' id='word_1_68' title='bbox 1231 1195 1294 1277; x_wconf 86' lang='lat' dir='ltr'><strong>sqq.</strong></span> <span class='ocrx_word' id='word_1_69' title='bbox 1331 1195 1385 1254; x_wconf 87' lang='lat' dir='ltr'><strong>De·</strong></span> 
     </span>
     <span class='ocr_line' id='line_1_9' title="bbox 355 1293 1385 1380; baseline 0 -24"><span class='ocrx_word' id='word_1_70' title='bbox 355 1293 462 1358; x_wconf 76' lang='lat' dir='ltr'><strong>scribit</strong></span> <span class='ocrx_word' id='word_1_71' title='bbox 480 1297 637 1379; x_wconf 77' lang='lat' dir='ltr'><strong>prolixius</strong></span> <span class='ocrx_word' id='word_1_72' title='bbox 652 1297 764 1362; x_wconf 88' lang='lat' dir='ltr'><strong>Strabo</strong></span> <span class='ocrx_word' id='word_1_73' title='bbox 780 1317 807 1360; x_wconf 89' lang='lat' dir='ltr'><strong>c.</strong></span> <span class='ocrx_word' id='word_1_74' title='bbox 824 1297 846 1358; x_wconf 90' lang='lat' dir='ltr'><strong>l.</strong></span> <span class='ocrx_word' id='word_1_75' title='bbox 871 1319 911 1360; x_wconf 86' lang='lat' dir='ltr'><strong>ex</strong></span> <span class='ocrx_word' id='word_1_76' title='bbox 932 1319 996 1380; x_wconf 86' lang='lat' dir='ltr'><strong>quo</strong></span> <span class='ocrx_word' id='word_1_77' title='bbox 1020 1301 1054 1360; x_wconf 90' lang='lat' dir='ltr'><strong>in</strong></span> <span class='ocrx_word' id='word_1_78' title='bbox 1075 1298 1196 1359; x_wconf 88' lang='lat' dir='ltr'><strong>summa</strong></span> <span class='ocrx_word' id='word_1_79' title='bbox 1216 1301 1287 1360; x_wconf 86' lang='lat' dir='ltr'><strong>eiua</strong></span> <span class='ocrx_word' id='word_1_80' title='bbox 1308 1310 1385 1378; x_wconf 84' lang='lat' dir='ltr'><strong>parte</strong></span> 
     </span>
     <span class='ocr_line' id='line_1_10' title="bbox 354 1397 1386 1482; baseline -0.004 -23"><span class='ocrx_word' id='word_1_81' title='bbox 354 1411 446 1459; x_wconf 81' lang='lat' dir='ltr'><strong>eram</strong></span> <span class='ocrx_word' id='word_1_82' title='bbox 468 1417 601 1481; x_wconf 85' lang='lat' dir='ltr'><strong>magnae</strong></span> <span class='ocrx_word' id='word_1_83' title='bbox 625 1399 735 1472; x_wconf 81' lang='lat' dir='ltr'><strong>silvae,</strong></span> <span class='ocrx_word' id='word_1_84' title='bbox 769 1399 839 1461; x_wconf 90' lang='lat' dir='ltr'><strong>loca</strong></span> <span class='ocrx_word' id='word_1_85' title='bbox 861 1413 970 1461; x_wconf 86' lang='lat' dir='ltr'><strong>natura</strong></span> <span class='ocrx_word' id='word_1_86' title='bbox 996 1403 1121 1462; x_wconf 88' lang='lat' dir='ltr'><strong>munita</strong></span> <span class='ocrx_word' id='word_1_87' title='bbox 1143 1413 1177 1462; x_wconf 88' lang='lat' dir='ltr'><strong>et</strong></span> <span class='ocrx_word' id='word_1_88' title='bbox 1203 1397 1386 1482; x_wconf 85' lang='lat' dir='ltr'><strong>recipiendia</strong></span> 
     </span>
     <span class='ocr_line' id='line_1_11' title="bbox 355 1498 1386 1586; baseline -0.003 -28"><span class='ocrx_word' id='word_1_89' title='bbox 355 1499 570 1581; x_wconf 76' lang='lat' dir='ltr'><strong>praedonibus</strong></span> <span class='ocrx_word' id='word_1_90' title='bbox 603 1515 693 1583; x_wconf 84' lang='lat' dir='ltr'><strong>apta;</strong></span> <span class='ocrx_word' id='word_1_91' title='bbox 740 1501 817 1564; x_wconf 87' lang='lat' dir='ltr'><strong>hinc</strong></span> <span class='ocrx_word' id='word_1_92' title='bbox 854 1501 1039 1586; x_wconf 77' lang='lat' dir='ltr'><strong>adtingebat</strong></span> <span class='ocrx_word' id='word_1_93' title='bbox 1070 1500 1276 1581; x_wconf 83' lang='lat' dir='ltr'><strong>Bithyniam,</strong></span> <span class='ocrx_word' id='word_1_94' title='bbox 1309 1498 1386 1558; x_wconf 88' lang='lat' dir='ltr'><strong>illinc</strong></span> 
     </span>
     <span class='ocr_line' id='line_1_12' title="bbox 354 1596 1386 1692; baseline 0.003 -31"><span class='ocrx_word' id='word_1_95' title='bbox 354 1601 499 1666; x_wconf 76' lang='lat' dir='ltr'><strong>Troiam.</strong></span> <span class='ocrx_word' id='word_1_96' title='bbox 550 1602 678 1664; x_wconf 81' lang='lat' dir='ltr'><strong>Accolae</strong></span> <span class='ocrx_word' id='word_1_97' title='bbox 694 1603 781 1664; x_wconf 91' lang='lat' dir='ltr'><strong>idern</strong></span> <span class='ocrx_word' id='word_1_98' title='bbox 797 1616 891 1666; x_wconf 85' lang='lat' dir='ltr'><strong>vocat</strong></span> <span class='ocrx_word' id='word_1_99' title='bbox 911 1596 1163 1692; x_wconf 69' lang='grc' dir='ltr'><strong>Ὀλυμπηνοῦς.</strong></span> <span class='ocrx_word' id='word_1_100' title='bbox 1197 1622 1278 1685; x_wconf 89' lang='lat' dir='ltr'><strong>quoa</strong></span> <span class='ocrx_word' id='word_1_101' title='bbox 1298 1603 1386 1661; x_wconf 79' lang='lat' dir='ltr'><strong>etiam</strong></span> 
     </span>
     <span class='ocr_line' id='line_1_13' title="bbox 355 1703 1385 1787; baseline -0.004 -23"><span class='ocrx_word' id='word_1_102' title='bbox 355 1713 536 1764; x_wconf 85' lang='lat' dir='ltr'><strong>memorant</strong></span> <span class='ocrx_word' id='word_1_103' title='bbox 551 1703 748 1787; x_wconf 74' lang='lat' dir='ltr'><strong>Stephanus,</strong></span> <span class='ocrx_word' id='word_1_104' title='bbox 777 1717 811 1768; x_wconf 88' lang='lat' dir='ltr'><strong>et</strong></span> <span class='ocrx_word' id='word_1_105' title='bbox 826 1703 1007 1766; x_wconf 84' lang='lat' dir='ltr'><strong>Eullathiua</strong></span> <span class='ocrx_word' id='word_1_106' title='bbox 1028 1705 1067 1767; x_wconf 85' lang='lat' dir='ltr'><strong>ad</strong></span> <span class='ocrx_word' id='word_1_107' title='bbox 1084 1707 1220 1768; x_wconf 84' lang='lat' dir='ltr'><strong>Homer.</strong></span> <span class='ocrx_word' id='word_1_108' title='bbox 1238 1705 1317 1770; x_wconf 87' lang='lat' dir='ltr'><strong>11.r.</strong></span> <span class='ocrx_word' id='word_1_109' title='bbox 1338 1713 1385 1776; x_wconf 76' lang='lat'><strong>13.</strong></span> 
     </span>
     <span class='ocr_line' id='line_1_14' title="bbox 355 1804 1386 1889; baseline 0.002 -25"><span class='ocrx_word' id='word_1_110' title='bbox 355 1825 390 1889; x_wconf 90' lang='lat' dir='ltr'><strong>p.</strong></span> <span class='ocrx_word' id='word_1_111' title='bbox 406 1824 451 1866; x_wconf 88' lang='lat' dir='ltr'><strong>m.</strong></span> <span class='ocrx_word' id='word_1_112' title='bbox 469 1819 530 1867; x_wconf 86' lang='grc' dir='ltr'><strong>9ι.</strong></span> <span class='ocrx_word' id='word_1_113' title='bbox 555 1817 586 1866; x_wconf 87' lang='lat' dir='ltr'><strong>et</strong></span> <span class='ocrx_word' id='word_1_114' title='bbox 609 1807 649 1868; x_wconf 87' lang='lat' dir='ltr'><strong>ad</strong></span> <span class='ocrx_word' id='word_1_115' title='bbox 665 1804 799 1885; x_wconf 80' lang='lat' dir='ltr'><strong>Dionys.</strong></span> <span class='ocrx_word' id='word_1_116' title='bbox 818 1827 851 1870; x_wconf 82' lang='lat' dir='ltr'><strong>v.</strong></span> <span class='ocrx_word' id='word_1_117' title='bbox 869 1815 954 1882; x_wconf 74' lang='lat' dir='ltr'><strong>aro.</strong></span> <span class='ocrx_word' id='word_1_118' title='bbox 1007 1805 1120 1869; x_wconf 84' lang='lat' dir='ltr'><strong>Turcie</strong></span> <span class='ocrx_word' id='word_1_119' title='bbox 1141 1807 1242 1868; x_wconf 90' lang='lat' dir='ltr'><strong>hodie</strong></span> <span class='ocrx_word' id='word_1_120' title='bbox 1264 1817 1386 1866; x_wconf 81' lang='lat' dir='ltr'><strong>vocatur</strong></span> 
     </span>
     <span class='ocr_line' id='line_1_15' title="bbox 352 1903 1385 1988; baseline -0.004 -20"><span class='ocrx_word' id='word_1_121' title='bbox 352 1905 500 1988; x_wconf 74' lang='lat' dir='ltr'><strong>¹Isoslaesla</strong></span> <span class='ocrx_word' id='word_1_122' title='bbox 523 1903 639 1987; x_wconf 79' lang='lat' dir='ltr'><strong>Daug,</strong></span> <span class='ocrx_word' id='word_1_123' title='bbox 664 1927 761 1970; x_wconf 86' lang='lat' dir='ltr'><strong>mona</strong></span> <span class='ocrx_word' id='word_1_124' title='bbox 775 1907 1019 1980; x_wconf 83' lang='lat' dir='ltr'><strong>monachorum,</strong></span> <span class='ocrx_word' id='word_1_125' title='bbox 1044 1927 1062 1970; x_wconf 95' lang='lat' dir='ltr'><strong>a</strong></span> <span class='ocrx_word' id='word_1_126' title='bbox 1081 1907 1284 1976; x_wconf 76' lang='lat' dir='ltr'><strong>monasterio.</strong></span> <span class='ocrx_word' id='word_1_127' title='bbox 1308 1904 1385 1986; x_wconf 85' lang='lat' dir='ltr'><strong>quod</strong></span> 
     </span>
     <span class='ocr_line' id='line_1_16' title="bbox 356 2007 1385 2093; baseline -0.007 -23"><span class='ocrx_word' id='word_1_128' title='bbox 356 2008 391 2070; x_wconf 89' lang='lat' dir='ltr'><strong>io</strong></span> <span class='ocrx_word' id='word_1_129' title='bbox 414 2025 454 2070; x_wconf 90' lang='lat' dir='ltr'><strong>eo</strong></span> <span class='ocrx_word' id='word_1_130' title='bbox 475 2007 519 2070; x_wconf 83' lang='lat' dir='ltr'><strong>eli</strong></span> <span class='ocrx_word' id='word_1_131' title='bbox 540 2008 689 2090; x_wconf 80' lang='lat' dir='ltr'><strong>pofitum.</strong></span> <span class='ocrx_word' id='word_1_132' title='bbox 714 2007 879 2093; x_wconf 81' lang='lat' dir='ltr'><strong>(Pococlre</strong></span> <span class='ocrx_word' id='word_1_133' title='bbox 893 2011 933 2073; x_wconf 89' lang='lat' dir='ltr'><strong>T.</strong></span> <span class='ocrx_word' id='word_1_134' title='bbox 950 2023 983 2088; x_wconf 80' lang='lat'><strong>5.</strong></span> <span class='ocrx_word' id='word_1_135' title='bbox 1002 2029 1036 2092; x_wconf 87' lang='lat' dir='ltr'><strong>p.</strong></span> <span class='ocrx_word' id='word_1_136' title='bbox 1052 2030 1097 2073; x_wconf 86' lang='lat' dir='ltr'><strong>na.</strong></span> <span class='ocrx_word' id='word_1_137' title='bbox 1118 2022 1201 2087; x_wconf 77' lang='lat'><strong>175.</strong></span> <span class='ocrx_word' id='word_1_138' title='bbox 1224 2009 1282 2091; x_wconf 88' lang='lat' dir='ltr'><strong>qui</strong></span> <span class='ocrx_word' id='word_1_139' title='bbox 1303 2007 1385 2066; x_wconf 86' lang='lat' dir='ltr'><strong>illum</strong></span> 
     </span>
     <span class='ocr_line' id='line_1_17' title="bbox 356 2105 1386 2196; baseline -0.002 -24"><span class='ocrx_word' id='word_1_140' title='bbox 356 2107 519 2172; x_wconf 80' lang='lat' dir='ltr'><strong>adscendit</strong></span> <span class='ocrx_word' id='word_1_141' title='bbox 539 2122 573 2170; x_wconf 90' lang='lat' dir='ltr'><strong>et</strong></span> <span class='ocrx_word' id='word_1_142' title='bbox 592 2107 776 2194; x_wconf 70' lang='lat' dir='ltr'><strong>descripsit.)</strong></span> <span class='ocrx_word' id='word_1_143' title='bbox 826 2111 890 2174; x_wconf 80' lang='lat' dir='ltr'><strong>alit</strong></span> <span class='ocrx_word' id='word_1_144' title='bbox 910 2123 1034 2183; x_wconf 85' lang='lat' dir='ltr'><strong>tamen,</strong></span> <span class='ocrx_word' id='word_1_145' title='bbox 1066 2125 1106 2172; x_wconf 91' lang='lat' dir='ltr'><strong>ut</strong></span> <span class='ocrx_word' id='word_1_146' title='bbox 1127 2111 1260 2196; x_wconf 89' lang='lat' dir='ltr'><strong>Dapper</strong></span> <span class='ocrx_word' id='word_1_147' title='bbox 1277 2105 1386 2170; x_wconf 81' lang='lat' dir='ltr'><strong>iuAfia</strong></span> 
     </span>
     <span class='ocr_line' id='line_1_18' title="bbox 357 2209 961 2296; baseline 0.003 -22"><span class='ocrx_word' id='word_1_148' title='bbox 357 2231 391 2296; x_wconf 90' lang='lat' dir='ltr'><strong>p.</strong></span> <span class='ocrx_word' id='word_1_149' title='bbox 407 2230 451 2275; x_wconf 88' lang='lat' dir='ltr'><strong>m.</strong></span> <span class='ocrx_word' id='word_1_150' title='bbox 468 2220 553 2292; x_wconf 76' lang='grc'><strong>984.</strong></span> <span class='ocrx_word' id='word_1_151' title='bbox 572 2213 632 2275; x_wconf 83' lang='lat' dir='ltr'><strong>asir</strong></span> <span class='ocrx_word' id='word_1_152' title='bbox 650 2213 784 2276; x_wconf 88' lang='lat' dir='ltr'><strong>nomina</strong></span> <span class='ocrx_word' id='word_1_153' title='bbox 800 2209 961 2276; x_wconf 87' lang='lat' dir='ltr'><strong>adserunt.</strong></span> 
     </span>
    </p>
   </div>
   <div class='ocr_carea' id='block_1_3' title="bbox 395 2403 1384 2498">
    <p class='ocr_par' dir='ltr' id='par_1_3' title="bbox 395 2403 1384 2498">
     <span class='ocr_line' id='line_1_19' title="bbox 395 2403 1384 2498; baseline -0.028 -2"><span class='ocrx_word' id='word_1_154' title='bbox 395 2403 399 2410; x_wconf 25' lang='grc' dir='ltr'>ι</span> <span class='ocrx_word' id='word_1_155' title='bbox 523 2416 552 2492; x_wconf 73' lang='grc'><strong>5·</strong></span> <span class='ocrx_word' id='word_1_156' title='bbox 583 2429 616 2496; x_wconf 75' lang='lat'><strong>3·</strong></span> <span class='ocrx_word' id='word_1_157' title='bbox 662 2412 958 2498; x_wconf 73' lang='lat' dir='ltr'><strong>Rhyndacum)</strong></span> <span class='ocrx_word' id='word_1_158' title='bbox 994 2413 1050 2478; x_wconf 86' lang='lat' dir='ltr'><strong>Gr.</strong></span> <span class='ocrx_word' id='word_1_159' title='bbox 1065 2408 1262 2491; x_wconf 78' lang='grc' dir='ltr'>Ῥυνδακὸς,</span> <span class='ocrx_word' id='word_1_160' title='bbox 1286 2409 1384 2498; x_wconf 92' lang='lat' dir='ltr'><strong>penul·</strong></span> 
     </span>
    </p>
   </div>
   <div class='ocr_carea' id='block_1_4' title="bbox 357 2515 1389 4225">
    <p class='ocr_par' dir='ltr' id='par_1_4' title="bbox 357 2515 1389 4225">
     <span class='ocr_line' id='line_1_20' title="bbox 357 2515 1383 2598; baseline -0.001 -23"><span class='ocrx_word' id='word_1_161' title='bbox 357 2517 436 2576; x_wconf 86' lang='lat' dir='ltr'><strong>tima</strong></span> <span class='ocrx_word' id='word_1_162' title='bbox 460 2531 614 2598; x_wconf 84' lang='lat' dir='ltr'><strong>correpta.</strong></span> <span class='ocrx_word' id='word_1_163' title='bbox 646 2517 817 2598; x_wconf 79' lang='lat' dir='ltr'><strong>(Apollon.</strong></span> <span class='ocrx_word' id='word_1_164' title='bbox 840 2517 949 2578; x_wconf 78' lang='lat' dir='ltr'><strong>lihod.</strong></span> <span class='ocrx_word' id='word_1_165' title='bbox 976 2537 1003 2588; x_wconf 86' lang='grc' dir='ltr'><strong>ι.</strong></span> <span class='ocrx_word' id='word_1_166' title='bbox 1029 2518 1136 2594; x_wconf 84' lang='grc' dir='ltr'><strong>ιι65.</strong></span> <span class='ocrx_word' id='word_1_167' title='bbox 1171 2519 1275 2580; x_wconf 78' lang='lat' dir='ltr'><strong>Valet.</strong></span> <span class='ocrx_word' id='word_1_168' title='bbox 1299 2515 1383 2577; x_wconf 82' lang='lat' dir='ltr'><strong>Fbcc.</strong></span> 
     </span>
     <span class='ocr_line' id='line_1_21' title="bbox 359 2613 1383 2698; baseline -0.001 -24"><span class='ocrx_word' id='word_1_169' title='bbox 359 2629 393 2696; x_wconf 77' lang='lat'><strong>5,</strong></span> <span class='ocrx_word' id='word_1_170' title='bbox 410 2627 469 2692; x_wconf 83' lang='grc'><strong>55.</strong></span> <span class='ocrx_word' id='word_1_171' title='bbox 491 2613 548 2674; x_wconf 93' lang='lat' dir='ltr'><strong>ubi</strong></span> <span class='ocrx_word' id='word_1_172' title='bbox 564 2616 763 2678; x_wconf 81' lang='lat' dir='ltr'><strong>Rhuaadocus</strong></span> <span class='ocrx_word' id='word_1_173' title='bbox 785 2619 898 2679; x_wconf 86' lang='lat' dir='ltr'><strong>maluit</strong></span> <span class='ocrx_word' id='word_1_174' title='bbox 922 2617 994 2679; x_wconf 87' lang='lat' dir='ltr'><strong>dare</strong></span> <span class='ocrx_word' id='word_1_175' title='bbox 1010 2617 1226 2688; x_wconf 74' lang='lat' dir='ltr'><strong>Burmannus,</strong></span> <span class='ocrx_word' id='word_1_176' title='bbox 1249 2617 1383 2698; x_wconf 84' lang='lat' dir='ltr'><strong>aliique.)</strong></span> 
     </span>
     <span class='ocr_line' id='line_1_22' title="bbox 358 2715 1383 2800; baseline 0.001 -21"><span class='ocrx_word' id='word_1_177' title='bbox 358 2715 546 2779; x_wconf 87' lang='lat' dir='ltr'><strong>Secundum</strong></span> <span class='ocrx_word' id='word_1_178' title='bbox 563 2717 709 2780; x_wconf 86' lang='lat' dir='ltr'><strong>Plinium</strong></span> <span class='ocrx_word' id='word_1_179' title='bbox 726 2730 758 2795; x_wconf 86' lang='lat'><strong>5,</strong></span> <span class='ocrx_word' id='word_1_180' title='bbox 775 2727 836 2797; x_wconf 77' lang='grc' dir='ltr'><strong>4ο.</strong></span> <span class='ocrx_word' id='word_1_181' title='bbox 852 2715 873 2780; x_wconf 90' lang='lat' dir='ltr'><strong>l.</strong></span> <span class='ocrx_word' id='word_1_182' title='bbox 893 2732 951 2796; x_wconf 79' lang='grc'><strong>59.</strong></span> <span class='ocrx_word' id='word_1_183' title='bbox 974 2732 1065 2780; x_wconf 88' lang='lat' dir='ltr'><strong>antea</strong></span> <span class='ocrx_word' id='word_1_184' title='bbox 1087 2720 1191 2781; x_wconf 76' lang='lat' dir='ltr'><strong>dictur</strong></span> <span class='ocrx_word' id='word_1_185' title='bbox 1215 2720 1260 2782; x_wconf 81' lang='lat' dir='ltr'><strong>eli</strong></span> <span class='ocrx_word' id='word_1_186' title='bbox 1280 2717 1383 2800; x_wconf 75' lang='lat' dir='ltr'><strong>Lycus.</strong></span> 
     </span>
     <span class='ocr_line' id='line_1_23' title="bbox 359 2815 1386 2902; baseline -0.008 -20"><span class='ocrx_word' id='word_1_187' title='bbox 359 2817 412 2882; x_wconf 78' lang='lat' dir='ltr'><strong>Cf.</strong></span> <span class='ocrx_word' id='word_1_188' title='bbox 428 2815 578 2882; x_wconf 86' lang='lat' dir='ltr'><strong>Stuckiua</strong></span> <span class='ocrx_word' id='word_1_189' title='bbox 599 2819 639 2881; x_wconf 86' lang='lat' dir='ltr'><strong>ad</strong></span> <span class='ocrx_word' id='word_1_190' title='bbox 654 2820 780 2881; x_wconf 74' lang='lat' dir='ltr'><strong>Arriani</strong></span> <span class='ocrx_word' id='word_1_191' title='bbox 801 2820 961 2902; x_wconf 86' lang='lat' dir='ltr'><strong>periplnm</strong></span> <span class='ocrx_word' id='word_1_192' title='bbox 979 2821 1077 2882; x_wconf 85' lang='lat' dir='ltr'><strong>Ponti</strong></span> <span class='ocrx_word' id='word_1_193' title='bbox 1094 2841 1126 2902; x_wconf 91' lang='lat' dir='ltr'><strong>p.</strong></span> <span class='ocrx_word' id='word_1_194' title='bbox 1151 2837 1235 2894; x_wconf 82' lang='grc' dir='ltr'><strong>ι97.</strong></span> <span class='ocrx_word' id='word_1_195' title='bbox 1275 2817 1386 2882; x_wconf 76' lang='lat' dir='ltr'><strong>Postera</strong></span> 
     </span>
     <span class='ocr_line' id='line_1_24' title="bbox 358 2919 1387 3013; baseline -0.01 -28"><span class='ocrx_word' id='word_1_196' title='bbox 358 2933 461 2985; x_wconf 87' lang='lat' dir='ltr'><strong>aetate</strong></span> <span class='ocrx_word' id='word_1_197' title='bbox 484 2919 627 2983; x_wconf 88' lang='lat' dir='ltr'><strong>obtinuit</strong></span> <span class='ocrx_word' id='word_1_198' title='bbox 647 2939 770 2984; x_wconf 87' lang='lat' dir='ltr'><strong>nomen</strong></span> <span class='ocrx_word' id='word_1_199' title='bbox 793 2919 967 3013; x_wconf 69' lang='lat' dir='ltr'><strong>ntegylus,</strong></span> <span class='ocrx_word' id='word_1_200' title='bbox 992 2921 1114 3000; x_wconf 90' lang='lat' dir='ltr'><strong>(Schol.</strong></span> <span class='ocrx_word' id='word_1_201' title='bbox 1139 2924 1291 3004; x_wconf 84' lang='lat' dir='ltr'><strong>Apollon.</strong></span> <span class='ocrx_word' id='word_1_202' title='bbox 1307 2923 1341 2981; x_wconf 91' lang='lat' dir='ltr'><strong>ad</strong></span> <span class='ocrx_word' id='word_1_203' title='bbox 1362 2937 1387 2986; x_wconf 84' lang='grc' dir='ltr'><strong>ι,</strong></span> 
     </span>
     <span class='ocr_line' id='line_1_25' title="bbox 365 3019 1388 3106; baseline -0.011 -18"><span class='ocrx_word' id='word_1_204' title='bbox 365 3024 486 3100; x_wconf 85' lang='lat' dir='ltr'><strong>aa65.)</strong></span> <span class='ocrx_word' id='word_1_205' title='bbox 516 3024 581 3094; x_wconf 81' lang='lat' dir='ltr'><strong>vel,</strong></span> <span class='ocrx_word' id='word_1_206' title='bbox 606 3037 644 3084; x_wconf 90' lang='lat' dir='ltr'><strong>ut</strong></span> <span class='ocrx_word' id='word_1_207' title='bbox 661 3023 734 3086; x_wconf 85' lang='lat' dir='ltr'><strong>vult</strong></span> <span class='ocrx_word' id='word_1_208' title='bbox 756 3022 898 3084; x_wconf 87' lang='lat' dir='ltr'><strong>Holllen.</strong></span> <span class='ocrx_word' id='word_1_209' title='bbox 921 3023 959 3084; x_wconf 89' lang='lat' dir='ltr'><strong>ad</strong></span> <span class='ocrx_word' id='word_1_210' title='bbox 980 3023 1134 3106; x_wconf 87' lang='lat' dir='ltr'><strong>Stephan.</strong></span> <span class='ocrx_word' id='word_1_211' title='bbox 1159 3045 1192 3106; x_wconf 90' lang='lat' dir='ltr'><strong>p.</strong></span> <span class='ocrx_word' id='word_1_212' title='bbox 1212 3035 1296 3100; x_wconf 87' lang='grc'><strong>975.</strong></span> <span class='ocrx_word' id='word_1_213' title='bbox 1321 3019 1388 3082; x_wconf 81' lang='lat' dir='ltr'><strong>lilo-</strong></span> 
     </span>
     <span class='ocr_line' id='line_1_26' title="bbox 359 3119 1389 3206; baseline -0.014 -16"><span class='ocrx_word' id='word_1_214' title='bbox 359 3149 393 3190; x_wconf 84' lang='lat' dir='ltr'><strong>ce</strong></span> <span class='ocrx_word' id='word_1_215' title='bbox 406 3141 458 3189; x_wconf 88' lang='lat' dir='ltr'><strong>tus</strong></span> <span class='ocrx_word' id='word_1_216' title='bbox 478 3144 517 3186; x_wconf 88' lang='lat' dir='ltr'><strong>ex</strong></span> <span class='ocrx_word' id='word_1_217' title='bbox 537 3124 693 3188; x_wconf 82' lang='lat' dir='ltr'><strong>Strabone</strong></span> <span class='ocrx_word' id='word_1_218' title='bbox 712 3141 767 3189; x_wconf 85' lang='grc' dir='ltr'><strong>ι9.</strong></span> <span class='ocrx_word' id='word_1_219' title='bbox 789 3145 821 3206; x_wconf 90' lang='lat' dir='ltr'><strong>p.</strong></span> <span class='ocrx_word' id='word_1_220' title='bbox 841 3124 924 3202; x_wconf 82' lang='grc'><strong>596.</strong></span> <span class='ocrx_word' id='word_1_221' title='bbox 941 3121 962 3186; x_wconf 91' lang='lat' dir='ltr'><strong>l.</strong></span> <span class='ocrx_word' id='word_1_222' title='bbox 983 3126 1066 3201; x_wconf 86' lang='grc'><strong>576.</strong></span> <span class='ocrx_word' id='word_1_223' title='bbox 1093 3123 1149 3184; x_wconf 89' lang='lat' dir='ltr'><strong>ubi</strong></span> <span class='ocrx_word' id='word_1_224' title='bbox 1166 3125 1298 3204; x_wconf 84' lang='lat' dir='ltr'><strong>quidem</strong></span> <span class='ocrx_word' id='word_1_225' title='bbox 1319 3119 1389 3182; x_wconf 86' lang='lat' dir='ltr'><strong>dicit</strong></span> 
     </span>
     <span class='ocr_line' id='line_1_27' title="bbox 359 3223 1388 3308; baseline -0.013 -16"><span class='ocrx_word' id='word_1_226' title='bbox 359 3227 534 3291; x_wconf 86' lang='lat' dir='ltr'><strong>Macellum</strong></span> <span class='ocrx_word' id='word_1_227' title='bbox 555 3247 572 3287; x_wconf 90' lang='lat' dir='ltr'><strong>a</strong></span> <span class='ocrx_word' id='word_1_228' title='bbox 589 3226 763 3308; x_wconf 80' lang='lat' dir='ltr'><strong>Rhyndaco</strong></span> <span class='ocrx_word' id='word_1_229' title='bbox 785 3226 906 3307; x_wconf 85' lang='lat' dir='ltr'><strong>excipi,</strong></span> <span class='ocrx_word' id='word_1_230' title='bbox 939 3227 1027 3287; x_wconf 86' lang='lat' dir='ltr'><strong>unde</strong></span> <span class='ocrx_word' id='word_1_231' title='bbox 1042 3223 1125 3287; x_wconf 87' lang='lat' dir='ltr'><strong>sorte</strong></span> <span class='ocrx_word' id='word_1_232' title='bbox 1146 3243 1323 3286; x_wconf 84' lang='lat' dir='ltr'><strong>commone</strong></span> <span class='ocrx_word' id='word_1_233' title='bbox 1343 3239 1388 3281; x_wconf 89' lang='lat' dir='ltr'><strong>na·</strong></span> 
     </span>
     <span class='ocr_line' id='line_1_28' title="bbox 360 3325 1388 3411; baseline -0.013 -18"><span class='ocrx_word' id='word_1_234' title='bbox 360 3345 431 3394; x_wconf 88' lang='lat' dir='ltr'><strong>tum</strong></span> <span class='ocrx_word' id='word_1_235' title='bbox 447 3328 490 3390; x_wconf 85' lang='lat' dir='ltr'><strong>est</strong></span> <span class='ocrx_word' id='word_1_236' title='bbox 502 3345 636 3390; x_wconf 89' lang='lat' dir='ltr'><strong>nomen.</strong></span> <span class='ocrx_word' id='word_1_237' title='bbox 667 3328 709 3388; x_wconf 80' lang='lat' dir='ltr'><strong>At</strong></span> <span class='ocrx_word' id='word_1_238' title='bbox 724 3326 893 3411; x_wconf 79' lang='lat' dir='ltr'><strong>Megistum</strong></span> <span class='ocrx_word' id='word_1_239' title='bbox 904 3325 1067 3405; x_wconf 86' lang='lat' dir='ltr'><strong>aPolybio</strong></span> <span class='ocrx_word' id='word_1_240' title='bbox 1078 3339 1111 3403; x_wconf 88' lang='lat'><strong>5,</strong></span> <span class='ocrx_word' id='word_1_241' title='bbox 1128 3341 1187 3400; x_wconf 81' lang='lat'><strong>77.</strong></span> <span class='ocrx_word' id='word_1_242' title='bbox 1201 3341 1283 3389; x_wconf 81' lang='lat' dir='ltr'><strong>extr.</strong></span> <span class='ocrx_word' id='word_1_243' title='bbox 1299 3325 1388 3386; x_wconf 86' lang='lat' dir='ltr'><strong>etiam</strong></span> 
     </span>
     <span class='ocr_line' id='line_1_29' title="bbox 359 3419 1389 3517; baseline -0.012 -25"><span class='ocrx_word' id='word_1_244' title='bbox 359 3430 487 3517; x_wconf 85' lang='lat' dir='ltr'><strong>probari</strong></span> <span class='ocrx_word' id='word_1_245' title='bbox 501 3428 555 3488; x_wconf 89' lang='lat' dir='ltr'><strong>olii</strong></span> <span class='ocrx_word' id='word_1_246' title='bbox 575 3443 703 3511; x_wconf 87' lang='lat' dir='ltr'><strong>putant.</strong></span> <span class='ocrx_word' id='word_1_247' title='bbox 746 3428 892 3491; x_wconf 87' lang='lat' dir='ltr'><strong>Omnino</strong></span> <span class='ocrx_word' id='word_1_248' title='bbox 908 3440 1014 3488; x_wconf 86' lang='lat' dir='ltr'><strong>tamen</strong></span> <span class='ocrx_word' id='word_1_249' title='bbox 1027 3441 1184 3512; x_wconf 76' lang='lat' dir='ltr'><strong>repugnat</strong></span> <span class='ocrx_word' id='word_1_250' title='bbox 1201 3427 1339 3489; x_wconf 80' lang='lat' dir='ltr'><strong>Eustath.</strong></span> <span class='ocrx_word' id='word_1_251' title='bbox 1355 3419 1389 3482; x_wconf 84' lang='lat' dir='ltr'><strong>ad</strong></span> 
     </span>
     <span class='ocr_line' id='line_1_30' title="bbox 361 3527 1389 3612; baseline -0.012 -17"><span class='ocrx_word' id='word_1_252' title='bbox 361 3535 495 3595; x_wconf 89' lang='lat' dir='ltr'><strong>Homer.</strong></span> <span class='ocrx_word' id='word_1_253' title='bbox 511 3529 550 3594; x_wconf 94' lang='lat' dir='ltr'><strong>ll.</strong></span> <span class='ocrx_word' id='word_1_254' title='bbox 572 3543 627 3608; x_wconf 81' lang='lat'><strong>13,</strong></span> <span class='ocrx_word' id='word_1_255' title='bbox 644 3543 728 3606; x_wconf 84' lang='lat'><strong>771.</strong></span> <span class='ocrx_word' id='word_1_256' title='bbox 746 3549 779 3612; x_wconf 89' lang='lat' dir='ltr'><strong>p.</strong></span> <span class='ocrx_word' id='word_1_257' title='bbox 795 3549 839 3592; x_wconf 87' lang='lat' dir='ltr'><strong>m.</strong></span> <span class='ocrx_word' id='word_1_258' title='bbox 858 3537 943 3608; x_wconf 77' lang='lat'><strong>940.</strong></span> <span class='ocrx_word' id='word_1_259' title='bbox 972 3529 1026 3610; x_wconf 89' lang='lat' dir='ltr'><strong>qui</strong></span> <span class='ocrx_word' id='word_1_260' title='bbox 1050 3527 1104 3590; x_wconf 86' lang='lat' dir='ltr'><strong>loo</strong></span> <span class='ocrx_word' id='word_1_261' title='bbox 1125 3543 1270 3611; x_wconf 87' lang='lat' dir='ltr'><strong>tempore</strong></span> <span class='ocrx_word' id='word_1_262' title='bbox 1287 3527 1389 3604; x_wconf 84' lang='lat' dir='ltr'><strong>Rhyn-</strong></span> 
     </span>
     <span class='ocr_line' id='line_1_31' title="bbox 360 3626 1388 3698; baseline -0.008 0"><span class='ocrx_word' id='word_1_263' title='bbox 360 3635 429 3698; x_wconf 82' lang='lat' dir='ltr'><strong>daci</strong></span> <span class='ocrx_word' id='word_1_264' title='bbox 448 3651 570 3694; x_wconf 87' lang='lat' dir='ltr'><strong>oomeu</strong></span> <span class='ocrx_word' id='word_1_265' title='bbox 590 3651 666 3694; x_wconf 87' lang='lat' dir='ltr'><strong>enm</strong></span> <span class='ocrx_word' id='word_1_266' title='bbox 683 3629 810 3694; x_wconf 81' lang='lat' dir='ltr'><strong>leavalle</strong></span> <span class='ocrx_word' id='word_1_267' title='bbox 830 3631 984 3693; x_wconf 86' lang='lat' dir='ltr'><strong>adfirmat.</strong></span> <span class='ocrx_word' id='word_1_268' title='bbox 1036 3629 1147 3692; x_wconf 88' lang='lat' dir='ltr'><strong>Oritur</strong></span> <span class='ocrx_word' id='word_1_269' title='bbox 1164 3631 1197 3690; x_wconf 92' lang='lat' dir='ltr'><strong>in</strong></span> <span class='ocrx_word' id='word_1_270' title='bbox 1220 3626 1388 3690; x_wconf 76' lang='lat' dir='ltr'><strong>Azanitide.</strong></span> 
     </span>
     <span class='ocr_line' id='line_1_32' title="bbox 359 3727 1387 3820; baseline -0.016 -20"><span class='ocrx_word' id='word_1_271' title='bbox 359 3735 516 3820; x_wconf 82' lang='lat' dir='ltr'><strong>Pbrygiae</strong></span> <span class='ocrx_word' id='word_1_272' title='bbox 534 3745 639 3815; x_wconf 84' lang='lat' dir='ltr'><strong>parte,</strong></span> <span class='ocrx_word' id='word_1_273' title='bbox 663 3751 759 3814; x_wconf 88' lang='lat' dir='ltr'><strong>quam</strong></span> <span class='ocrx_word' id='word_1_274' title='bbox 775 3727 972 3818; x_wconf 75' lang='lat' dir='ltr'><strong>&#39;En-inrayrou</strong></span> <span class='ocrx_word' id='word_1_275' title='bbox 992 3743 1109 3792; x_wconf 79' lang='lat' dir='ltr'><strong>vocant</strong></span> <span class='ocrx_word' id='word_1_276' title='bbox 1126 3731 1245 3798; x_wconf 86' lang='lat' dir='ltr'><strong>Graeci,</strong></span> <span class='ocrx_word' id='word_1_277' title='bbox 1269 3727 1387 3806; x_wconf 85' lang='lat' dir='ltr'><strong>(Strabo</strong></span> 
     </span>
     <span class='ocr_line' id='line_1_33' title="bbox 360 3823 1388 3918; baseline -0.015 -18"><span class='ocrx_word' id='word_1_278' title='bbox 360 3858 389 3901; x_wconf 92' lang='lat' dir='ltr'><strong>c.</strong></span> <span class='ocrx_word' id='word_1_279' title='bbox 407 3837 444 3916; x_wconf 93' lang='lat' dir='ltr'><strong>l.)</strong></span> <span class='ocrx_word' id='word_1_280' title='bbox 474 3855 568 3916; x_wconf 88' lang='lat' dir='ltr'><strong>quare</strong></span> <span class='ocrx_word' id='word_1_281' title='bbox 588 3835 686 3896; x_wconf 89' lang='lat' dir='ltr'><strong>etiam</strong></span> <span class='ocrx_word' id='word_1_282' title='bbox 707 3853 782 3894; x_wconf 88' lang='lat' dir='ltr'><strong>eum</strong></span> <span class='ocrx_word' id='word_1_283' title='bbox 799 3833 955 3918; x_wconf 79' lang='lat' dir='ltr'><strong>Pbrygiae</strong></span> <span class='ocrx_word' id='word_1_284' title='bbox 972 3830 1150 3893; x_wconf 85' lang='lat' dir='ltr'><strong>adscribunt</strong></span> <span class='ocrx_word' id='word_1_285' title='bbox 1165 3831 1342 3915; x_wconf 75' lang='lat' dir='ltr'><strong>Stephanae</strong></span> <span class='ocrx_word' id='word_1_286' title='bbox 1360 3823 1388 3885; x_wconf 78' lang='lat' dir='ltr'><strong>el</strong></span> 
     </span>
     <span class='ocr_line' id='line_1_34' title="bbox 361 3929 1386 4019; baseline -0.016 -19"><span class='ocrx_word' id='word_1_287' title='bbox 361 3937 467 4003; x_wconf 81' lang='lat' dir='ltr'><strong>Sobel.</strong></span> <span class='ocrx_word' id='word_1_288' title='bbox 482 3935 644 4019; x_wconf 78' lang='lat' dir='ltr'><strong>Apollonii</strong></span> <span class='ocrx_word' id='word_1_289' title='bbox 661 3953 689 3998; x_wconf 88' lang='lat' dir='ltr'><strong>c.</strong></span> <span class='ocrx_word' id='word_1_290' title='bbox 705 3935 728 3998; x_wconf 93' lang='lat' dir='ltr'><strong>l.</strong></span> <span class='ocrx_word' id='word_1_291' title='bbox 751 3935 786 3995; x_wconf 93' lang='lat' dir='ltr'><strong>in</strong></span> <span class='ocrx_word' id='word_1_292' title='bbox 801 3933 908 4018; x_wconf 80' lang='lat' dir='ltr'><strong>siagrio</strong></span> <span class='ocrx_word' id='word_1_293' title='bbox 920 3935 1050 4013; x_wconf 81' lang='lat' dir='ltr'><strong>Artynia</strong></span> <span class='ocrx_word' id='word_1_294' title='bbox 1065 3936 1152 3994; x_wconf 85' lang='lat' dir='ltr'><strong>iuxta</strong></span> <span class='ocrx_word' id='word_1_295' title='bbox 1168 3929 1386 4014; x_wconf 83' lang='lat' dir='ltr'><strong>Miletopolim,</strong></span> 
     </span>
     <span class='ocr_line' id='line_1_35' title="bbox 362 4032 1386 4118; baseline -0.011 -18"><span class='ocrx_word' id='word_1_296' title='bbox 362 4041 466 4118; x_wconf 86' lang='lat' dir='ltr'><strong>(Plin.</strong></span> <span class='ocrx_word' id='word_1_297' title='bbox 481 4057 508 4100; x_wconf 87' lang='lat' dir='ltr'><strong>c.</strong></span> <span class='ocrx_word' id='word_1_298' title='bbox 526 4038 569 4116; x_wconf 91' lang='lat' dir='ltr'><strong>l.)</strong></span> <span class='ocrx_word' id='word_1_299' title='bbox 600 4055 695 4118; x_wconf 89' lang='lat' dir='ltr'><strong>quam</strong></span> <span class='ocrx_word' id='word_1_300' title='bbox 720 4035 834 4096; x_wconf 87' lang='lat' dir='ltr'><strong>urbem</strong></span> <span class='ocrx_word' id='word_1_301' title='bbox 864 4037 949 4096; x_wconf 85' lang='lat' dir='ltr'><strong>inter</strong></span> <span class='ocrx_word' id='word_1_302' title='bbox 974 4035 1127 4113; x_wconf 83' lang='lat' dir='ltr'><strong>Cyzicum</strong></span> <span class='ocrx_word' id='word_1_303' title='bbox 1152 4048 1185 4096; x_wconf 88' lang='lat' dir='ltr'><strong>et</strong></span> <span class='ocrx_word' id='word_1_304' title='bbox 1211 4032 1386 4110; x_wconf 84' lang='lat' dir='ltr'><strong>Bithyniam</strong></span> 
     </span>
     <span class='ocr_line' id='line_1_36' title="bbox 361 4136 1383 4225; baseline -0.014 -20"><span class='ocrx_word' id='word_1_305' title='bbox 361 4141 457 4225; x_wconf 87' lang='lat' dir='ltr'><strong>ponit</strong></span> <span class='ocrx_word' id='word_1_306' title='bbox 483 4139 680 4222; x_wconf 68' lang='lat' dir='ltr'><strong>Stephanum</strong></span> <span class='ocrx_word' id='word_1_307' title='bbox 718 4137 863 4223; x_wconf 76' lang='lat' dir='ltr'><strong>[lagoum</strong></span> <span class='ocrx_word' id='word_1_308' title='bbox 883 4137 965 4199; x_wconf 86' lang='lat' dir='ltr'><strong>illud</strong></span> <span class='ocrx_word' id='word_1_309' title='bbox 988 4149 1135 4200; x_wconf 85' lang='lat' dir='ltr'><strong>autema</strong></span> <span class='ocrx_word' id='word_1_310' title='bbox 1158 4136 1312 4198; x_wconf 84' lang='lat' dir='ltr'><strong>Strabone</strong></span> <span class='ocrx_word' id='word_1_311' title='bbox 1335 4143 1383 4196; x_wconf 81' lang='lat' dir='ltr'><strong>ro.</strong></span> 
     </span>
    </p>
   </div>
   <div class='ocr_carea' id='block_1_5' title="bbox 0 0 1476 4958">
    <p class='ocr_par' dir='ltr' id='par_1_5' title="bbox 0 0 1476 4958">
     <span class='ocr_line' id='line_1_37' title="bbox 0 0 1476 4958; baseline 0 0"><span class='ocrx_word' id='word_1_312' title='bbox 0 0 1476 4958; x_wconf 95' lang='lat' dir='ltr'><strong> </strong></span> 
     </span>
    </p>
   </div>
  </div>
 </body>
</html>
