<?xml version="1.0" encoding="UTF-8"?>
<!DOCTYPE html PUBLIC "-//W3C//DTD XHTML 1.0 Transitional//EN"
    "http://www.w3.org/TR/xhtml1/DTD/xhtml1-transitional.dtd">
<html xmlns="http://www.w3.org/1999/xhtml" xml:lang="en" lang="en">
 <head>
  <title>
</title>
<meta http-equiv="Content-Type" content="text/html;charset=utf-8" />
  <meta name='ocr-system' content='tesseract 3.04.00' />
  <meta name='ocr-capabilities' content='ocr_page ocr_carea ocr_par ocr_line ocrx_word'/>
</head>
<body>
  <div class='ocr_page' id='page_1' title='image "./pomponiimelaede06melagoog_0283.png"; bbox 0 0 2764 4954; ppageno 0'>
   <div class='ocr_carea' id='block_1_1' title="bbox 158 365 1045 448">
    <p class='ocr_par' dir='ltr' id='par_1_1' title="bbox 158 365 1045 448">
     <span class='ocr_line' id='line_1_1' title="bbox 158 365 1045 448; baseline 0.002 -22"><span class='ocrx_word' id='word_1_1' title='bbox 158 368 501 430; x_wconf 75' lang='lat' dir='ltr'>turoneum.</span> <span class='ocrx_word' id='word_1_2' title='bbox 542 369 625 426; x_wconf 75' lang='grc' dir='ltr'>ω.</span> <span class='ocrx_word' id='word_1_3' title='bbox 665 365 772 426; x_wconf 82' lang='lat' dir='ltr'>utx.</span> <span class='ocrx_word' id='word_1_4' title='bbox 813 368 893 446; x_wconf 52' lang='grc' dir='ltr'>ιφ</span> <span class='ocrx_word' id='word_1_5' title='bbox 982 377 1045 448; x_wconf 76' lang='lat'>2⁷5</span> 
     </span>
    </p>
   </div>
   <div class='ocr_carea' id='block_1_2' title="bbox 15 537 1064 2246">
    <p class='ocr_par' dir='ltr' id='par_1_2' title="bbox 15 537 1064 2246">
     <span class='ocr_line' id='line_1_2' title="bbox 53 537 1045 614; baseline 0.006 -12"><span class='ocrx_word' id='word_1_6' title='bbox 53 537 120 612; x_wconf 83' lang='lat' dir='ltr'>blut.</span> <span class='ocrx_word' id='word_1_7' title='bbox 141 554 217 606; x_wconf 87' lang='lat' dir='ltr'>certe</span> <span class='ocrx_word' id='word_1_8' title='bbox 232 544 272 608; x_wconf 85' lang='lat' dir='ltr'>de</span> <span class='ocrx_word' id='word_1_9' title='bbox 286 543 399 614; x_wconf 78' lang='lat' dir='ltr'>trotio,</span> <span class='ocrx_word' id='word_1_10' title='bbox 422 541 510 604; x_wconf 82' lang='lat' dir='ltr'>unde</span> <span class='ocrx_word' id='word_1_11' title='bbox 529 553 641 604; x_wconf 83' lang='lat' dir='ltr'>euctue</span> <span class='ocrx_word' id='word_1_12' title='bbox 660 541 778 606; x_wconf 82' lang='lat' dir='ltr'>liuviue</span> <span class='ocrx_word' id='word_1_13' title='bbox 793 541 945 607; x_wconf 79' lang='lat' dir='ltr'>exundet.</span> <span class='ocrx_word' id='word_1_14' title='bbox 979 543 1045 614; x_wconf 69' lang='lat' dir='ltr'>secl</span> 
     </span>
     <span class='ocr_line' id='line_1_3' title="bbox 52 637 1044 726; baseline 0.003 -23"><span class='ocrx_word' id='word_1_15' title='bbox 52 637 142 704; x_wconf 76' lang='lat' dir='ltr'>ouill&#39;u</span> <span class='ocrx_word' id='word_1_16' title='bbox 167 643 353 726; x_wconf 79' lang='lat' dir='ltr'>quibuedem</span> <span class='ocrx_word' id='word_1_17' title='bbox 384 643 453 710; x_wconf 76' lang='lat' dir='ltr'>aliie</span> <span class='ocrx_word' id='word_1_18' title='bbox 485 639 545 723; x_wconf 78' lang='lat' dir='ltr'>(cl.</span> <span class='ocrx_word' id='word_1_19' title='bbox 576 641 736 706; x_wconf 83' lang='lat' dir='ltr'>Seboliell.</span> <span class='ocrx_word' id='word_1_20' title='bbox 764 643 928 724; x_wconf 81' lang='lat' dir='ltr'>Apollonii</span> <span class='ocrx_word' id='word_1_21' title='bbox 949 663 977 706; x_wconf 92' lang='lat' dir='ltr'>c.</span> <span class='ocrx_word' id='word_1_22' title='bbox 1000 645 1044 723; x_wconf 86' lang='lat' dir='ltr'>l.)</span> 
     </span>
     <span class='ocr_line' id='line_1_4' title="bbox 50 741 1045 830; baseline 0.005 -26"><span class='ocrx_word' id='word_1_23' title='bbox 50 763 125 808; x_wconf 82' lang='lat' dir='ltr'>curu</span> <span class='ocrx_word' id='word_1_24' title='bbox 141 744 197 808; x_wconf 90' lang='lat' dir='ltr'>lroc</span> <span class='ocrx_word' id='word_1_25' title='bbox 216 747 330 810; x_wconf 76' lang='lat' dir='ltr'>rddere</span> <span class='ocrx_word' id='word_1_26' title='bbox 350 747 458 814; x_wconf 77' lang='lat' dir='ltr'>liceat.</span> <span class='ocrx_word' id='word_1_27' title='bbox 488 745 573 825; x_wconf 85' lang='lat' dir='ltr'>quod</span> <span class='ocrx_word' id='word_1_28' title='bbox 589 741 736 806; x_wconf 82' lang='lat' dir='ltr'>Arillidee</span> <span class='ocrx_word' id='word_1_29' title='bbox 751 745 786 806; x_wconf 88' lang='lat' dir='ltr'>iu</span> <span class='ocrx_word' id='word_1_30' title='bbox 801 743 890 809; x_wconf 84' lang='lat' dir='ltr'>Oret.</span> <span class='ocrx_word' id='word_1_31' title='bbox 907 744 1045 830; x_wconf 76' lang='lat' dir='ltr'>Aegypt.</span> 
     </span>
     <span class='ocr_line' id='line_1_5' title="bbox 51 843 1047 932; baseline 0.006 -28"><span class='ocrx_word' id='word_1_32' title='bbox 51 845 79 905; x_wconf 86' lang='grc' dir='ltr'>Τ.</span> <span class='ocrx_word' id='word_1_33' title='bbox 93 863 118 908; x_wconf 80' lang='lat' dir='ltr'>e.</span> <span class='ocrx_word' id='word_1_34' title='bbox 137 867 166 930; x_wconf 90' lang='lat' dir='ltr'>p.</span> <span class='ocrx_word' id='word_1_35' title='bbox 181 847 262 932; x_wconf 77' lang='lat'>363.</span> <span class='ocrx_word' id='word_1_36' title='bbox 279 845 370 910; x_wconf 90' lang='lat' dir='ltr'>lebb.</span> <span class='ocrx_word' id='word_1_37' title='bbox 392 847 529 930; x_wconf 79' lang='lat' dir='ltr'>ignoreri</span> <span class='ocrx_word' id='word_1_38' title='bbox 544 863 654 908; x_wconf 81' lang='lat' dir='ltr'>verum</span> <span class='ocrx_word' id='word_1_39' title='bbox 673 843 795 908; x_wconf 79' lang='lat' dir='ltr'>caulam</span> <span class='ocrx_word' id='word_1_40' title='bbox 811 845 987 916; x_wconf 72' lang='lat' dir='ltr'>arbitretur.</span> <span class='ocrx_word' id='word_1_41' title='bbox 1011 859 1047 910; x_wconf 89' lang='lat' dir='ltr'>et</span> 
     </span>
     <span class='ocr_line' id='line_1_6' title="bbox 50 943 1047 1032; baseline 0.006 -27"><span class='ocrx_word' id='word_1_42' title='bbox 50 945 147 1010; x_wconf 77' lang='lat' dir='ltr'>diriore</span> <span class='ocrx_word' id='word_1_43' title='bbox 162 949 194 1008; x_wconf 83' lang='lat' dir='ltr'>id</span> <span class='ocrx_word' id='word_1_44' title='bbox 209 947 428 1032; x_wconf 81' lang='lat' dir='ltr'>providentioe</span> <span class='ocrx_word' id='word_1_45' title='bbox 444 943 702 1018; x_wconf 78' lang='lat' dir='ltr'>adscribendum,</span> <span class='ocrx_word' id='word_1_46' title='bbox 734 966 814 1030; x_wconf 78' lang='lat' dir='ltr'>quae</span> <span class='ocrx_word' id='word_1_47' title='bbox 828 947 957 1029; x_wconf 80' lang='lat' dir='ltr'>pluviae</span> <span class='ocrx_word' id='word_1_48' title='bbox 972 948 1047 1011; x_wconf 91' lang='lat' dir='ltr'>loco</span> 
     </span>
     <span class='ocr_line' id='line_1_7' title="bbox 50 1045 1046 1134; baseline 0.004 -26"><span class='ocrx_word' id='word_1_49' title='bbox 50 1045 221 1134; x_wconf 72' lang='lat' dir='ltr'>lciegypto</span> <span class='ocrx_word' id='word_1_50' title='bbox 241 1049 437 1134; x_wconf 75' lang='lat' dir='ltr'>providerit3</span> <span class='ocrx_word' id='word_1_51' title='bbox 476 1067 493 1109; x_wconf 84' lang='lat' dir='ltr'>e</span> <span class='ocrx_word' id='word_1_52' title='bbox 514 1067 575 1130; x_wconf 80' lang='lat' dir='ltr'>quo</span> <span class='ocrx_word' id='word_1_53' title='bbox 598 1045 751 1110; x_wconf 79' lang='lat' dir='ltr'>sententie</span> <span class='ocrx_word' id='word_1_54' title='bbox 770 1067 837 1110; x_wconf 85' lang='lat' dir='ltr'>uon</span> <span class='ocrx_word' id='word_1_55' title='bbox 857 1049 979 1112; x_wconf 82' lang='lat' dir='ltr'>tiieuue</span> <span class='ocrx_word' id='word_1_56' title='bbox 1001 1048 1046 1112; x_wconf 79' lang='lat' dir='ltr'>est</span> 
     </span>
     <span class='ocr_line' id='line_1_8' title="bbox 15 1147 1046 1232; baseline 0.005 -24"><span class='ocrx_word' id='word_1_57' title='bbox 15 1225 16 1232; x_wconf 6' lang='grc' dir='ltr'>ἵ</span> <span class='ocrx_word' id='word_1_58' title='bbox 48 1147 161 1213; x_wconf 72' lang='lat' dir='ltr'>bouum</span> <span class='ocrx_word' id='word_1_59' title='bbox 182 1169 237 1221; x_wconf 86' lang='lat' dir='ltr'>tu.</span> <span class='ocrx_word' id='word_1_60' title='bbox 260 1164 345 1230; x_wconf 79' lang='grc'><strong>957.</strong></span> <span class='ocrx_word' id='word_1_61' title='bbox 380 1162 413 1212; x_wconf 90' lang='lat' dir='ltr'>et</span> <span class='ocrx_word' id='word_1_62' title='bbox 436 1151 584 1212; x_wconf 80' lang='lat' dir='ltr'>tremene</span> <span class='ocrx_word' id='word_1_63' title='bbox 610 1161 642 1220; x_wconf 88' lang='grc'>9,</span> <span class='ocrx_word' id='word_1_64' title='bbox 665 1159 726 1226; x_wconf 83' lang='grc'>47.</span> <span class='ocrx_word' id='word_1_65' title='bbox 776 1149 810 1212; x_wconf 83' lang='lat' dir='ltr'>Si</span> <span class='ocrx_word' id='word_1_66' title='bbox 831 1151 1046 1212; x_wconf 79' lang='lat' dir='ltr'>recentiorum</span> 
     </span>
     <span class='ocr_line' id='line_1_9' title="bbox 15 1235 1047 1334; baseline 0.008 -28"><span class='ocrx_word' id='word_1_67' title='bbox 15 1235 16 1278; x_wconf 43' lang='lat' dir='ltr'>l</span> <span class='ocrx_word' id='word_1_68' title='bbox 46 1247 132 1314; x_wconf 80' lang='lat' dir='ltr'>iudicia</span> <span class='ocrx_word' id='word_1_69' title='bbox 145 1249 335 1334; x_wconf 87' lang='lat' dir='ltr'>lpectemue,</span> <span class='ocrx_word' id='word_1_70' title='bbox 363 1251 398 1311; x_wconf 87' lang='lat' dir='ltr'>in</span> <span class='ocrx_word' id='word_1_71' title='bbox 416 1269 456 1314; x_wconf 92' lang='lat' dir='ltr'>eo</span> <span class='ocrx_word' id='word_1_72' title='bbox 475 1247 618 1331; x_wconf 76' lang='lat' dir='ltr'>plerique</span> <span class='ocrx_word' id='word_1_73' title='bbox 638 1246 857 1322; x_wconf 78' lang='lat' dir='ltr'>consentiunt,</span> <span class='ocrx_word' id='word_1_74' title='bbox 880 1251 916 1312; x_wconf 83' lang='lat' dir='ltr'>iri</span> <span class='ocrx_word' id='word_1_75' title='bbox 929 1248 1047 1316; x_wconf 78' lang='lat' dir='ltr'>eflicit</span> 
     </span>
     <span class='ocr_line' id='line_1_10' title="bbox 46 1349 1049 1432; baseline 0.007 -23.79"><span class='ocrx_word' id='word_1_76' title='bbox 46 1355 125 1414; x_wconf 83' lang='lat' dir='ltr'>rentie</span> <span class='ocrx_word' id='word_1_77' title='bbox 136 1351 322 1423; x_wconf 73' lang='lat' dir='ltr'>borealibus.</span> <span class='ocrx_word' id='word_1_78' title='bbox 348 1354 485 1432; x_wconf 86' lang='lat' dir='ltr'>quinon</span> <span class='ocrx_word' id='word_1_79' title='bbox 504 1349 606 1412; x_wconf 85' lang='lat' dir='ltr'>lulum</span> <span class='ocrx_word' id='word_1_80' title='bbox 622 1363 704 1414; x_wconf 80' lang='lat' dir='ltr'>octat</span> <span class='ocrx_word' id='word_1_81' title='bbox 719 1351 757 1412; x_wconf 82' lang='lat' dir='ltr'>td</span> <span class='ocrx_word' id='word_1_82' title='bbox 773 1363 900 1414; x_wconf 79' lang='lat' dir='ltr'>montet</span> <span class='ocrx_word' id='word_1_83' title='bbox 917 1351 1049 1416; x_wconf 80' lang='lat' dir='ltr'>Aethio-</span> 
     </span>
     <span class='ocr_line' id='line_1_11' title="bbox 15 1449 1050 1535; baseline 0.002 -21"><span class='ocrx_word' id='word_1_84' title='bbox 15 1467 16 1530; x_wconf 59' lang='lat'>}</span> <span class='ocrx_word' id='word_1_85' title='bbox 45 1452 93 1532; x_wconf 83' lang='lat' dir='ltr'>pite</span> <span class='ocrx_word' id='word_1_86' title='bbox 107 1451 200 1517; x_wconf 82' lang='lat' dir='ltr'>nubet</span> <span class='ocrx_word' id='word_1_87' title='bbox 216 1453 375 1516; x_wconf 86' lang='lat' dir='ltr'>imbribue</span> <span class='ocrx_word' id='word_1_88' title='bbox 390 1453 614 1535; x_wconf 75' lang='lat' dir='ltr'>praecipitent,</span> <span class='ocrx_word' id='word_1_89' title='bbox 641 1449 692 1512; x_wconf 87' lang='lat' dir='ltr'>led</span> <span class='ocrx_word' id='word_1_90' title='bbox 706 1465 739 1513; x_wconf 93' lang='lat' dir='ltr'>et</span> <span class='ocrx_word' id='word_1_91' title='bbox 753 1449 879 1514; x_wconf 85' lang='lat' dir='ltr'>curlurrr</span> <span class='ocrx_word' id='word_1_92' title='bbox 896 1451 965 1514; x_wconf 90' lang='lat' dir='ltr'>Nili</span> <span class='ocrx_word' id='word_1_93' title='bbox 979 1471 1050 1516; x_wconf 87' lang='lat' dir='ltr'>mo·</span> 
     </span>
     <span class='ocr_line' id='line_1_12' title="bbox 47 1555 1064 1637; baseline 0.006 -25"><span class='ocrx_word' id='word_1_94' title='bbox 47 1567 129 1616; x_wconf 86' lang='lat' dir='ltr'>rentur</span> <span class='ocrx_word' id='word_1_95' title='bbox 143 1569 175 1618; x_wconf 94' lang='lat' dir='ltr'>et</span> <span class='ocrx_word' id='word_1_96' title='bbox 191 1557 328 1616; x_wconf 78' lang='lat' dir='ltr'>marinae</span> <span class='ocrx_word' id='word_1_97' title='bbox 347 1573 440 1636; x_wconf 83' lang='lat' dir='ltr'>aquae</span> <span class='ocrx_word' id='word_1_98' title='bbox 462 1555 498 1616; x_wconf 88' lang='lat' dir='ltr'>in</span> <span class='ocrx_word' id='word_1_99' title='bbox 520 1571 596 1614; x_wconf 88' lang='lat' dir='ltr'>euru</span> <span class='ocrx_word' id='word_1_100' title='bbox 618 1566 711 1637; x_wconf 75' lang='lat' dir='ltr'>egent</span> <span class='ocrx_word' id='word_1_101' title='bbox 719 1573 729 1624; x_wconf 87' lang='lat'>;</span> <span class='ocrx_word' id='word_1_102' title='bbox 766 1565 938 1636; x_wconf 87' lang='lat' dir='ltr'>utrumque</span> <span class='ocrx_word' id='word_1_103' title='bbox 958 1557 1064 1618; x_wconf 86' lang='lat' dir='ltr'>enim·</span> 
     </span>
     <span class='ocr_line' id='line_1_13' title="bbox 15 1651 1048 1741; baseline 0.008 -29"><span class='ocrx_word' id='word_1_104' title='bbox 15 1703 16 1712; x_wconf 69' lang='grc'>,</span> <span class='ocrx_word' id='word_1_105' title='bbox 45 1651 87 1716; x_wconf 85' lang='lat' dir='ltr'>tlle</span> <span class='ocrx_word' id='word_1_106' title='bbox 103 1657 376 1741; x_wconf 76' lang='lat' dir='ltr'>coniungentium,</span> <span class='ocrx_word' id='word_1_107' title='bbox 408 1674 483 1718; x_wconf 86' lang='lat' dir='ltr'>cum</span> <span class='ocrx_word' id='word_1_108' title='bbox 503 1673 605 1716; x_wconf 86' lang='lat' dir='ltr'>unum</span> <span class='ocrx_word' id='word_1_109' title='bbox 626 1665 752 1714; x_wconf 79' lang='lat' dir='ltr'>tentum</span> <span class='ocrx_word' id='word_1_110' title='bbox 772 1655 911 1718; x_wconf 89' lang='lat' dir='ltr'>minime</span> <span class='ocrx_word' id='word_1_111' title='bbox 935 1658 1048 1720; x_wconf 75' lang='lat' dir='ltr'>relect.</span> 
     </span>
     <span class='ocr_line' id='line_1_14' title="bbox 15 1727 1051 1872; baseline 0.01 -61"><span class='ocrx_word' id='word_1_112' title='bbox 15 1727 17 1872; x_wconf 68' lang='grc' dir='ltr'>Ι</span> <span class='ocrx_word' id='word_1_113' title='bbox 46 1751 96 1818; x_wconf 80' lang='lat' dir='ltr'>lid.</span> <span class='ocrx_word' id='word_1_114' title='bbox 117 1757 263 1821; x_wconf 78' lang='lat' dir='ltr'>Waueleb</span> <span class='ocrx_word' id='word_1_115' title='bbox 286 1755 379 1820; x_wconf 82' lang='lat' dir='ltr'>lleise</span> <span class='ocrx_word' id='word_1_116' title='bbox 399 1755 480 1820; x_wconf 82' lang='lat' dir='ltr'>nach</span> <span class='ocrx_word' id='word_1_117' title='bbox 503 1757 670 1840; x_wconf 75' lang='lat' dir='ltr'>Aegypten</span> <span class='ocrx_word' id='word_1_118' title='bbox 692 1775 725 1838; x_wconf 90' lang='lat' dir='ltr'>p.</span> <span class='ocrx_word' id='word_1_119' title='bbox 745 1756 825 1820; x_wconf 81' lang='lat'>166.</span> <span class='ocrx_word' id='word_1_120' title='bbox 852 1757 908 1834; x_wconf 88' lang='lat' dir='ltr'>(iu</span> <span class='ocrx_word' id='word_1_121' title='bbox 931 1757 1051 1821; x_wconf 80' lang='lat' dir='ltr'>Paulue</span> 
     </span>
     <span class='ocr_line' id='line_1_15' title="bbox 15 1853 1049 1944; baseline 0.009 -29"><span class='ocrx_word' id='word_1_122' title='bbox 15 1873 16 1884; x_wconf 57' lang='lat'>¹</span> <span class='ocrx_word' id='word_1_123' title='bbox 44 1853 243 1944; x_wconf 74' lang='lat' dir='ltr'>lrmmlurrgen</span> <span class='ocrx_word' id='word_1_124' title='bbox 264 1893 316 1908; x_wconf 89' lang='lat'>—</span> <span class='ocrx_word' id='word_1_125' title='bbox 338 1857 376 1920; x_wconf 90' lang='lat' dir='ltr'>P.</span> <span class='ocrx_word' id='word_1_126' title='bbox 398 1861 453 1936; x_wconf 76' lang='grc'>3.)</span> <span class='ocrx_word' id='word_1_127' title='bbox 489 1855 641 1919; x_wconf 85' lang='lat' dir='ltr'>Pococke</span> <span class='ocrx_word' id='word_1_128' title='bbox 660 1857 758 1920; x_wconf 88' lang='lat' dir='ltr'>Tom.</span> <span class='ocrx_word' id='word_1_129' title='bbox 784 1876 813 1922; x_wconf 88' lang='grc' dir='ltr'>ι.</span> <span class='ocrx_word' id='word_1_130' title='bbox 838 1877 870 1940; x_wconf 90' lang='lat' dir='ltr'>p.</span> <span class='ocrx_word' id='word_1_131' title='bbox 893 1878 939 1921; x_wconf 91' lang='lat' dir='ltr'>ru.</span> <span class='ocrx_word' id='word_1_132' title='bbox 965 1869 1049 1938; x_wconf 84' lang='grc'><strong>995.</strong></span> 
     </span>
     <span class='ocr_line' id='line_1_16' title="bbox 15 1953 1050 2048; baseline 0.004 -32"><span class='ocrx_word' id='word_1_133' title='bbox 15 2033 16 2048; x_wconf 18' lang='lat'>¹</span> <span class='ocrx_word' id='word_1_134' title='bbox 45 1953 156 2044; x_wconf 79' lang='lat' dir='ltr'>(irroget</span> <span class='ocrx_word' id='word_1_135' title='bbox 167 1957 262 2022; x_wconf 86' lang='lat' dir='ltr'>lleile</span> <span class='ocrx_word' id='word_1_136' title='bbox 277 1959 378 2021; x_wconf 86' lang='lat' dir='ltr'>durch</span> <span class='ocrx_word' id='word_1_137' title='bbox 393 1959 470 2042; x_wconf 74' lang='lat' dir='ltr'>Aeg.</span> <span class='ocrx_word' id='word_1_138' title='bbox 484 1977 517 2040; x_wconf 89' lang='lat' dir='ltr'>p.</span> <span class='ocrx_word' id='word_1_139' title='bbox 528 1967 612 2036; x_wconf 72' lang='grc'><strong>594.</strong></span> <span class='ocrx_word' id='word_1_140' title='bbox 633 1957 878 2044; x_wconf 79' lang='lat' dir='ltr'>(inSemmlung</span> <span class='ocrx_word' id='word_1_141' title='bbox 892 1977 1050 2022; x_wconf 77' lang='lat' dir='ltr'>uerter-</span> 
     </span>
     <span class='ocr_line' id='line_1_17' title="bbox 44 2055 1051 2146; baseline 0.007 -31"><span class='ocrx_word' id='word_1_142' title='bbox 44 2055 141 2132; x_wconf 68' lang='lat' dir='ltr'>lleileu</span> <span class='ocrx_word' id='word_1_143' title='bbox 164 2061 333 2146; x_wconf 80' lang='lat' dir='ltr'>Goetting.</span> <span class='ocrx_word' id='word_1_144' title='bbox 361 2073 465 2136; x_wconf 78' lang='lat'>1751.</span> <span class='ocrx_word' id='word_1_145' title='bbox 489 2059 538 2136; x_wconf 81' lang='lat'>8.)</span> <span class='ocrx_word' id='word_1_146' title='bbox 564 2057 687 2122; x_wconf 85' lang='lat' dir='ltr'>Malliet</span> <span class='ocrx_word' id='word_1_147' title='bbox 707 2079 739 2140; x_wconf 91' lang='lat' dir='ltr'>p.</span> <span class='ocrx_word' id='word_1_148' title='bbox 762 2071 808 2138; x_wconf 80' lang='lat'>53</span> <span class='ocrx_word' id='word_1_149' title='bbox 826 2057 888 2141; x_wconf 90' lang='lat' dir='ltr'>qu.</span> <span class='ocrx_word' id='word_1_150' title='bbox 923 2059 1051 2139; x_wconf 83' lang='lat' dir='ltr'>Volney</span> 
     </span>
     <span class='ocr_line' id='line_1_18' title="bbox 45 2157 1052 2246; baseline 0.006 -30"><span class='ocrx_word' id='word_1_151' title='bbox 45 2157 115 2224; x_wconf 84' lang='lat' dir='ltr'>Tum.</span> <span class='ocrx_word' id='word_1_152' title='bbox 131 2180 161 2227; x_wconf 85' lang='lat' dir='ltr'>t.</span> <span class='ocrx_word' id='word_1_153' title='bbox 181 2183 214 2246; x_wconf 86' lang='lat' dir='ltr'>p.</span> <span class='ocrx_word' id='word_1_154' title='bbox 232 2175 294 2243; x_wconf 76' lang='grc'>49.</span> <span class='ocrx_word' id='word_1_155' title='bbox 318 2161 430 2222; x_wconf 86' lang='lat' dir='ltr'>etalii.</span> <span class='ocrx_word' id='word_1_156' title='bbox 473 2159 647 2223; x_wconf 79' lang='lat' dir='ltr'>Conticuit</span> <span class='ocrx_word' id='word_1_157' title='bbox 667 2159 786 2242; x_wconf 81' lang='lat' dir='ltr'>pluvlit</span> <span class='ocrx_word' id='word_1_158' title='bbox 801 2161 834 2222; x_wconf 85' lang='lat' dir='ltr'>in</span> <span class='ocrx_word' id='word_1_159' title='bbox 851 2159 996 2224; x_wconf 81' lang='lat' dir='ltr'>Habelch</span> <span class='ocrx_word' id='word_1_160' title='bbox 1016 2171 1052 2222; x_wconf 87' lang='lat' dir='ltr'>et</span> 
     </span>
    </p>
   </div>
   <div class='ocr_carea' id='block_1_3' title="bbox 43 2257 1053 2372">
    <p class='ocr_par' dir='ltr' id='par_1_3' title="bbox 15 2243 1053 2372">
     <span class='ocr_line' id='line_1_19' title="bbox 43 2257 1053 2372; baseline 0.007 -52.811"><span class='ocrx_word' id='word_1_161' title='bbox 43 2257 127 2372; x_wconf 74' lang='lat' dir='ltr'>lernen</span> <span class='ocrx_word' id='word_1_162' title='bbox 140 2265 250 2326; x_wconf 77' lang='lat' dir='ltr'>tribuit</span> <span class='ocrx_word' id='word_1_163' title='bbox 268 2261 416 2324; x_wconf 86' lang='lat' dir='ltr'>Niebuhr</span> <span class='ocrx_word' id='word_1_164' title='bbox 430 2263 473 2324; x_wconf 89' lang='lat' dir='ltr'>T.</span> <span class='ocrx_word' id='word_1_165' title='bbox 488 2281 517 2324; x_wconf 91' lang='lat' dir='ltr'>t.</span> <span class='ocrx_word' id='word_1_166' title='bbox 533 2281 566 2344; x_wconf 87' lang='lat' dir='ltr'>p.</span> <span class='ocrx_word' id='word_1_167' title='bbox 583 2272 662 2338; x_wconf 76' lang='lat'>125.</span> <span class='ocrx_word' id='word_1_168' title='bbox 679 2273 711 2322; x_wconf 93' lang='lat' dir='ltr'>et</span> <span class='ocrx_word' id='word_1_169' title='bbox 724 2261 802 2323; x_wconf 85' lang='lat' dir='ltr'>elioe</span> <span class='ocrx_word' id='word_1_170' title='bbox 818 2259 1053 2326; x_wconf 78' lang='lat' dir='ltr'>consentienter</span> 
     </span>
    </p>
   </div>
   <div class='ocr_carea' id='block_1_4' title="bbox 44 2357 1107 3861">
    <p class='ocr_par' dir='ltr' id='par_1_4' title="bbox 44 2357 1107 3861">
     <span class='ocr_line' id='line_1_20' title="bbox 45 2357 1050 2448; baseline 0.004 -24"><span class='ocrx_word' id='word_1_171' title='bbox 45 2377 68 2419; x_wconf 82' lang='lat' dir='ltr'>u</span> <span class='ocrx_word' id='word_1_172' title='bbox 81 2378 145 2428; x_wconf 85' lang='lat' dir='ltr'>notr</span> <span class='ocrx_word' id='word_1_173' title='bbox 158 2366 306 2448; x_wconf 80' lang='lat' dir='ltr'>adponit.</span> <span class='ocrx_word' id='word_1_174' title='bbox 337 2361 390 2427; x_wconf 84' lang='lat' dir='ltr'>cf.</span> <span class='ocrx_word' id='word_1_175' title='bbox 406 2363 501 2426; x_wconf 78' lang='lat' dir='ltr'>etiem</span> <span class='ocrx_word' id='word_1_176' title='bbox 516 2361 606 2425; x_wconf 82' lang='lat' dir='ltr'>Lobo</span> <span class='ocrx_word' id='word_1_177' title='bbox 620 2379 744 2446; x_wconf 78' lang='lat' dir='ltr'>voyage</span> <span class='ocrx_word' id='word_1_178' title='bbox 763 2357 950 2426; x_wconf 81' lang='lat' dir='ltr'>cl’llbillluie</span> <span class='ocrx_word' id='word_1_179' title='bbox 963 2365 1005 2426; x_wconf 92' lang='lat' dir='ltr'>T.</span> <span class='ocrx_word' id='word_1_180' title='bbox 1018 2381 1050 2428; x_wconf 88' lang='lat' dir='ltr'>t.</span> 
     </span>
     <span class='ocr_line' id='line_1_21' title="bbox 45 2461 1053 2545; baseline 0.004 -23"><span class='ocrx_word' id='word_1_181' title='bbox 45 2475 148 2544; x_wconf 31' lang='lat' dir='ltr'>p.&#39;14r.</span> <span class='ocrx_word' id='word_1_182' title='bbox 178 2479 213 2530; x_wconf 91' lang='lat' dir='ltr'>et</span> <span class='ocrx_word' id='word_1_183' title='bbox 229 2467 272 2528; x_wconf 81' lang='lat' dir='ltr'>acl</span> <span class='ocrx_word' id='word_1_184' title='bbox 295 2485 370 2526; x_wconf 88' lang='lat' dir='ltr'>eum</span> <span class='ocrx_word' id='word_1_185' title='bbox 390 2463 421 2524; x_wconf 89' lang='lat' dir='ltr'>le</span> <span class='ocrx_word' id='word_1_186' title='bbox 441 2463 546 2525; x_wconf 80' lang='lat' dir='ltr'>Grrnd</span> <span class='ocrx_word' id='word_1_187' title='bbox 568 2461 635 2525; x_wconf 86' lang='lat' dir='ltr'>diil.</span> <span class='ocrx_word' id='word_1_188' title='bbox 653 2477 687 2542; x_wconf 79' lang='lat'>3.</span> <span class='ocrx_word' id='word_1_189' title='bbox 707 2483 740 2545; x_wconf 90' lang='lat' dir='ltr'>p.</span> <span class='ocrx_word' id='word_1_190' title='bbox 761 2477 844 2541; x_wconf 75' lang='lat'>271.</span> <span class='ocrx_word' id='word_1_191' title='bbox 893 2465 957 2528; x_wconf 86' lang='lat' dir='ltr'>Sed</span> <span class='ocrx_word' id='word_1_192' title='bbox 979 2462 1053 2527; x_wconf 86' lang='lat' dir='ltr'>lunt</span> 
     </span>
     <span class='ocr_line' id='line_1_22' title="bbox 44 2562 1052 2652; baseline 0.006 -28"><span class='ocrx_word' id='word_1_193' title='bbox 44 2562 130 2639; x_wconf 77' lang='lat' dir='ltr'>tiam,</span> <span class='ocrx_word' id='word_1_194' title='bbox 153 2569 209 2652; x_wconf 89' lang='lat' dir='ltr'>qui</span> <span class='ocrx_word' id='word_1_195' title='bbox 230 2567 344 2629; x_wconf 86' lang='lat' dir='ltr'>minue</span> <span class='ocrx_word' id='word_1_196' title='bbox 364 2563 568 2648; x_wconf 80' lang='lat' dir='ltr'>probabiliter</span> <span class='ocrx_word' id='word_1_197' title='bbox 582 2564 751 2646; x_wconf 81' lang='lat' dir='ltr'>explicent.</span> <span class='ocrx_word' id='word_1_198' title='bbox 804 2565 856 2627; x_wconf 92' lang='lat' dir='ltr'>Sic</span> <span class='ocrx_word' id='word_1_199' title='bbox 870 2566 970 2650; x_wconf 82' lang='lat' dir='ltr'>vulgo</span> <span class='ocrx_word' id='word_1_200' title='bbox 990 2567 1052 2630; x_wconf 80' lang='lat' dir='ltr'>Ae·</span> 
     </span>
     <span class='ocr_line' id='line_1_23' title="bbox 44 2662 1055 2750; baseline 0.002 -22"><span class='ocrx_word' id='word_1_201' title='bbox 44 2668 121 2744; x_wconf 74' lang='lat' dir='ltr'>gyptii</span> <span class='ocrx_word' id='word_1_202' title='bbox 135 2689 152 2732; x_wconf 80' lang='lat' dir='ltr'>a</span> <span class='ocrx_word' id='word_1_203' title='bbox 166 2689 239 2732; x_wconf 88' lang='lat' dir='ltr'>rore</span> <span class='ocrx_word' id='word_1_204' title='bbox 254 2679 381 2750; x_wconf 85' lang='lat' dir='ltr'>petunt,</span> <span class='ocrx_word' id='word_1_205' title='bbox 403 2666 489 2728; x_wconf 89' lang='lat' dir='ltr'>uude</span> <span class='ocrx_word' id='word_1_206' title='bbox 506 2665 574 2726; x_wconf 88' lang='lat' dir='ltr'>Nili</span> <span class='ocrx_word' id='word_1_207' title='bbox 592 2685 670 2747; x_wconf 78' lang='lat' dir='ltr'>aqua</span> <span class='ocrx_word' id='word_1_208' title='bbox 685 2662 905 2729; x_wconf 78' lang='lat' dir='ltr'>fermentetur.</span> <span class='ocrx_word' id='word_1_209' title='bbox 927 2667 1055 2748; x_wconf 83' lang='lat' dir='ltr'>(werre-</span> 
     </span>
     <span class='ocr_line' id='line_1_24' title="bbox 44 2759 1056 2850; baseline -0.005 -15"><span class='ocrx_word' id='word_1_210' title='bbox 44 2759 213 2848; x_wconf 76' lang='lat' dir='ltr'>lebp,166,</span> <span class='ocrx_word' id='word_1_211' title='bbox 231 2791 261 2832; x_wconf 89' lang='lat' dir='ltr'>c.</span> <span class='ocrx_word' id='word_1_212' title='bbox 281 2769 324 2844; x_wconf 92' lang='lat' dir='ltr'>l.)</span> <span class='ocrx_word' id='word_1_213' title='bbox 358 2767 544 2832; x_wconf 74' lang='lat' dir='ltr'>solertioree</span> <span class='ocrx_word' id='word_1_214' title='bbox 560 2779 685 2850; x_wconf 80' lang='lat' dir='ltr'>putant,</span> <span class='ocrx_word' id='word_1_215' title='bbox 708 2785 805 2848; x_wconf 74' lang='lat' dir='ltr'>equae</span> <span class='ocrx_word' id='word_1_216' title='bbox 821 2768 947 2850; x_wconf 76' lang='lat' dir='ltr'>copiam</span> <span class='ocrx_word' id='word_1_217' title='bbox 967 2769 1056 2836; x_wconf 80' lang='lat' dir='ltr'>illem</span> 
     </span>
     <span class='ocr_line' id='line_1_25' title="bbox 44 2866 1055 2954; baseline 0.009 -30"><span class='ocrx_word' id='word_1_218' title='bbox 44 2866 124 2930; x_wconf 77' lang='lat' dir='ltr'>terlut</span> <span class='ocrx_word' id='word_1_219' title='bbox 142 2873 259 2954; x_wconf 87' lang='lat' dir='ltr'>polum</span> <span class='ocrx_word' id='word_1_220' title='bbox 281 2868 431 2930; x_wconf 81' lang='lat' dir='ltr'>arcticum</span> <span class='ocrx_word' id='word_1_221' title='bbox 453 2867 582 2938; x_wconf 79' lang='lat' dir='ltr'>adtolli,</span> <span class='ocrx_word' id='word_1_222' title='bbox 614 2881 648 2930; x_wconf 90' lang='lat' dir='ltr'>et</span> <span class='ocrx_word' id='word_1_223' title='bbox 673 2866 712 2928; x_wconf 78' lang='lat' dir='ltr'>etl</span> <span class='ocrx_word' id='word_1_224' title='bbox 734 2867 844 2930; x_wconf 76' lang='lat' dir='ltr'>Lunae</span> <span class='ocrx_word' id='word_1_225' title='bbox 865 2881 994 2932; x_wconf 78' lang='lat' dir='ltr'>montet</span> <span class='ocrx_word' id='word_1_226' title='bbox 1018 2869 1055 2932; x_wconf 82' lang='lat' dir='ltr'>lu</span> 
     </span>
     <span class='ocr_line' id='line_1_26' title="bbox 44 2961 1057 3055; baseline 0.009 -32"><span class='ocrx_word' id='word_1_227' title='bbox 44 2961 184 3055; x_wconf 79' lang='lat' dir='ltr'>letbiopie</span> <span class='ocrx_word' id='word_1_228' title='bbox 198 2985 341 3035; x_wconf 83' lang='lat' dir='ltr'>coactam</span> <span class='ocrx_word' id='word_1_229' title='bbox 356 2971 391 3030; x_wconf 89' lang='lat' dir='ltr'>in</span> <span class='ocrx_word' id='word_1_230' title='bbox 408 2969 509 3032; x_wconf 82' lang='lat' dir='ltr'>nuber</span> <span class='ocrx_word' id='word_1_231' title='bbox 522 2969 572 3052; x_wconf 83' lang='lat' dir='ltr'>egi</span> <span class='ocrx_word' id='word_1_232' title='bbox 586 2979 619 3030; x_wconf 90' lang='lat' dir='ltr'>et</span> <span class='ocrx_word' id='word_1_233' title='bbox 633 2967 790 3032; x_wconf 72' lang='lat' dir='ltr'>imbribus</span> <span class='ocrx_word' id='word_1_234' title='bbox 803 2969 907 3032; x_wconf 85' lang='lat' dir='ltr'>deiici.</span> <span class='ocrx_word' id='word_1_235' title='bbox 924 2968 1057 3048; x_wconf 78' lang='lat' dir='ltr'>(Haliei-</span> 
     </span>
     <span class='ocr_line' id='line_1_27' title="bbox 45 3068 1056 3154; baseline 0.003 -24"><span class='ocrx_word' id='word_1_236' title='bbox 45 3068 102 3143; x_wconf 78' lang='lat' dir='ltr'>ruit</span> <span class='ocrx_word' id='word_1_237' title='bbox 121 3073 211 3136; x_wconf 77' lang='lat' dir='ltr'>Reile</span> <span class='ocrx_word' id='word_1_238' title='bbox 228 3101 282 3119; x_wconf 91' lang='lat'>--</span> <span class='ocrx_word' id='word_1_239' title='bbox 301 3091 334 3152; x_wconf 90' lang='lat' dir='ltr'>p.</span> <span class='ocrx_word' id='word_1_240' title='bbox 357 3074 455 3149; x_wconf 75' lang='lat'>230.)</span> <span class='ocrx_word' id='word_1_241' title='bbox 493 3069 594 3154; x_wconf 88' lang='lat' dir='ltr'>Quod</span> <span class='ocrx_word' id='word_1_242' title='bbox 615 3087 656 3130; x_wconf 88' lang='lat' dir='ltr'>ex</span> <span class='ocrx_word' id='word_1_243' title='bbox 681 3068 801 3132; x_wconf 83' lang='lat' dir='ltr'>nitroso</span> <span class='ocrx_word' id='word_1_244' title='bbox 825 3069 893 3131; x_wconf 90' lang='lat' dir='ltr'>Nili</span> <span class='ocrx_word' id='word_1_245' title='bbox 920 3070 998 3133; x_wconf 89' lang='lat' dir='ltr'>limo</span> <span class='ocrx_word' id='word_1_246' title='bbox 1019 3071 1056 3132; x_wconf 77' lang='lat' dir='ltr'>id</span> 
     </span>
     <span class='ocr_line' id='line_1_28' title="bbox 46 3169 1056 3255; baseline 0.004 -25"><span class='ocrx_word' id='word_1_247' title='bbox 46 3169 176 3254; x_wconf 76' lang='lat' dir='ltr'>conlequi.</span> <span class='ocrx_word' id='word_1_248' title='bbox 202 3178 238 3238; x_wconf 88' lang='lat' dir='ltr'>in</span> <span class='ocrx_word' id='word_1_249' title='bbox 253 3172 407 3255; x_wconf 79' lang='lat' dir='ltr'>peculiari</span> <span class='ocrx_word' id='word_1_250' title='bbox 423 3171 505 3232; x_wconf 90' lang='lat' dir='ltr'>libro</span> <span class='ocrx_word' id='word_1_251' title='bbox 520 3173 687 3232; x_wconf 79' lang='lat' dir='ltr'>lactaverat</span> <span class='ocrx_word' id='word_1_252' title='bbox 708 3171 748 3234; x_wconf 87' lang='lat' dir='ltr'>de</span> <span class='ocrx_word' id='word_1_253' title='bbox 768 3171 797 3232; x_wconf 80' lang='lat' dir='ltr'>lu</span> <span class='ocrx_word' id='word_1_254' title='bbox 811 3169 982 3242; x_wconf 79' lang='lat' dir='ltr'>chambre.</span> <span class='ocrx_word' id='word_1_255' title='bbox 1007 3189 1056 3234; x_wconf 89' lang='lat' dir='ltr'>te·</span> 
     </span>
     <span class='ocr_line' id='line_1_29' title="bbox 46 3260 1055 3356; baseline 0.006 -26"><span class='ocrx_word' id='word_1_256' title='bbox 46 3260 137 3334; x_wconf 78' lang='lat' dir='ltr'>inurit</span> <span class='ocrx_word' id='word_1_257' title='bbox 155 3275 285 3338; x_wconf 81' lang='lat' dir='ltr'>Meillet</span> <span class='ocrx_word' id='word_1_258' title='bbox 300 3293 333 3356; x_wconf 91' lang='lat' dir='ltr'>p.</span> <span class='ocrx_word' id='word_1_259' title='bbox 349 3285 408 3350; x_wconf 82' lang='grc'>59.</span> <span class='ocrx_word' id='word_1_260' title='bbox 460 3272 520 3334; x_wconf 85' lang='grc'>1119</span> <span class='ocrx_word' id='word_1_261' title='bbox 542 3289 619 3334; x_wconf 80' lang='lat' dir='ltr'>vero</span> <span class='ocrx_word' id='word_1_262' title='bbox 642 3285 804 3355; x_wconf 84' lang='lat' dir='ltr'>tempore,</span> <span class='ocrx_word' id='word_1_263' title='bbox 836 3291 900 3355; x_wconf 90' lang='lat' dir='ltr'>quo</span> <span class='ocrx_word' id='word_1_264' title='bbox 920 3268 1055 3336; x_wconf 80' lang='lat' dir='ltr'>crescere</span> 
     </span>
     <span class='ocr_line' id='line_1_30' title="bbox 45 3363 1057 3460; baseline 0.006 -30"><span class='ocrx_word' id='word_1_265' title='bbox 45 3363 117 3436; x_wconf 82' lang='lat' dir='ltr'>lliloe</span> <span class='ocrx_word' id='word_1_266' title='bbox 130 3376 316 3460; x_wconf 77' lang='lat' dir='ltr'>incipiebat,</span> <span class='ocrx_word' id='word_1_267' title='bbox 341 3373 469 3436; x_wconf 87' lang='lat' dir='ltr'>lolllitio</span> <span class='ocrx_word' id='word_1_268' title='bbox 488 3372 616 3443; x_wconf 80' lang='lat' dir='ltr'>aestivo,</span> <span class='ocrx_word' id='word_1_269' title='bbox 639 3373 740 3434; x_wconf 85' lang='lat' dir='ltr'>Niloc</span> <span class='ocrx_word' id='word_1_270' title='bbox 755 3371 937 3457; x_wconf 75' lang='lat' dir='ltr'>agebantur,</span> <span class='ocrx_word' id='word_1_271' title='bbox 959 3391 1057 3455; x_wconf 81' lang='lat' dir='ltr'>quem</span> 
     </span>
     <span class='ocr_line' id='line_1_31' title="bbox 45 3469 1058 3564; baseline 0.002 -29"><span class='ocrx_word' id='word_1_272' title='bbox 45 3471 172 3564; x_wconf 66' lang='grc' dir='ltr'>μεγίστην</span> <span class='ocrx_word' id='word_1_273' title='bbox 198 3469 314 3564; x_wconf 68' lang='grc' dir='ltr'><strong>ἑορτὴν</strong></span> <span class='ocrx_word' id='word_1_274' title='bbox 341 3475 507 3558; x_wconf 81' lang='lat' dir='ltr'>Aegyptiie</span> <span class='ocrx_word' id='word_1_275' title='bbox 538 3471 627 3535; x_wconf 83' lang='lat' dir='ltr'>luille</span> <span class='ocrx_word' id='word_1_276' title='bbox 659 3475 803 3556; x_wconf 61' lang='lat' dir='ltr'>adfirmat</span> <span class='ocrx_word' id='word_1_277' title='bbox 828 3474 995 3537; x_wconf 81' lang='lat' dir='ltr'>Heliodor.</span> <span class='ocrx_word' id='word_1_278' title='bbox 1021 3477 1058 3538; x_wconf 87' lang='lat' dir='ltr'>iu</span> 
     </span>
     <span class='ocr_line' id='line_1_32' title="bbox 46 3567 1107 3663; baseline 0.011 -35"><span class='ocrx_word' id='word_1_279' title='bbox 46 3569 172 3660; x_wconf 85' lang='lat' dir='ltr'>letbiop.</span> <span class='ocrx_word' id='word_1_280' title='bbox 188 3595 224 3658; x_wconf 84' lang='lat'>9,</span> <span class='ocrx_word' id='word_1_281' title='bbox 247 3595 282 3656; x_wconf 89' lang='lat'>9.</span> <span class='ocrx_word' id='word_1_282' title='bbox 304 3597 338 3659; x_wconf 89' lang='lat' dir='ltr'>p.</span> <span class='ocrx_word' id='word_1_283' title='bbox 353 3585 439 3656; x_wconf 79' lang='lat'>425.</span> <span class='ocrx_word' id='word_1_284' title='bbox 471 3589 505 3636; x_wconf 91' lang='lat' dir='ltr'>et</span> <span class='ocrx_word' id='word_1_285' title='bbox 529 3573 636 3657; x_wconf 87' lang='lat' dir='ltr'>paullo</span> <span class='ocrx_word' id='word_1_286' title='bbox 666 3573 736 3656; x_wconf 82' lang='lat' dir='ltr'>poll</span> <span class='ocrx_word' id='word_1_287' title='bbox 767 3567 920 3638; x_wconf 77' lang='grc' dir='ltr'><em>Νειλῶων</em></span> <span class='ocrx_word' id='word_1_288' title='bbox 944 3569 1058 3663; x_wconf 65' lang='grc' dir='ltr'><strong>ἑορτὴν</strong></span> <span class='ocrx_word' id='word_1_289' title='bbox 1105 3607 1107 3610; x_wconf 95' lang='grc'><strong><em>·</em></strong></span> 
     </span>
     <span class='ocr_line' id='line_1_33' title="bbox 46 3673 1059 3758; baseline 0.003 -22"><span class='ocrx_word' id='word_1_290' title='bbox 46 3685 128 3738; x_wconf 78' lang='lat' dir='ltr'>vocat.</span> <span class='ocrx_word' id='word_1_291' title='bbox 166 3677 240 3740; x_wconf 87' lang='lat' dir='ltr'>Nec</span> <span class='ocrx_word' id='word_1_292' title='bbox 254 3677 353 3740; x_wconf 87' lang='lat' dir='ltr'>hodie</span> <span class='ocrx_word' id='word_1_293' title='bbox 371 3675 454 3738; x_wconf 78' lang='lat' dir='ltr'>abest</span> <span class='ocrx_word' id='word_1_294' title='bbox 474 3673 548 3738; x_wconf 81' lang='lat' dir='ltr'>fellu</span> <span class='ocrx_word' id='word_1_295' title='bbox 563 3675 712 3739; x_wconf 83' lang='lat' dir='ltr'>omnium</span> <span class='ocrx_word' id='word_1_296' title='bbox 728 3675 862 3748; x_wconf 72' lang='lat' dir='ltr'>laetitio,</span> <span class='ocrx_word' id='word_1_297' title='bbox 887 3694 983 3758; x_wconf 79' lang='lat' dir='ltr'>quern</span> <span class='ocrx_word' id='word_1_298' title='bbox 1004 3676 1059 3740; x_wconf 80' lang='lat' dir='ltr'>tle·</span> 
     </span>
     <span class='ocr_line' id='line_1_34' title="bbox 47 3767 715 3861; baseline 0.012 -29"><span class='ocrx_word' id='word_1_299' title='bbox 47 3767 131 3838; x_wconf 84' lang='lat' dir='ltr'>luibit</span> <span class='ocrx_word' id='word_1_300' title='bbox 144 3779 323 3844; x_wconf 87' lang='lat' dir='ltr'>Thevenot</span> <span class='ocrx_word' id='word_1_301' title='bbox 338 3775 455 3841; x_wconf 80' lang='lat' dir='ltr'>lieilen</span> <span class='ocrx_word' id='word_1_302' title='bbox 471 3777 512 3840; x_wconf 88' lang='grc' dir='ltr'>Τ.</span> <span class='ocrx_word' id='word_1_303' title='bbox 531 3795 563 3842; x_wconf 87' lang='lat'>1.</span> <span class='ocrx_word' id='word_1_304' title='bbox 578 3797 612 3861; x_wconf 88' lang='lat' dir='ltr'>p.</span> <span class='ocrx_word' id='word_1_305' title='bbox 630 3789 715 3857; x_wconf 74' lang='lat'>322.</span> 
     </span>
    </p>
   </div>
   <div class='ocr_carea' id='block_1_5' title="bbox 47 3975 1061 4252">
    <p class='ocr_par' dir='ltr' id='par_1_5' title="bbox 47 3975 1061 4252">
     <span class='ocr_line' id='line_1_35' title="bbox 103 3975 1059 4062; baseline 0.005 -23"><span class='ocrx_word' id='word_1_306' title='bbox 103 3979 224 4042; x_wconf 81' lang='lat' dir='ltr'>bieme</span> <span class='ocrx_word' id='word_1_307' title='bbox 248 3977 401 4062; x_wconf 83' lang='lat' dir='ltr'>terris)</span> <span class='ocrx_word' id='word_1_308' title='bbox 449 3979 607 4044; x_wconf 82' lang='lat' dir='ltr'>Videlicet</span> <span class='ocrx_word' id='word_1_309' title='bbox 627 3979 709 4051; x_wconf 84' lang='lat' dir='ltr'>illie,</span> <span class='ocrx_word' id='word_1_310' title='bbox 743 3977 800 4040; x_wconf 84' lang='lat' dir='ltr'>ubi</span> <span class='ocrx_word' id='word_1_311' title='bbox 822 3975 916 4042; x_wconf 87' lang='lat' dir='ltr'>Nilut</span> <span class='ocrx_word' id='word_1_312' title='bbox 945 3979 1059 4046; x_wconf 82' lang='lat' dir='ltr'>oritur.</span> 
     </span>
     <span class='ocr_line' id='line_1_36' title="bbox 47 4066 1061 4252; baseline 0.004 -108"><span class='ocrx_word' id='word_1_313' title='bbox 47 4066 114 4144; x_wconf 78' lang='lat' dir='ltr'>Nun</span> <span class='ocrx_word' id='word_1_314' title='bbox 132 4083 259 4168; x_wconf 70' lang='lat' dir='ltr'>quando</span> <span class='ocrx_word' id='word_1_315' title='bbox 281 4081 449 4172; x_wconf 72' lang='lat' dir='ltr'>Aegyptii·</span> <span class='ocrx_word' id='word_1_316' title='bbox 465 4081 508 4182; x_wconf 78' lang='lat' dir='ltr'>eli</span> <span class='ocrx_word' id='word_1_317' title='bbox 525 4081 646 4156; x_wconf 84' lang='lat' dir='ltr'>hieme,</span> <span class='ocrx_word' id='word_1_318' title='bbox 680 4080 753 4252; x_wconf 50' lang='grc' dir='ltr'>ἓΙίζ</span> <span class='ocrx_word' id='word_1_319' title='bbox 767 4081 858 4146; x_wconf 83' lang='lat' dir='ltr'>terrie</span> <span class='ocrx_word' id='word_1_320' title='bbox 883 4079 928 4147; x_wconf 87' lang='lat' dir='ltr'>eil</span> <span class='ocrx_word' id='word_1_321' title='bbox 948 4081 1061 4158; x_wconf 69' lang='lat' dir='ltr'>aelim</span> 
     </span>
    </p>
   </div>
   <div class='ocr_carea' id='block_1_6' title="bbox 0 0 1395 4954">
    <p class='ocr_par' dir='ltr' id='par_1_6' title="bbox 0 0 1395 4954">
     <span class='ocr_line' id='line_1_37' title="bbox 0 0 1395 4954; baseline 0 0"><span class='ocrx_word' id='word_1_322' title='bbox 0 0 1395 4954; x_wconf 95' lang='lat' dir='ltr'> </span> 
     </span>
    </p>
   </div>
  </div>
 </body>
</html>
