2852 4946
196 419 250 478 ru
276 415 413 474 11111.
444 415 549 476 1111.
590 417 673 474 1.1.
714 415 851 474 cxm.
892 417 972 488 13.
1044 425 1108 494 4¹³

235 593 266 670 ς.
304 603 337 670 5.
388 587 569 672 Specus)
619 589 749 653 Servius
775 589 813 650 atl
840 590 953 675 virgil.
987 589 1106 676 Georg.

68 703 104 774 4,
125 707 209 768 197.
224 705 352 753 antrum
367 707 458 754 vocat
468 678 638 781 famosum
653 713 753 772 parm
764 688 806 752 ab
821 689 963 754 omnibus
977 690 1109 754 celebro·

69 809 159 868 tum,-
192 793 374 877 Stephanue
390 791 411 855 l.
426 814 458 854 v.
479 786 643 879 Κὼρυκος,
664 793 738 872 (etit
759 791 963 872 commiscet)
990 785 1109 880 ἄντρον

70 893 247 984 Νυμφῶν,
281 883 484 977 ἂξιὰγαστον
513 891 649 980 θαῦμα,
688 908 722 955 et
757 893 795 954 fic
828 895 933 975 pluret
972 896 1109 956 omnino

70 991 243 1084 Κωρύκιον
265 993 286 1058 1.
304 989 488 1082 liupu'auov
506 987 624 1082 ἄντρον
643 1007 840 1068 memorant,
868 1009 905 1056 ut
928 995 1109 1059 Aristotelea

69 1100 123 1160 ille
139 1099 182 1159 ‹ie
195 1097 320 1158 mundo
335 1115 402 1179 cap.
417 1115 445 1167 t.
464 1109 497 1176 5.
525 1095 628 1160 Cebee
643 1117 710 1180 cap.
721 1094 779 1162 26.
815 1095 982 1178 Descriplit
996 1097 1109 1160 Strabo

68 1199 125 1262 lib.
148 1209 204 1280 14.
226 1219 258 1280 p.
275 1197 459 1278 111.461.[.
476 1199 560 1270 671.
578 1199 624 1263 iu.
649 1216 688 1260 ex
710 1217 773 1280 quo
789 1195 903 1261 Noiler
918 1199 1017 1280 aliqua
1034 1197 1110 1260 hau·

69 1300 135 1363 lille
168 1301 306 1363 videtur.
365 1299 413 1362 Ex
446 1297 562 1361 Nolito
593 1297 665 1363 iuoe
697 1319 788 1384 agrot
813 1301 955 1384 irrigavit
980 1299 1111 1364 Solinut

70 1423 138 1484 erp.
154 1411 217 1479 41.
233 1397 254 1460 l'.
273 1411 331 1478 58.
383 1401 575 1482 Simpliciter
596 1401 684 1462 enim
708 1415 831 1462 tantum
853 1403 971 1463 indicat
987 1402 1111 1463 Pliniue

72 1515 107 1582 5,
124 1519 185 1565 22.
205 1501 225 1562 1.
245 1516 304 1578 97.
331 1521 395 1583 quo
413 1503 459 1562 uti
481 1502 554 1564 aliae
569 1499 656 1566 solet.
710 1503 852 1564 Fuerunt
871 1517 994 1573 tamon,
1020 1503 1110 1586 quod

70 1625 112 1666 ex
131 1603 288 1668 Strabone
309 1615 342 1663 et
361 1601 474 1666 Noilro
495 1603 694 1687 intelligitur,
720 1605 798 1674 duo,
823 1605 877 1686 qni
897 1623 1049 1673 1111111111,
1076 1619 1110 1666 et

72 1705 170 1790 lignie
184 1704 333 1786 adpofitie
347 1703 478 1766 iudicari
494 1717 527 1767 et
543 1703 690 1788 dilliugui
709 1705 837 1768 debent.
875 1705 963 1767 Alter
976 1705 1110 1788 Typho-

69 1827 154 1870 neue
175 1807 210 1866 in
227 1804 341 1867 lahulia
361 1807 499 1868 maxime
518 1805 701 1876 celebratur.
724 1819 759 1867 ut
776 1807 857 1888 apud
876 1805 1052 1868 Pindarum
1075 1807 1110 1868 in

70 1909 171 1987 Pyth.
193 1925 223 1976 1.
246 1919 305 1985 32.
331 1905 388 1966 ubi
415 1903 563 1970 Κιλίκιον
587 1899 704 1994 ἄντρον
733 1909 849 1969 dicitur
872 1908 1056 1990 Apollotlor.
1080 1927 1109 1977 ι,

72 2012 109 2080 6,
135 2023 170 2088 5.
205 2021 237 2068 et
258 2025 338 2088 quoe
368 2009 520 2089 produxit
547 2008 743 2072 Freinshem.
758 2011 804 2076 ,ad
826 2009 918 2072 Curt.
939 2024 971 2086 5,
995 2017 1029 2090 4.
1053 2027 1108 2072 11.

72 2111 148 2172 Fuit
171 2128 267 2192 porro
283 2108 458 2189 Corycium
482 2123 608 2170 antrum
627 2128 694 2172 non
715 2112 822 2174 minue
838 2109 960 2170 celebre
975 2111 1008 2169 in
1027 2109 1111 2170 Pho·

72 2213 142 2274 cide
170 2214 257 2271 inxta
284 2209 481 2280 Parnasium,
517 2212 602 2291 quod
635 2213 900 2272 commemoravit
927 2211 1112 2274 Herotlotttt

74 2327 108 2390 8.
130 2315 190 2394 56.
227 2313 389 2394 eleganter
425 2313 570 2393 culteqne
612 2311 838 2394 descripserunt
872 2310 1044 2391 Aeschylus
1075 2313 1110 2373 in

73 2415 216 2476 Eumen.
234 2433 266 2475 v.
282 2427 341 2474 22.
372 2425 403 2474 et
422 2411 552 2475 Panian.
574 2431 627 2482 to,
647 2428 704 2492 32.
726 2415 906 2498 adtigernut
927 2415 1049 2496 plures.
1076 2414 1111 2475 in

72 2515 190 2598 quibua
206 2514 319 2575 Strabo
336 2531 370 2592 9.
387 2535 417 2596 p.
429 2527 512 2591 237.
524 2513 640 2593 [417.
668 2517 846 2600 Antigonus
863 2517 896 2576 in
913 2515 983 2578 hist.
999 2515 1111 2578 mirob.

73 2638 140 2700 cap.
163 2627 245 2695 141.
288 2615 448 2677 Plutarch.
469 2615 508 2676 cle
531 2612 664 2694 Pythiae
685 2635 766 2678 orac.
788 2618 831 2680 iu.
862 2617 994 2698 aliique.
1031 2635 1112 2698 quoe

73 2738 193 2804 magno
210 2735 346 2777 numero
361 2717 509 2778 excitavit
529 2718 619 2801 ligen
635 2717 673 2778 ad
693 2717 824 2780 Homer.
841 2721 874 2778 in
893 2719 994 2800 Apoll.
1014 2718 1109 2796 Pyth.

74 2841 107 2882 v.
128 2831 211 2898 159.
234 2838 264 2899 p.
282 2829 365 2896 518.
419 2819 467 2878 De
489 2819 652 2897 utriusque
668 2818 847 2880 diversitate
868 2817 907 2882 ci.
930 2817 1056 2881 11111111.
1071 2819 1110 2880 ad

74 2920 223 3002 Euripid.
242 2918 357 2980 Bacch.
377 2937 409 2980 r.
425 2931 506 2998 559.
551 2919 637 2980 Hinc
655 2938 733 2980 vero
755 2932 851 2980 antra
870 2919 1003 3002 Corycio
1025 2937 1110 2982 recte

74 3023 151 3082 dicit
170 3021 297 3082 l’liniue
314 3033 371 3095 51,
391 3035 447 3082 9ο.
465 3018 485 3080 1.
504 3037 538 3082 2.
575 3019 734 3081 Omnium
749 3039 837 3091 vero,
862 3022 947 3102 quod
962 3021 1111 3102 equidem

74 3123 188 3192 iciam.
224 3115 430 3200 copiusrllimo
456 3121 496 3182 de
522 3121 584 3182 hoc
611 3121 713 3184 Melae
735 3134 825 3182 antro
849 3124 980 3202 eiusque
1002 3119 1112 3182 descri-

74 3227 191 3308 ptione
228 3219 373 3302 exposuit
409 3221 574 3284 Salmasnte
606 3222 644 3284 ad
676 3223 823 3284 Solinunr
849 3243 880 3305 p.
904 3243 949 3284 m.
973 3231 1047 3299 544
1069 3219 1110 3303 sq.

74 3325 241 3387 Tractavit
261 3325 356 3384 etiarn
377 3323 517 3383 nollrurn
540 3323 648 3384 locum
671 3336 704 3384 et
723 3324 840 3384 adiecta
859 3323 1002 3385 verfione
1019 3323 1111 3384 docte

75 3427 250 3510 explicavit
277 3423 392 3501 Caylna
415 3421 463 3483 lor
486 3425 596 3486 l'antre
618 3425 658 3486 de
680 3423 819 3503 Coryce,
858 3427 892 3484 in
922 3423 1048 3484 hilloire
1072 3424 1111 3484 de

75 3527 259 3589 l'acatlemie
283 3527 338 3584 ‹lee
359 3521 464 3588 inlcrr.
486 3526 526 3586 de
549 3525 634 3586 Parie
653 3525 749 3586 Tum.
768 3539 825 3604 29.
846 3545 878 3606 p.
900 3523 1025 3605 15419.
1059 3525 1114 3606 qui

51 3631 173 3714 'etiam
199 3627 329 3690 Cebetis
351 3637 477 3685 antrum
500 3627 673 3704 Corycium
695 3626 759 3686 huc
780 3627 915 3689 maxime
937 3643 1113 3686 accommo-

76 3733 190 3793 datum
217 3737 316 3810 putat.
371 3725 631 3812 Norninieyero
662 3725 749 3788 caula
781 3729 894 3809 dispar.
923 3727 1114 3788 Nnilrnma
1174 3721 1179 3744 ¹

79 3833 205 3914 Coryco
240 3828 316 3888 urbe
346 3845 466 3890 nomen
499 3841 628 3889 nactum
658 3827 717 3897 est,
760 3827 837 3888 illud
869 3829 914 3900 111,
934 3827 1114 3890 Parnalinm

77 3953 95 3994 a
114 3931 267 4013 Nympha
283 3928 436 4008 Corycia,
461 3943 498 3989 ut
520 3931 613 3991 tradit
634 3927 798 3990 Pausanias
819 3949 871 4000 tu,
890 3930 923 3992 6.
942 3943 975 3991 et
993 3941 1051 4008 59.
1067 3929 1113 3990 in.

51 4016 58 4030 ⁸
78 4035 160 4097 inde
177 4029 402 4112 Nympharum
419 4044 546 4091 antrum
562 4031 686 4101 dicitur,
712 4028 899 4092 astrabooe
919 4029 974 4091 lib.
991 4047 1025 4109 9.
1046 4049 1072 4090 c.
1091 4029 1112 4092 l.

78 4135 136 4195 ubi
168 4126 422 4221 γνωριμώτατον
455 4125 509 4193 noi
545 4126 726 4196 κάλλιστον
758 4143 852 4194 vocat
883 4143 917 4194 et
948 4151 967 4193 1
999 4131 1113 4194 Cilicio
