2756 4964
186 339 232 398 ru
258 337 396 396 tour.
431 339 540 396 rtur.
581 339 660 396 Li.
704 340 809 402 etv.
847 338 927 410 Μ.
1012 351 1071 414 erp

118 507 210 570 ende
236 510 405 594 terras)
452 514 506 576 sic
529 527 562 576 et
585 511 710 575 Plinius
732 523 765 592 5,
794 533 824 576 r.
841 513 887 576 in.
906 509 1069 594 principio

66 621 185 670 terrm
203 610 437 676 Mauretaniam
454 611 530 676 lecit
544 626 578 676 et
593 612 787 696 Hispaniam.

116 762 204 824 qne
227 735 446 833 influenti
451 745 474 827 }
511 745 634 807 Placuit
649 745 831 828 Pomponio
845 743 920 806 inde
936 743 1068 828 diligen

65 843 150 904 tiorern
171 841 420 928 desciptionem
442 847 599 928 incipere,
631 846 688 908 ubi
704 845 849 909 Oceanue
868 865 924 928 per
943 843 1068 908 Gadiu-

64 943 240 1006 cumbelum
259 959 382 1008 terrem
400 949 622 1010 continentem
639 949 805 1029 irrumpit.
836 947 979 1008 edetur
999 943 1068 1026 qui·

66 1041 217 1127 deoperte.
240 1068 302 1128 que
321 1049 378 1109 fin
394 1048 437 1109 ell
456 1045 570 1110 Africa.
622 1047 683 1110 dlii
700 1047 804 1118 aliter,
830 1059 926 1130 prout
940 1043 1000 1107 sert
1015 1063 1068 1108 ett-

64 1143 136 1206 uvir
155 1147 321 1209 confilium
340 1163 375 1211 et
394 1150 486 1211 ratio.
521 1149 670 1230 Plerique
687 1149 848 1231 Europam
869 1149 973 1229 primo
992 1147 1066 1210 locu

62 1260 176 1324 ponunt,
209 1263 378 1332 tamquam
401 1251 570 1314 cultiorem
594 1263 628 1314 et
649 1247 784 1314 urbibus
808 1249 984 1332 incolisque
1007 1243 1067 1310 lre·

60 1349 241 1424 quentiorem.

102 1475 331 1568 stringere)
379 1485 528 1570 Figurate
545 1485 626 1546 dixit
646 1505 704 1568 pro
720 1505 778 1558 eo,
803 1485 887 1568 qnod
905 1483 948 1546 eli
962 1480 1074 1572 breri-¹

60 1589 92 1637 ur
103 1593 129 1638 et
141 1585 336 1664 compendio
353 1583 537 1649 describere.
565 1585 686 1649 Nautae
701 1600 734 1648 et
750 1585 1008 1678 cumfusum
1033 1593 1066 1644 et

59 1676 113 1738 litu
128 1680 217 1762 legere
240 1685 412 1756 dicuntur.
438 1707 512 1748 curn
531 1690 675 1750 corninue
697 1689 977 1772 praeternavigant.
1015 1683 1068 1746 Sic

60 1779 141 1863 lltgll
149 1785 226 1845 den.
238 1799 272 1864 3.
286 1780 338 1873 [v.
352 1780 452 1872 292]
475 1789 733 1870 litoraqueEpr‘rr'
748 1789 885 1870 legImus.
920 1787 1067 1870 Figurate

61 1897 157 1964 quoque
171 1885 299 1948 Plinius
319 1887 379 1950 lib.
399 1897 433 1967 4.
456 1883 505 1976 [c.
526 1905 582 1964 27.
600 1888 619 1950 l.
638 1883 714 1976 ι3.]
742 1891 817 1950 litus
832 1887 952 1950 Oceani
970 1887 1067 1965 legen·

61 1977 122 2042 dtu.
150 2005 341 2051 venrrure.
393 1991 446 2052 Sic
462 1991 580 2052 Seneca
601 1989 712 2054 Natur.
732 1991 798 2074 Qu.
816 1999 850 2069 4,
877 2005 909 2051 rt.
936 2007 993 2048 ora
1013 2004 1068 2046 ne·

60 2079 313 2176 edurflrirrgitur.
350 2091 463 2173 virgil.
475 2095 553 2152 Aen.
565 2103 597 2168 3.
614 2093 673 2170 63.
680 2090 844 2184 stringere
854 2092 951 2170 ripas.
978 2103 1068 2148 crec-

62 2198 162 2248 corrve.
213 2189 268 2252 Est
285 2203 433 2252 extrema
453 2209 650 2274 percurrere,
676 2195 753 2254 licut
768 2211 845 2254 mox
865 2185 961 2272 legere
976 2187 1068 2250 dixit.

62 2279 145 2368 l’ltgil.
159 2289 236 2352 Aen.
252 2307 287 2362 Ω,
308 2285 428 2378 [208]
449 2295 589 2354 Pontum
608 2295 715 2374 legere.
750 2295 828 2356 Aen.
845 2305 878 2370 8,
896 2293 954 2370 65.
978 2290 1068 2368 ripas

58 2379 185 2472 fougere.
212 2411 399 2456 orontuve.
449 2394 501 2454 Sic
517 2407 548 2454 et
564 2395 618 2456 alii
633 2397 667 2456 in
684 2395 769 2456 notis
784 2395 916 2463 Mssrir.
942 2403 1068 2453 tanturn

63 2487 125 2561 quod
136 2489 340 2556 Bnrmannue
352 2491 512 2584 stringere
531 2495 569 2556 ab
586 2497 698 2557 avibus
714 2498 811 2577 petit,
837 2515 916 2576 quae
932 2503 1069 2576 tangunt

63 2595 131 2649 tetur
144 2593 192 2652 rel
212 2597 318 2656 undae
332 2595 450 2658 rostris.
501 2597 661 2681 stringere
677 2597 720 2658 cll
741 2597 854 2658 leviter
868 2595 985 2676 aliquid
1001 2607 1067 2654 ten·

65 2701 121 2765 tue,
141 2693 373 2780 restringendo
391 2699 569 2780 praeterire,
596 2711 629 2759 et
642 2697 682 2758 lic
699 2696 786 2780 saepe
803 2698 919 2758 dicitur
934 2710 967 2757 et
981 2693 1068 2754 varie

63 2789 170 2864 ”tinum
189 2795 289 2875 legere
304 2797 542 2881 progrediendo
559 2813 674 2860 certam
689 2799 824 2880 aliquem
839 2800 934 2868 viem,
950 2797 1067 2856 lineam

65 2887 181 2973 persequi,
206 2909 238 2957 et
255 2897 295 2958 ed
314 2898 552 2982 navigationem
567 2895 753 2960 transfertur
768 2919 785 2960 o
801 2898 946 2981 prosaicis
959 2897 1066 2966 etiem,

64 2989 136 3052 reluti
155 2996 313 3058 Suetonio
339 3000 374 3058 in
397 3000 476 3082 Aug.
500 3019 526 3061 c.
549 3001 603 3064 ι6.
637 2999 747 3063 Tiber.
769 3020 795 3061 c.
821 3019 874 3061 ιι.
896 3001 940 3060 in.
993 2995 1064 3057 Vld.

66 3083 193 3159 Dukenb.
213 3097 252 3158 ed
275 3099 351 3158 Lir.
372 3113 428 3178 57,
450 3115 502 3174 17,
520 3111 552 3177 8.
576 3099 631 3160 ubi
647 3101 737 3181 plura
752 3101 821 3163 loce
840 3110 1065 3184 congeruntur.

66 3185 284 3259 bremetum
302 3201 344 3261 de
361 3201 478 3280 pedite,
503 3203 552 3260 uti
564 3201 682 3262 docent
698 3202 874 3264 Tennuliue
890 3215 923 3263 et
938 3200 1068 3262 Ouden-

69 3286 132 3373 ltrp.
151 3299 186 3358 ed
206 3299 359 3362 Frontin.
381 3321 409 3371 r,
431 3307 474 3380 [μ’
488 3316 521 3376 7.
573 3301 640 3362 Hac
656 3303 754 3385 igitur
767 3303 950 3383 metaphora
971 3299 1066 3362 Pom·

69 3397 167 3468 Mine,
199 3403 251 3460 eui
281 3402 443 3474 inhaeret,
476 3401 605 3464 brevem
635 3403 868 3464 maritimorum
890 3405 923 3463 in
956 3401 1067 3483 primic

70 3485 177 3559 locorum
199 3499 367 3562 recensum
392 3503 560 3584 promittit.
595 3501 674 3564 secte
701 3503 764 3566 five
788 3502 1066 3585 praetervectione,

70 3603 94 3649 tt
116 3604 421 3688 promontoriorum,
460 3603 525 3666 five
556 3605 791 3688 peregratione,
826 3617 863 3665 ut
884 3608 1066 3690 regionum,

71 3693 176 3761 urbium,
215 3703 268 3764 Sic
283 3723 452 3785 peragrare
469 3707 597 3782 etiarue
615 3705 734 3767 lullino
755 3724 809 3777 ro,
830 3725 883 3776 ιο,
906 3727 934 3770 ι.
956 3707 995 3768 ad
1014 3725 1067 3767 ue·

71 3793 231 3877 tlgttionem
245 3803 392 3868 refertur.
427 3805 500 3867 Huc
516 3825 596 3867 vero
609 3803 733 3888 respicit
747 3806 850 3868 noster
869 3821 899 3876 2,
921 3823 954 3882 7.
969 3809 1014 3870 in.

121 3941 463 4025 peragratisque)
503 3941 632 4006 Orosius
652 3963 681 4011 t.
703 3957 735 4004 t.
747 3941 838 4035 stylo
857 3939 1065 4024 pervagabor.

74 4027 109 4092 lic
119 4037 204 4104 suiu
219 4061 245 4105 c.
264 4057 297 4124 5.
314 4041 337 4107 s.
352 4055 388 4122 ε.
404 4043 437 4105 iu
453 4041 587 4108 diceudo
600 4043 810 4110 circumvecti.
834 4043 930 4107 Meua
943 4043 987 4107 ed
1000 4063 1065 4108 me·
