2892 4950
206 387 260 446 nt
288 387 425 446 roser.
454 389 565 446 nar.
599 371 688 446 ‘1.a
731 389 865 448 orm.
902 388 981 461 aa.
1055 393 1118 464 sss

71 563 336 640 nndsjsctaturn
362 561 570 646 proverbium
595 555 641 651 pi,
664 559 733 648 εἰκῆ
763 560 805 638 εἰς
826 555 885 650 ripa
902 555 1048 642 ’Ἄβυδον
1070 560 1111 624 fc.

71 665 209 744 πατεῖν,
241 663 328 746 quod
350 665 438 726 addit
460 664 651 746 Stephanus.
692 666 763 726 Vid.
788 665 827 726 de
846 683 885 727 eo
908 665 1058 730 schottus
1077 665 1112 724 in

72 766 226 852 proverb.
251 766 306 828 Gr.
333 786 365 847 p.
387 785 417 830 ι.
442 775 525 844 994.
549 777 582 828 et
606 777 691 844 808.
728 767 883 852 Pantinps
911 767 950 829 ad
971 763 1110 849 Apohoi.

72 891 108 954 p.
126 879 211 946 948.
243 865 425 928 Euhathius
439 868 478 928 ad
494 867 627 928 Homer.
650 867 687 930 lt.
705 883 739 939 9.
756 869 840 946 836.
858 888 889 950 p.
904 889 948 934 m.
967 868 1052 948 886.
1078 877 1112 927 et

72 990 157 1053 quae
173 969 217 1030 ibi
234 989 273 1030 ex
285 967 354 1030 aliis
370 967 491 1029 addidit
505 967 631 1030 Politus
648 971 689 1030 T.
708 987 741 1032 9.
762 989 795 1052 p.
810 984 877 1043 771
897 969 939 1052 sq.
964 970 1004 1032 ds
1020 969 1112 1030 luxu·

71 1073 120 1134 ria
144 1072 178 1132 in
202 1069 313 1154 primis
336 1069 515 1130 Athenaeus
530 1089 556 1131 c.
574 1071 595 1132 l.
647 1070 746 1132 Multi
763 1090 866 1132 unum
889 1091 929 1134 ex
948 1072 987 1134 iis
1010 1068 1111 1134 castris

73 1172 137 1236 effe
153 1184 283 1254 putant,
309 1189 388 1254 quae
404 1172 504 1255 vulgo
519 1169 738 1234 Dardenelien
760 1185 924 1236 vocantur.
966 1171 1009 1234 At
1024 1169 1110 1234 natta

75 1277 124 1336 ibi
139 1271 377 1354 conspiciuntur
391 1273 512 1341 rudera,
530 1273 637 1334 necin
653 1271 725 1334 freti
741 1271 953 1358 angnhiss'rmo
969 1275 1042 1335 loco
1059 1271 1112 1332 illa

73 1375 176 1460 posita
196 1373 284 1442 sunt.
319 1373 376 1432 nbi
405 1388 513 1434 contra
547 1371 690 1435 saxorum
723 1379 833 1436 rudera
864 1374 1110 1458 conspiciuntur.

74 1479 151 1539 vid.
169 1477 295 1557 Dapper
315 1471 442 1537 Beichr.
467 1493 533 1535 von
556 1475 647 1536 hiien
670 1496 701 1556 p.
721 1491 804 1555 987.
829 1489 860 1538 et
882 1475 922 1539 de
941 1473 1113 1558 l’Archipel

73 1599 108 1662 p.
128 1589 213 1660 488.
234 1597 273 1638 ex
289 1577 423 1658 Sponio.
450 1575 534 1638 Cum
550 1595 644 1658 porro
656 1577 768 1640 Strabo
783 1591 836 1655 ¹5·
854 1599 886 1661 p.
899 1576 1015 1658 409.[.
1026 1587 1111 1658 595.

74 1679 243 1744 Rhodium
270 1675 304 1738 ss.
333 1677 384 1754 (h.
413 1677 529 1754 Chuis)
562 1679 645 1740 inter
674 1679 823 1758 Abydum
855 1694 887 1740 et
917 1681 1111 1746 Dardanum·

76 1800 157 1864 quae
174 1779 267 1840 urbes
282 1779 435 1840 distabant
455 1780 595 1840 invicem
614 1795 660 1856 70
679 1779 791 1850 stadiis,
815 1781 847 1839 in
865 1800 950 1842 mars
966 1781 1113 1848 deducat.

76 1883 133 1965 qui
149 1899 236 1940 ntrnc
252 1883 335 1942 inter
354 1900 457 1940 renum
478 1881 607 1941 illorum
625 1881 794 1944 castrorum
811 1877 928 1952 effluit,
954 1879 1044 1944 facile
1061 1879 1113 1942 ad·

75 1995 183 2068 paret,
210 2001 304 2062 quam
324 1978 395 2043 falsa
417 1981 452 2042 fit
470 1983 608 2067 vulgaris
629 1983 680 2044 illa
700 1983 822 2064 opinio.
855 1983 925 2046 Viti.
947 2002 1026 2064 quae
1051 1982 1112 2043 dis·

76 2085 242 2148 sernerunt
265 2083 305 2144 de
326 2085 385 2144 situ
407 2083 555 2144 Pococke
577 2085 618 2148 T.
637 2097 669 2162 5.
688 2104 721 2166 p.
742 2097 821 2162 151.
847 2099 881 2146 et
898 2083 1058 2146 d’hnville
1078 2084 1114 2144 in

74 2183 174 2250 deicr.
197 2187 237 2247 de
262 2183 477 2266 l'Hsiisipont
499 2186 533 2246 in
557 2185 731 2248 Memoires
755 2215 798 2228 -
825 2187 864 2246 ds
884 2185 973 2249 Paris
990 2187 1032 2251 T.
1053 2195 1112 2264 98.

74 2309 108 2371 p.
127 2300 213 2367 533.
237 2287 293 2366 qui
315 2285 466 2365 Abydum
488 2285 599 2348 flatilis
620 2287 698 2350 oiim
718 2299 828 2370 putat,
862 2285 919 2346 ubi
935 2306 1021 2350 nunc
1041 2303 1113 2370 pro·

74 2391 182 2452 minet
200 2385 306 2448 saxum
325 2385 456 2472 Nagara.

155 2582 455 2682 Lampsacum)
507 2591 561 2654 Gr.
587 2581 829 2682 ἠΛᾶμψακος.
864 2605 900 2652 ut
925 2593 1115 2676 pierumque

77 2695 206 2764 Latini.
232 2695 288 2774 qni
304 2707 411 2754 tamen
434 2706 547 2755 neutro
563 2695 659 2754 etiam
679 2715 796 2779 genere
814 2695 969 2766 efferunt.
993 2695 1114 2776 dequo

76 2795 261 2860 dictumest
284 2796 316 2854 in
339 2795 424 2856 notis
442 2797 510 2855 crit.
536 2816 566 2875 p.
585 2797 668 2872 561.
722 2797 850 2857 Gentile
871 2787 1115 2887 Lampsacenus,

75 2895 190 2982 paffim
206 2897 313 2967 etiam,
339 2896 423 2977 quod
443 2897 547 2957 omiiit
562 2897 751 2978 Stephanus,
776 2886 998 2986 Lampsaciae.
1040 2895 1113 2958 vid.

76 2999 218 3062 Martiah
242 3017 295 3068 ιι,
317 3011 371 3071 ι7.
398 2997 524 3058 Gruter.
541 2995 629 3059 inter.
642 3017 703 3078 p.9
709 3012 742 3076 5.
769 3013 800 3059 st
817 2999 932 3078 Cuper.
949 2999 986 3059 ad
999 2997 1115 3060 calcem

76 3097 244 3184 apotheos.
263 3099 395 3160 Homeri
413 3119 444 3180 p.
458 3117 543 3178 999.
572 3103 741 3182 Antiquius
757 3121 878 3161 nomen
894 3097 955 3160 fuit
968 3088 1117 3187 Pityuffn

78 3201 209 3282 (Strabo
232 3215 284 3278 13.
309 3221 340 3282 p.
358 3211 443 3278 405.
470 3199 489 3262 i.
509 3211 592 3280 589.
617 3201 776 3264 Plutarch.
793 3201 833 3264 de
856 3201 966 3263 virtut.
989 3203 1114 3262 mulier.

76 3325 112 3388 p.
128 3317 191 3383 49.
215 3303 303 3384 opp.
323 3303 391 3364 Vol.
404 3317 437 3376 7.
454 3301 537 3384 Lipi.
564 3303 742 3384 Stephanus
759 3303 791 3366 h.
806 3324 837 3367 v.
866 3305 988 3366 Plinius
1004 3315 1036 3382 5.
1053 3315 1114 3384 4ο.

77 3403 103 3469 I.
115 3407 193 3484 39.)
216 3405 351 3466 Homeri
371 3403 407 3466 ll.
427 3419 458 3474 9.
474 3415 558 3482 899.
578 3394 819 3475 Emmanuelis,
845 3407 1115 3468 01009οῐ0θὶ00-

77 3507 246 3570 medentia
274 3505 450 3576 diceretur,
491 3525 529 3566 ex
562 3505 783 3586 Epaphrodito
808 3505 902 3570 refert
927 3507 1116 3589 Stephanus,

77 3629 156 3672 cum
178 3627 245 3690 quo
263 3603 303 3669 cf.
321 3607 428 3670 Schol.
454 3607 613 3688 Apollonii
637 3609 675 3668 ad
700 3627 730 3676 ι.
745 3623 831 3688 933.
854 3609 950 3670 etiam
965 3609 1005 3670 de
1022 3609 1119 3670 huius

76 3710 224 3774 nominis
250 3705 353 3779 cauis,
388 3707 536 3790 Orpheus
565 3711 597 3768 in
625 3711 741 3792 Argon.
765 3730 796 3772 v.
818 3721 903 3788 484.
929 3707 950 3771 i.
973 3711 1059 3788 486.
1085 3723 1119 3769 et

78 3810 227 3892 Etymol.
251 3809 299 3870 M.
325 3811 356 3873 h.
378 3831 410 3872 ν.
457 3809 571 3870 Strabo
596 3823 701 3872 tanuen
721 3825 775 3890 13.
799 3831 866 3894 pag.
886 3821 971 3894 405.
995 3809 1117 3888 0588.

78 3901 240 3976 Πιτύειαν
264 3930 280 3971 a
298 3908 466 3994 Lampsaco
491 3910 666 3995 distinguit,
693 3925 725 3972 et
745 3915 826 3972 inter
843 3915 991 3994 Priapum
1008 3926 1042 3976 et
1061 3913 1117 3974 Pa·

76 4017 166 4078 rium
192 4013 303 4094 ponit,
330 4009 535 4096 Lampsacum
560 4025 684 4082 amem,
719 4027 755 4074 ut
777 4011 868 4077 series
893 4015 1003 4086 deest,
1035 4011 1119 4075 inter

77 4115 234 4197 Abydum
256 4126 290 4178 et
308 4115 448 4179 Parium.
496 4110 682 4203 Βεβρυκίαν
701 4113 988 4198 Lampsacenorum
1010 4135 1121 4202 agrum
