2764 4958
339 452 400 527 ¹94
606 439 768 501 Norae
807 439 1110 499 execarroaa

339 615 615 701 promontorium,
649 613 734 694 quod
760 631 834 674 cum
862 611 1008 676 Candido
1038 613 1116 675 dnae
1143 611 1372 694 prominentia

339 718 441 781 facere
462 718 538 778 dicit
556 717 684 776 Solinus
705 735 731 775 c.
755 728 812 793 30.
829 711 850 775 l.
871 729 927 788 27.
943 715 988 776 in.
1042 714 1114 774 Huc
1136 711 1217 776 sorte
1238 717 1372 796 pertinet

340 822 416 881 urbe
430 818 562 887 Borion,
589 836 682 898 quam
695 815 908 896 Pentapoleos
925 815 1069 874 ultimant
1086 815 1163 875 dicit
1179 814 1317 896 Procop.
1334 815 1371 874 de

341 920 462 983 aedific.
480 917 512 988 6,
534 935 565 980 o.
619 917 761 998 Quidam
783 918 877 976 etiam
898 916 961 976 huc
981 913 1123 977 referunt
1137 916 1259 976 Borion
1277 913 1298 976 l.
1314 913 1372 974 Bo·

341 1042 425 1082 ream
445 1019 609 1082 Ciceronis
624 1018 663 1078 ad
683 1017 777 1078 atne.
799 1019 853 1086 16,
869 1025 903 1098 4.
931 1015 985 1079 etfi
1001 1017 1176 1099 discrepant
1193 1014 1371 1078 sententiae.

342 1121 450 1184 Hodie
474 1119 616 1182 nostrum
638 1131 766 1199 putatur
787 1115 847 1180 else
871 1119 963 1196 Cape
984 1116 1020 1178 di
1045 1117 1183 1180 Telonos.

419 1319 686 1400 Lotophagi)
736 1318 862 1401 Nempe
883 1338 900 1379 a
918 1319 1061 1401 principe
1076 1299 1171 1381 heluo
1188 1315 1371 1380 narrationit

342 1422 487 1486 Homero
516 1419 624 1499 Odyll.
650 1437 683 1498 9.
706 1437 749 1498 91
777 1418 818 1501 sq.
850 1421 935 1480 unde
971 1418 1140 1480 hauserunt
1172 1439 1287 1480 omnes
1311 1415 1367 1476 alli.

342 1543 368 1585 1.
394 1540 589 1584 cuonovrve
607 1521 685 1583 MS.
736 1519 862 1582 Graecia
885 1515 1087 1604 Λωτοφάγοι
1111 1522 1280 1588 dicuutur,
1313 1513 1369 1598 ipsa

339 1623 434 1686 arbor
448 1615 571 1701 λωτὸς,
596 1621 686 1682 cuiue
701 1617 896 1683 dulcitium·
911 1619 1028 1682 fructus
1044 1624 1158 1703 patriae
1174 1620 1369 1682 oblivionem

342 1722 507 1786 inferebat.
536 1721 718 1804 (Homerus
735 1739 762 1783 c.
782 1722 826 1802 l.)
876 1719 1066 1783 Describunt
1081 1742 1149 1782 eam
1166 1723 1287 1804 plurem
1308 1717 1368 1798 qui·

342 1825 415 1886 dem
430 1825 525 1885 etiam
540 1823 624 1906 apud
643 1821 855 1885 llsluuckerum
872 1823 909 1883 ad
927 1821 1047 1906 Hygia.
1061 1819 1123 1885 fab.
1143 1835 1224 1900 125.
1248 1820 1369 1882 herbam

341 1923 473 2010 faciunt.
517 1923 702 1985 Herodotus
725 1934 759 2000 4,
790 1937 868 1998 ι77.
896 1923 964 1985 elue
990 1921 1128 1984 fructum
1151 1921 1367 2007 magnitudine

343 2037 504 2108 comparat
524 2043 599 2084 curn
620 2019 768 2093 lentisco,
791 2021 941 2107 (σχῖνος)
975 2021 1125 2084 saturitate
1147 2039 1222 2084 curu
1247 2021 1367 2104 palmira

342 2127 453 2206 Scylax
469 2145 499 2206 p.
516 2135 576 2202 47.
595 2123 694 2185 lluds.
720 2144 795 2184 curn
817 2124 949 2196 arbuto;
980 2125 1102 2186 Plinius
1123 2139 1178 2202 ¹3.
1204 2140 1261 2186 αα.
1279 2121 1298 2184 s.
1319 2135 1365 2190 ι7.

340 2247 416 2288 cnm
439 2229 527 2308 piro;
558 2224 792 2306 Tlreophraslns
814 2225 919 2286 hiller.
937 2226 1064 2306 plantar.
1082 2235 1116 2304 4.
1141 2211 1176 2304 tp.
1204 2245 1277 2286 cum
1298 2220 1365 2282 sabis

343 2327 471 2389 Prolixe
493 2321 639 2385 describit
662 2324 806 2386 arborem
835 2325 973 2388 Eullatb.
995 2327 1034 2387 ad
1057 2327 1187 2388 Homer.
1214 2323 1318 2402 Odyll.
1336 2337 1365 2398 9.

324 2438 403 2516 ‚84
427 2447 457 2507 p.
479 2445 523 2486 m.
543 2437 628 2504 537.
662 2445 734 2485 cum
761 2443 824 2505 quo
853 2427 947 2486 etiam
973 2425 1107 2488 conferri
1139 2425 1242 2507 potell
1266 2421 1364 2488 Schul.

341 2527 483 2588 Platonis
503 2547 537 2606 p.
558 2523 636 2599 186.
661 2526 712 2587 ed.
729 2525 864 2588 ltuhnk.
917 2529 953 2587 ln
976 2529 1086 2608 primia
1107 2541 1215 2587 antem
1239 2521 1364 2586 notanda

338 2626 386 2690 cll
402 2625 568 2706 descriptio
584 2625 713 2704 l'olybii
728 2615 910 2706 αὐτόπτου,
934 2648 1028 2708 quam
1045 2627 1179 2690 servavit
1196 2627 1364 2688 Athenaeus

348 2739 403 2806 etp,
432 2739 485 2803 ιδ.
511 2747 540 2807 p.
559 2727 643 2802 651.
675 2747 714 2786 ex
737 2748 797 2807 qua
821 2728 911 2788 arbor
935 2727 978 2788 est
1003 2747 1068 2790 non
1093 2747 1238 2810 procera,
1272 2723 1363 2805 aspera

343 2841 451 2889 tamen
472 2840 505 2887 et
524 2825 659 2907 spinosa,
685 2825 760 2888 folia
781 2829 915 2890 rhamno
936 2829 1108 2892 limlllirna.
1141 2828 1258 2888 l'ructtre
1279 2823 1362 2886 initio

340 2929 484 2990 colorem
511 2943 544 2988 et
568 2928 822 3011 magnitudinem
845 2927 958 2991 referre
982 2931 1077 3008 myrti
1104 2931 1276 2996 baccarum.
1305 2919 1363 3004 post

342 3026 467 3089 lurnere
491 3029 633 3089 colorem
659 3031 847 3110 puniceum,
881 3031 968 3091 oleae
995 3031 1227 3113 magnitudine.
1260 3023 1361 3087 nucleo

341 3127 471 3213 ptrsrllo;
504 3126 641 3188 fructum
665 3143 824 3189 maturum
855 3131 926 3191 cibo
948 3143 980 3191 et
1003 3133 1080 3192 vino
1102 3128 1300 3192 conficiendo
1323 3125 1361 3180 in·

341 3229 467 3290 servire.
511 3229 558 3289 Ab
574 3229 686 3290 incolit
706 3229 809 3291 Cestin
833 3233 936 3292 vocari
959 3233 1101 3292 adfirmat
1118 3232 1258 3297 Plinius.
1283 3219 1359 3306 quod

339 3351 463 3392 nomen
485 3343 518 3390 et
539 3331 634 3391 bodie
651 3331 926 3412 Linneue-aliique
948 3333 986 3391 de
1010 3351 1043 3392 ea
1065 3335 1274 3394 retinuerunt.
1313 3322 1359 3384 Di·

247 3503 250 3510 p
342 3429 429 3492 versa
454 3429 498 3492 est
521 3431 693 3514 Aegyptia,
734 3451 829 3511 quant
857 3428 1002 3495 Νειλῶον
1031 3447 1123 3492 vocat
1150 3431 1307 3496 lleliodor.
1330 3423 1359 3480 ln

343 3531 493 3612 Aethiop.
516 3551 568 3599 to.
587 3545 617 3608 3.
636 3542 763 3611 p.457.
777 3533 828 3592 ed.
845 3533 993 3594 Bourdel.
1029 3535 1179 3617 Aegyptii
1195 3527 1359 3604 Nenupltat

343 3627 448 3715 (Plin.
464 3651 493 3692 c.
518 3628 559 3711 l.)
587 3633 772 3692 Herodotus
797 3650 827 3700 o.
851 3647 911 3710 92.
938 3635 974 3692 ad
1000 3631 1108 3719 κρίνεα
1130 3654 1169 3694 ex
1194 3631 1260 3694 Nili
1281 3621 1357 3704 aquit

342 3749 494 3814 prognata
519 3729 630 3800 refert,
662 3745 792 3792 etcum
816 3733 921 3794 Plinio
946 3732 1102 3795 describit.
1163 3736 1253 3796 Plura
1276 3727 1357 3786 huius

342 3835 475 3892 nomina
505 3829 605 3891 adfert
632 3830 778 3892 lllalcrier
807 3833 845 3892 ad
880 3834 1002 3896 illaillet
1032 3855 1155 3919 voyage
1177 3857 1207 3916 p.
1234 3827 1299 3909 296
1320 3821 1355 3900 sl·

344 3931 407 3992 Sed
434 3933 520 4012 quod
546 3933 607 3990 iam
634 3932 713 3992 olim
737 3933 842 3993 voluit
867 3936 1000 4014 Alpinus
1031 3937 1070 3996 de
1098 3937 1212 4018 plautio
1236 3919 1356 4010 Aegypti

342 4049 374 4111 p.
398 4045 455 4109 73.
478 4029 595 4100 bodie.
634 4031 857 4112 Nymphaeum
886 4034 985 4094 lotum
1020 4035 1097 4107 elle,
1139 4037 1208 4098 satie
1241 4025 1354 4092 constal·

345 4130 426 4193 Vide
455 4143 579 4212 praeter
604 4149 677 4202 eoa,
712 4151 794 4214 quoe
825 4148 979 4199 memorat
1012 4137 1126 4218 lleyne
1158 4139 1191 4198 in
1217 4121 1356 4214 opusculis
