2892 4950
342 408 405 482 5⁴⁰
614 400 776 477 ttoata
816 399 1120 462 axaaarrcta

343 587 461 640 vamur
484 589 581 659 porro
606 574 675 638 eirtt
700 575 889 637 memoriam
913 590 1125 640 monumenta
1147 577 1255 661 prisea,
1280 577 1382 644 veluti

344 675 472 761 Cypseli
488 677 539 738 ilia
554 695 621 738 arae
636 688 764 738 auctore
778 675 928 738 Pausania
945 689 978 755 5,
998 695 1054 758 19,
1076 697 1105 742 ι.
1126 693 1211 742 etex
1229 682 1280 752 iit.
1303 701 1382 764 quae

343 793 479 846 aetatem
503 779 662 849 tulerunt,
695 795 835 840 marmor
862 779 1028 860 antiquum
1056 781 1141 861 apud
1164 781 1329 866 Begerum
1349 784 1381 844 itt

344 879 442 966 spicil.
459 881 581 960 antiqu.
602 899 636 961 p.
659 889 739 956 155.
766 878 854 960 quod
872 879 1019 942 exhibuit
1041 880 1139 944 etiam
1154 881 1325 947 Drakenb.
1348 885 1381 946 in

342 983 487 1047 editione
500 981 571 1045 Silii
589 1001 621 1062 p.
639 993 723 1057 372.
775 977 903 1043 Numot
916 995 1075 1064 praeterea
1091 983 1246 1045 indicabit
1259 984 1380 1048 Raiehe

341 1086 377 1148 in
392 1084 469 1146 Lex.
491 1101 584 1144 rrum.
599 1083 640 1144 T.
659 1095 692 1158 3.
710 1080 747 1144 P.
766 1097 799 1144 a.
817 1101 850 1163 p.
866 1094 950 1162 579.
987 1081 1133 1144 Omnino
1146 1085 1186 1146 ad
1201 1087 1272 1150 eiua
1289 1087 1380 1150 hiiio·

319 1181 421 1252 'riam
454 1181 590 1248 conferri
620 1181 724 1265 potest
755 1182 886 1245 Patinut
911 1185 946 1244 in
972 1181 1185 1248 differtatione
1209 1189 1381 1270 peculiaria

340 1287 504 1354 luditinm
526 1284 649 1346 Paridis
670 1317 719 1332 ·-
744 1283 779 1344 in
799 1281 990 1346 numismate
1012 1285 1129 1368 imper.
1149 1289 1310 1350 Antonini
1331 1289 1382 1350 Pii

339 1386 529 1470 expreiium.
582 1385 704 1446 Locum
731 1385 845 1446 iudicii
869 1386 1021 1456 omnino,
1058 1401 1096 1446 ut
1122 1385 1252 1460 Noster,
1290 1391 1381 1453 Idam

339 1493 446 1577 plurea
462 1497 735 1555 commemorant,
761 1485 817 1547 etii
838 1487 930 1548 rariia
948 1487 1043 1572 dignit
1064 1488 1274 1566 deciaratum
1311 1494 1383 1554 einr

251 1635 254 1640 ·
340 1592 438 1656 etiam
452 1601 564 1651 natum
580 1586 657 1648 inde
676 1585 827 1672 singulare
843 1605 963 1650 nomen
980 1583 1242 1676 Καλλικολώνῃ
1258 1611 1301 1654 ex
1317 1595 1383 1657 De·

340 1693 459 1758 metria
471 1687 596 1771 Scepfio
612 1685 714 1750 adfert
729 1687 834 1750 Schol.
850 1689 986 1752 Homeri
1001 1689 1041 1750 ad
1063 1691 1101 1754 ll.
1121 1708 1179 1762 ιο.
1196 1705 1256 1772 53.
1300 1694 1382 1780 Qui·

338 1796 413 1860 dam
438 1792 512 1854 ldae
532 1790 668 1871 aliquam
695 1802 818 1871 partem
840 1789 893 1850 hie
915 1791 1104 1863 nominant.
1138 1805 1175 1854 nt
1197 1795 1381 1876 Gargarum

338 1896 499 1960 Loeianue
520 1913 546 1954 c.
566 1892 587 1953 l.
620 1888 852 1954 Alexandream
872 1891 984 1954 Strabo
1006 1905 1062 1970 ιδ.
1089 1912 1122 1976 p.
1137 1903 1224 1974 417.
1248 1893 1271 1959 1.
1292 1898 1379 1962 6ιι6.

337 2020 379 2064 ex
392 1993 611 2064 Timosthene,
637 1992 762 2074 opinor,
784 1993 870 2072 quod
889 1989 995 2055 suadet
1011 1993 1192 2076 Stepir'auue
1208 1995 1241 2058 h.
1258 2017 1294 2060 v.
1324 2000 1381 2080 qui

337 2100 401 2164 init
421 2115 514 2160 mona
536 2113 635 2176 prope
651 2093 851 2155 Antandrum
868 2091 906 2154 ab
924 2094 979 2154 Ida
996 2096 1170 2175 produetne
1190 2114 1380 2181 nomenque

336 2199 502 2268 aParide,
527 2197 583 2279 qui
605 2195 693 2256 idem
710 2195 887 2257 Alexander
910 2195 1097 2266 vocabatur,
1123 2209 1254 2268 nactust
1289 2201 1380 2268 deni·

337 2323 402 2388 que
421 2296 743 2362 Phalacram'innuit
759 2296 922 2360 Coluthua
937 2295 978 2356 de
992 2309 1086 2379 raptu
1106 2298 1250 2362 Helenae
1263 2321 1299 2364 v.
1323 2311 1377 2382 ιλ.

337 2404 390 2471 Cf.
414 2412 535 2486 praeter
558 2395 773 2462 Hemsterhuf.
798 2417 826 2460 c.
847 2397 869 2460 Ι.
905 2395 1102 2484 Munekerue
1126 2415 1160 2462 et
1181 2399 1378 2468 Staverennt

334 2508 376 2574 ed
392 2503 514 2588 Hygia.
531 2495 593 2563 fab.
610 2513 671 2582 92.

410 2699 565 2784 aliter)
617 2699 766 2764 usitatim
786 2699 821 2761 in
843 2698 907 2763 hoc
929 2721 1032 2776 nexu,
1059 2700 1117 2764 ubi
1141 2701 1327 2787 [impliciter
1345 2719 1379 2770 et

338 2813 402 2874 fine
417 2806 588 2892 negatione
601 2803 748 2887 ponitur,
776 2799 887 2863 subiici
908 2799 1043 2866 soletur
1061 2805 1114 2867 vel
1133 2819 1240 2888 atque.
1292 2809 1378 2872 Sunt

335 2928 459 2980 tamen.
486 2907 541 2970 etii
557 2907 687 2976 rariora,
712 2901 899 2966 huiuamodi
915 2906 1077 2988 exemplu.
1105 2907 1154 2966 uti
1175 2909 1271 2970 docet
1293 2911 1380 2971 Tur·

336 3015 436 3080 [elliu.
457 3010 497 3071 de
518 3007 683 3090 particulie
703 3019 762 3078 ot.
782 3023 839 3070 tt.
859 3025 892 3088 p.
909 3025 955 3068 m.
975 3008 1035 3084 76.
1071 3007 1124 3074 Sic
1144 3007 1249 3072 Plaut.
1270 3009 1377 3076 Stich.

341 3137 371 3192 t,
399 3135 429 3188 ι,
451 3121 513 3194 42.

409 3337 458 3380 ex
476 3303 659 3407 summo)
698 3306 920 3372 Conferendua
934 3307 978 3372 eii
993 3307 1046 3372 hic
1062 3309 1152 3373 locut
1168 3331 1242 3375 eum
1258 3313 1380 3378 Lume-

336 3421 425 3484 tiano
442 3427 473 3495 5.
495 3415 579 3480 662.
595 3411 616 3477 i.
643 3431 683 3475 ert
701 3429 765 3494 quo
792 3423 900 3472 tamen
922 3411 1066 3494 adparet.
1097 3411 1179 3474 nihil
1201 3413 1263 3477 effe
1281 3417 1380 3480 mira·

334 3522 415 3592 bile,
441 3535 542 3602 quum
562 3514 595 3575 id
616 3514 789 3594 unicuique
810 3511 991 3582 obiiciatur,
1018 3513 1167 3575 eludente
1187 3516 1300 3578 ncuioa
1318 3518 1380 3580 hu·

336 3639 451 3688 manoe
465 3635 547 3682 aete.
574 3635 598 3677 1.
617 3631 813 3676 ononovrva
826 3612 903 3676 MS.
940 3613 983 3677 H.
999 3611 1195 3676 Kar-Dant
1209 3617 1338 3682 Tortie.

408 3816 580 3904 ingens)
628 3817 762 3898 Propter
787 3815 940 3880 humorea
963 3815 1111 3878 nondum
1135 3815 1285 3882 disiectos
1317 3820 1375 3883 vel

337 3927 537 3994 adtenuatae.
590 3917 675 3982 Nam
707 3917 794 3999 quod
824 3917 942 3978 Seneca
973 3917 1039 4000 Qu.
1066 3915 1141 3980 Nat.
1163 3939 1192 3990 ι.
1217 3921 1251 3984 6.
1283 3919 1374 3993 dicit.

338 4027 447 4093 omnia
465 4044 522 4108 per
542 4041 660 4107 aquam
680 4015 860 4081 videntibus
878 4017 969 4098 longe
983 4009 1066 4109 sunt
1085 4019 1218 4083 mamre.
1268 4021 1314 4083 Et
1331 4023 1374 4084 fic

336 4128 383 4197 tot
397 4130 453 4204 iit.
481 4125 592 4210 quiin
615 4141 671 4188 ora
685 4119 781 4186 maria
802 4117 897 4194 stant,
930 4119 1032 4186 maior
1050 4118 1194 4204 adparet.
1225 4133 1263 4184 ut
1281 4135 1374 4188 notat
