2922 4958
234 351 589 410 retroierunt.
630 353 711 410 t.t.
753 353 888 413 ssXiX·
930 352 1008 430 69·
1081 362 1144 430 699

98 523 264 587 Naturam
288 537 356 584 arte
380 518 479 586 etiam
509 521 657 588 adiutam
682 521 774 588 fuisse
797 521 890 588 addit
912 524 1046 594 Strabo,
1082 517 1163 607 qui¹

98 642 269 710 praeterea
287 621 431 696 moenia,
457 628 670 709 gymnasium,
697 626 818 700 sorum,
841 623 1000 710 porticus,
1028 642 1139 706 opera,

98 725 224 788 laudat.
264 725 351 788 Cum
366 723 416 789 bia
431 743 614 811 expugnata
631 725 748 800 suisset,
765 725 909 812 primum
926 727 1138 806 atharnace,

99 825 204 914 posta
221 827 378 906 Lucullo,
411 825 496 890 sacta
518 827 562 890 est
582 824 713 892 colonia
731 831 976 899 Romanorum,
1006 828 1139 912 qualem

96 943 223 990 vocant
236 929 364 998 Strabo,
386 925 472 990 Plin.
490 930 524 1002 6,
544 947 576 993 o.
600 927 683 994 etin
699 928 816 1015 primia
831 928 935 1001 numi.
962 927 998 990 in
1017 923 1137 1012 quibua

96 1025 221 1112 iegitur
236 1029 272 1092 C.
290 1030 314 1090 1.
333 1029 368 1089 F.
385 1029 417 1090 S.
439 1027 593 1108 (Colonia
614 1028 698 1094 Iulia
719 1029 811 1094 Felix
829 1029 966 1114 Sinope)
989 1031 1041 1090 vel
1057 1028 1095 1091 C.
1111 1027 1136 1090 1.
1186 1091 1189 1100 ,

95 1130 181 1212 Aug.
199 1130 234 1191 F.
250 1126 319 1192 Sin.
340 1128 426 1206 (Col.
444 1127 527 1192 Iulia
548 1130 688 1216 Augusta
705 1129 797 1196 Felix
816 1130 953 1215 Sinope)
973 1127 1021 1192 uti
1040 1129 1138 1190 docet

95 1231 224 1294 Rascbe
239 1227 275 1292 in
294 1233 372 1292 Lex.
387 1251 479 1294 num.
496 1233 536 1294 T.
553 1243 589 1314 4.
605 1233 641 1296 Ρ.
660 1252 691 1296 o.
706 1255 738 1318 p.
757 1247 849 1311 ιιο5
866 1231 932 1319 sqq.
968 1235 994 1294 A
1011 1227 1136 1312 Sinope

96 1329 252 1396 rubricae
285 1349 386 1414 genua
412 1329 567 1422 (μίλτος)
602 1331 801 1398 inclaruerat
832 1330 969 1396 nomine
996 1332 1134 1408 Sinopis.

98 1433 142 1494 de
165 1452 231 1518 quo
253 1429 337 1494 Plin.
354 1444 412 1510 35.
439 1447 492 1510 ι3.
509 1433 528 1496 s.
545 1437 579 1499 6.
607 1450 640 1498 et
660 1457 744 1520 quae
765 1449 922 1498 notarunt
941 1429 1133 1496 Harduinua

97 1533 142 1598 ad
158 1555 185 1596 c.
202 1536 223 1596 Ι.
250 1531 381 1596 Salmas.
396 1529 431 1594 in
447 1531 551 1598 Sosin.
570 1555 597 1598 c.
615 1549 672 1614 53.
689 1535 710 1599 s.
728 1539 786 1616 56.
803 1559 834 1620 p.
851 1558 895 1598 m.
911 1547 994 1611 813.
1033 1534 1132 1595 Plura

96 1635 140 1698 de
163 1632 230 1719 ipsa
253 1635 334 1696 urbe
357 1635 583 1718 congesserunt
602 1635 803 1701 Fontenuin
817 1633 996 1700 Memoirea
1021 1669 1059 1683 -
1092 1633 1134 1696 de

94 1735 189 1800 Paria
207 1737 248 1800 T.
269 1756 322 1798 ro.
337 1757 370 1820 p.
384 1737 458 1816 465
474 1735 539 1823 sqq.
562 1753 594 1800 et
605 1740 718 1820 Belley
735 1739 786 1802 sur
800 1741 846 1801 lea
866 1735 935 1800 eres
954 1737 994 1798 de
1009 1732 1133 1818 Sinope
1224 1807 1227 1814 ι

95 1839 139 1900 Τ.
166 1839 222 1901 26.
253 1856 326 1920 pag.
349 1837 424 1916 456
449 1835 515 1923 sqq.
549 1840 591 1902 de
613 1837 748 1923 epochis
776 1837 875 1903 etiam
899 1835 1132 1924 Sinopensibua

93 1940 223 2003 Eckhet
240 1933 276 1999 in
290 1936 395 2002 doctr.
409 1959 501 2002 num.
515 1939 552 2004 P.
573 1963 602 2004 r.
620 1941 691 2004 Vol.
709 1959 740 2006 o.
763 1963 796 2026 p.
813 1955 880 2022 391
902 1939 967 2025 sqq.

170 2138 410 2222 Diogenis)
457 2141 508 2202 De
530 2161 569 2204 eo
590 2137 710 2206 vidiat
731 2139 849 2229 primis
865 2138 1006 2225 Diogen.
1023 2141 1130 2202 Laert.

94 2245 132 2316 ⁶,
152 2261 183 2304 a.
211 2243 358 2305 Brucster
375 2238 411 2303 in
429 2237 501 2304 hist.
523 2241 637 2326 philos.
652 2246 693 2307 T.
708 2269 736 2308 t.
752 2266 784 2329 p.
796 2256 863 2322 871
879 2244 947 2328 sqq.
961 2256 993 2304 et
1009 2235 1131 2302 Lexica

93 2340 261 2406 historica.
312 2342 394 2406 Inde
416 2342 604 2427 simpliciter
620 2345 759 2430 Cynicus
774 2345 928 2426 Sinopeus
949 2344 988 2404 ab
1004 2335 1128 2424 Ouidio

92 2465 137 2508 ex
161 2447 266 2506 Ponto
285 2467 314 2516 1,
338 2458 371 2522 3,
396 2445 454 2520 67.
480 2461 626 2508 vocatur.
679 2448 780 2510 Porro
806 2445 1006 2517 notandum,
1040 2437 1132 2526 quod

93 2549 210 2610 usitate
229 2545 365 2629 Cynicus
379 2541 416 2606 in
431 2544 564 2610 Graecia
580 2563 613 2609 et
625 2545 753 2612 Latinis
773 2543 987 2634 postponitur.
1027 2535 1129 2608 Deni-

93 2667 161 2736 que
177 2667 218 2709 ex
232 2647 391 2710 Strabone
406 2643 462 2710 alii
483 2643 573 2710 cives
591 2646 671 2712 clati
688 2647 765 2714 addi
785 2649 922 2735 poliunt.
1038 2717 1040 2722 ,

171 2846 338 2931 Halyn)
379 2847 435 2911 Gr.
445 2839 562 2924 Ἅλυς,
590 2850 679 2936 quod
695 2871 817 2914 nomen
837 2846 965 2916 traxisse
981 2847 1130 2910 serebant

93 2943 163 3018 e’rrd
182 2949 248 3014 τῶν
272 2944 417 3038 ὀρυκτῶν
442 2946 542 3016 ἁλῶν.
569 2953 704 3030 (Strabo
725 2970 778 3014 ra.
803 2973 836 3036 p.
853 2951 936 3026 386.
955 2949 976 3012 s.
991 2950 1074 3026 561.
1097 2959 1131 3008 et

94 3072 181 3140 quae
213 3049 356 3112 Eustath.
390 3049 432 3111 ad
456 3049 589 3132 Dionys.
615 3075 647 3115 v·
670 3063 753 3132 784·
780 3047 932 3135 adposuit
962 3049 1003 3111 de
1035 3044 1130 3110 causa

94 3151 229 3218 omissae
255 3149 507 3235 adspirationis.)
558 3153 658 3238 Quod
685 3149 786 3216 tradit
809 3150 996 3215 Herodotus
1018 3171 1048 3222 ι,
1070 3163 1129 3223 72.

93 3275 136 3320 cx
162 3250 318 3316 Armenio
342 3269 454 3326 rnonte
481 3252 598 3317 defluit
621 3275 681 3339 per
705 3251 846 3326 Cilices,
882 3268 916 3314 et
939 3247 1019 3314 inde
1043 3247 1131 3312 inter

91 3353 262 3420 Matienoa
280 3369 312 3416 et
327 3355 488 3438 Phrygas,
521 3371 592 3418 tum
607 3355 717 3417 versus
735 3350 1001 3439 septemtrionem
1018 3346 1129 3432 Syrios

92 3455 328 3542 Cappadoces,
352 3456 465 3534 (Syrou
487 3478 516 3528 ι,
535 3459 568 3522 6.
593 3454 799 3542 simpliciter,
825 3457 948 3541 dequo
967 3449 1060 3532 alibi)
1087 3451 1132 3514 iic

90 3574 132 3623 ut
149 3579 167 3621 a
184 3555 279 3628 mari,
306 3556 394 3640 quod
411 3557 521 3640 Cypro
536 3555 703 3622 obiectum
727 3557 780 3630 est,
811 3555 968 3619 iuferiora
987 3555 1074 3618 Afrae
1087 3547 1129 3614 ad

90 3663 241 3726 Pontum
256 3677 361 3742 uaque
377 3654 520 3722 dirimat.
559 3660 652 3744 Quae
668 3679 707 3721 ex
728 3660 791 3721 hac
808 3651 1026 3740 descriptione
1044 3651 1130 3716 disfr-

92 3763 234 3845 cultatea
261 3755 481 3831 obiiciantur,
513 3757 667 3844 expedire
689 3759 882 3822 studuerunt
906 3753 1067 3824 cellarius
1093 3755 1130 3818 in

92 3865 216 3945 Geogr.
233 3874 300 3924 ant.
317 3873 351 3938 3,
371 3871 407 3938 8.
423 3873 482 3938 57.
514 3877 548 3922 et
569 3863 722 3926 Mannert
738 3862 807 3926 Vol.
825 3863 859 3925 6.
884 3860 920 3921 P.
942 3877 972 3920 a.
995 3881 1026 3944 p.
1043 3868 1129 3938 453.

89 3960 288 4032 Armenium
306 3977 467 4034 montem,
491 3961 581 4045 quod
597 3959 752 4049 equidem
767 3975 858 4046 puto,
881 3975 1008 4044 partem
1025 3956 1129 4023 Tauri

90 4084 200 4154 prope
239 4059 429 4130 Armeniam
468 4059 634 4130 minorem
666 4059 817 4140 vocavit,
859 4057 981 4128 Cilices
1021 4077 1133 4128 autent

1349 609 1364 654 l
