2922 4958
291 415 354 480 612
561 413 724 474 loom
762 415 1064 474 EXEGETICAE

295 591 335 656 rb
357 587 521 652 Eustathio
541 587 579 650 ed
604 587 736 670 Dionys.
753 611 785 652 v.
800 589 885 667 687.
936 588 1004 674 lpse
1022 589 1097 652 urbe
1118 591 1180 654 alio
1198 593 1335 656 nomine

295 695 375 758 olim
399 693 481 752 dicte
505 691 548 754 eli
569 687 709 777 Oi<4vl5.
751 691 901 754 Nominis
925 690 1044 752 caulem
1068 713 1085 753 a
1107 691 1225 764 forme,
1252 715 1336 776 quae

293 795 437 880 quadrati
459 792 591 876 oblongi
616 791 750 874 speciem
773 791 992 874 repraesentet.
1022 793 1142 856 ducunt
1167 793 1336 879 Biisching

242 947 244 952 ,
293 919 328 982 p.
344 915 389 958 m.
410 895 491 973 169.
515 914 542 956 c.
565 893 586 955 l.
616 907 649 954 et
670 907 742 954 ente
771 913 845 954 eum
868 893 1079 956 Stuckiue-ed
1105 897 1273 957 Attianum
1297 899 1335 957 in

294 998 418 1082 periplo
429 997 527 1057 Ponti
541 1015 574 1077 p.
592 995 651 1068 67.
674 989 775 1058 Πόλιν
795 989 969 1081 Ἑλληνίδα
987 1011 1079 1057 vocat
1094 997 1203 1076 Scylax
1218 1018 1251 1078 p.
1269 1011 1330 1074 33.

293 1097 396 1162 Horis.
419 1117 493 1158 cum
506 1097 660 1159 Strabone
682 1112 735 1158 ι9.
750 1117 783 1178 p.
799 1111 881 1172 377.
899 1094 919 1158 s.
932 1108 1017 1174 548.
1051 1095 1221 1160 Σινωπέων
1238 1093 1333 1162 drot·

295 1197 368 1264 κίον
392 1199 573 1280 Xenophon
598 1199 637 1258 de
664 1218 735 1282 exp.
756 1197 831 1278 Cyri
849 1209 883 1278 4.
903 1210 936 1276 8,
961 1214 1015 1274 ι7.
1040 1211 1129 1261 etex
1150 1219 1189 1260 eo
1208 1201 1331 1262 Diodo-

166 1365 170 1374 ,
292 1321 347 1364 rue
361 1321 388 1362 c.
405 1301 426 1362 l.
452 1315 485 1361 et
498 1299 538 1360 iic
555 1299 720 1369 Arrienue.
742 1302 798 1380 qui
811 1301 850 1360 nb
863 1319 898 1361 ee
915 1301 1071 1381 periplum
1087 1301 1274 1384 ingreditur.
1296 1313 1331 1362 et

294 1403 474 1482 Stephanus
491 1421 516 1461 c.
533 1400 554 1462 l.
576 1397 748 1464 Σινωπέων
771 1393 918 1469 ἄποικον.
942 1401 1123 1462 Euslethius
1138 1403 1175 1462 ed
1194 1401 1329 1480 Dionys.

294 1525 323 1568 c.
331 1505 352 1565 l.
362 1499 533 1564 Σινωπέων
549 1497 689 1590 νιπίομος
711 1502 803 1564 latine
821 1501 982 1564 Conlieut.
996 1501 1153 1583 Porphyr.
1168 1503 1207 1564 de
1224 1503 1327 1567 thern.

298 1625 328 1676 r.
344 1615 378 1681 8.
392 1597 559 1688 Ἑλλήνων
573 1598 736 1666 α’ποικίον.
762 1604 808 1663 Ex
819 1603 1327 1684 Arcadia‘l'repezuntioebucmi·

291 1703 387 1792 grasse
395 1716 578 1784 etreceptoe
587 1701 675 1764 suilse
684 1717 719 1763 nt
729 1698 918 1792 ὁμωνύμους
927 1702 1166 1766 scribitPeulru.
1178 1713 1209 1780 8.
1221 1719 1279 1776 97,
1289 1715 1326 1784 4.

290 1805 430 1870 Possedit
444 1805 548 1886 postea
557 1803 771 1874 Mithridates.
786 1823 851 1886 quo
863 1805 991 1866 devicto
1005 1804 1101 1866 libera
1115 1803 1193 1866 secte
1204 1805 1255 1875 est.
1274 1809 1325 1867 uti

290 1927 361 1970 erm
374 1921 465 1968 vocat
479 1908 575 1968 etiam
591 1906 676 1968 Pliu.
690 1903 723 1976 6,
738 1917 772 1984 4.
816 1905 1063 1988 Macrocephalie
1078 1907 1188 1968 tribuit
1200 1908 1324 1986 Scylax.

291 2010 327 2072 in
341 2008 438 2070 Ponti
461 2009 592 2092 regione
610 2007 705 2088 ponit
727 2007 906 2068 drislotelee
922 2007 962 2067 de
984 2009 1056 2068 mir.
1072 2007 1201 2069 auscult.
1217 2027 1245 2070 c.
1265 2023 1321 2083 ι7.

246 2121 251 2144 ·
289 2121 324 2172 et
347 2109 550 2193 Agathemer.
567 2123 598 2176 9.
621 2127 656 2187 9.
677 2111 778 2192 magio
801 2107 944 2168 distincte
965 2109 1112 2190 Xenopb.
1137 2109 1176 2170 de
1198 2128 1270 2190 exp.
1286 2118 1322 2190 4.

290 2222 324 2289 8.
347 2225 400 2284 ι7.
422 2223 455 2271 et
470 2229 508 2271 ex
522 2227 561 2272 eo
575 2209 709 2272 Diodor.
725 2229 750 2271 c.
766 2209 787 2270 l.
804 2222 836 2269 et
846 2208 985 2270 Eulleth.
999 2211 1032 2269 iu
1048 2207 1180 2288 Dionys.
1191 2230 1223 2270 v.
1235 2224 1322 2285 779.

286 2313 323 2385 in
338 2311 511 2383 Colchide;
543 2309 654 2371 Strabo
676 2319 729 2372 ro.
754 2331 786 2392 p.
804 2321 886 2388 378.
900 2308 921 2372 s.
933 2319 1018 2392 549.
1041 2308 1093 2370 sue
1107 2324 1207 2372 aetate
1220 2329 1322 2394 prope

287 2412 443 2475 Colchide
465 2425 498 2472 et
515 2425 547 2485 7.
572 2431 603 2492 p.
621 2423 705 2490 914.
723 2409 743 2474 s.
763 2424 845 2490 309.
870 2413 957 2472 iuxta
980 2409 1184 2474 Tibareniem
1200 2424 1232 2472 et
1248 2412 1322 2475 Col·

286 2513 396 2585 chidr3
431 2512 632 2572 Ptolemaeus
651 2523 684 2587 5.
706 2513 739 2574 6.
770 2514 802 2572 iu
820 2513 927 2575 Ponto
948 2511 1148 2592 Cappadocio
1171 2527 1204 2573 et
1225 2510 1320 2576 latiur

285 2613 465 2694 Stephanus
484 2611 521 2672 ed
544 2611 685 2672 Pontum
706 2613 886 2682 Euxinum.
916 2632 975 2696 pro
992 2632 1056 2694 quo
1072 2633 1088 2674 a
1104 2613 1320 2694 Xenophonte

285 2713 402 2776 dicitur
420 2707 467 2782 ὲν,
493 2713 685 2773 maritimam
701 2711 814 2774 urbem
832 2714 983 2776 indicent.
1017 2706 1144 2802 Ὅρμον
1160 2713 1204 2790 ibi
1218 2711 1319 2786 fuisse.

283 2816 319 2880 in
336 2815 427 2876 cuiue
446 2813 518 2875 locu
541 2826 671 2896 portum
693 2813 884 2876 moliebatur
905 2815 1099 2886 Hadrianus.
1131 2813 1260 2877 discitur
1279 2835 1320 2878 ex

282 2915 407 2982 Amant
422 2913 544 2998 periplo
557 2935 589 2998 p.
606 2929 659 2990 ι7.
674 2914 773 2977 liudi.
802 2914 922 2977 Insulae
937 2918 1049 2978 arduae
1065 2918 1221 2998 oppidum
1236 2920 1317 2980 adeo

281 3031 379 3081 vocet
400 3017 557 3078 Ammien.
579 3032 636 3087 99,
661 3030 695 3094 8.
718 3037 791 3078 cum
810 3018 973 3098 Pityunte.
1000 3037 1090 3102 vege.
1113 3036 1186 3078 cum
1210 3017 1242 3078 itl
1262 3017 1319 3079 elii

281 3119 451 3204 ignorent.
483 3131 516 3179 et
537 3117 662 3180 Plinius
682 3131 806 3179 tanturn
828 3117 919 3210 versio
941 3132 1045 3180 uronte
1062 3109 1202 3209 clausum
1223 3121 1317 3198 ομμί·
1449 3173 1450 3187 ,

280 3219 358 3282 drrm
368 3216 456 3280 fuisse
465 3217 587 3281 scribet.
612 3218 836 3281 celebritatem
850 3219 935 3282 urbie
950 3222 1035 3282 varie
1044 3220 1215 3281 declarante
1234 3219 1316 3282 zoo-

236 3367 238 3375 .
278 3339 352 3383 mue
377 3341 406 3390 r.
423 3333 481 3398 83.
498 3335 531 3382 9.
554 3314 648 3394 πόλις
662 3313 793 3408 μεγάλη
810 3313 864 3382 uel
880 3315 1150 3408 πολυάνθρωπος,
1172 3319 1314 3384 Eusletb.
1448 3331 1449 3336 ’

201 3481 204 3488 ,
278 3422 317 3484 ed
334 3417 467 3498 Dionys.
484 3441 517 3482 v.
533 3417 617 3497 687.
639 3419 724 3508 μέγα
745 3416 905 3509 ἐμπόριον.
956 3423 1029 3484 Poll
1051 3423 1146 3482 etiam
1167 3417 1246 3482 secta
1268 3421 1314 3484 esi

278 3521 430 3588 Gbrldiee
460 3523 660 3605 metropolis.
694 3521 914 3607 (Constantio.
939 3520 1212 3608 Porphyr.c.1.)
1271 3523 1312 3585 se

274 3622 370 3687 reboo
402 3640 498 3706 porro
530 3623 791 3686 memorabilibus
821 3625 992 3706 reponitur
1014 3624 1078 3685 mel
1103 3635 1311 3694 venenatum.

274 3725 361 3808 quod
377 3721 464 3786 senos
481 3725 515 3784 iu
532 3715 682 3786 insaniem
700 3737 873 3794 convertat.
898 3722 1021 3786 insanos
1036 3737 1168 3806 reparet.
1208 3723 1312 3788 Tetti·

274 3827 321 3891 rei
335 3823 419 3886 edell
434 3825 583 3908 Xenopb.
601 3826 640 3886 de
658 3845 729 3908 exp.
748 3837 783 3904 4.
800 3839 832 3904 8.
854 3827 907 3888 16.
929 3824 1183 3907 ornantque'ulii
1199 3824 1311 3897 multi,

274 3945 354 4012 quoe
374 3924 514 3988 recenset
528 3925 725 3990 Beckmenu.
747 3927 786 3989 ed
809 3925 963 3990 driliotel.
983 3947 1015 4010 p.
1031 3937 1081 4006 44
1098 3924 1139 4006 sq.
1158 3945 1185 3988 c.
1201 3926 1224 3988 1.
1250 3925 1311 3988 ubi

199 4077 203 4088 .
274 4043 307 4092 et
329 4027 369 4088 de
397 4044 437 4088 eo
461 4027 555 4089 melle
578 4029 736 4109 disquirit.
789 4028 830 4089 H.
857 4019 1040 4119 Torabosau
1063 4027 1084 4088 s.
1112 4017 1307 4118 Trebisonde.

272 4133 323 4194 De
338 4127 508 4190 recentiori
527 4128 604 4190 slatu
618 4149 651 4192 v.
667 4125 866 4190 Tournesort
881 4148 1003 4213 voyage
1020 4131 1062 4190 du
1076 4129 1199 4190 Levant
1218 4129 1260 4192 T.
1271 4147 1306 4193 9.

271 4234 364 4298 lettre
382 4241 438 4304 17.
461 4247 494 4311 p.
509 4247 553 4292 m.
574 4247 640 4295 ror
657 4227 721 4313 sqq.
756 4229 964 4295 Sruveboeui
982 4227 1098 4294 lieilen
1127 4229 1228 4292 durch
1251 4231 1306 4294 die
