2764 4954
336 441 399 508 δια
607 426 768 486 noran
805 427 1109 488 nxacnrrcan
1220 417 1222 429 '

339 601 416 664 saica
444 601 624 663 narratione
652 599 770 682 legitur
798 594 957 688 Ἀῤῥαβία
990 614 1024 661 et
1052 594 1217 690 Ἀῤῥιὶβιος
1247 591 1349 670 κόλπος

339 703 423 786 apud
439 702 640 786 Agathemer.
659 717 690 771 e,
709 701 742 764 6.
760 712 793 762 et
812 719 868 764 11.
895 715 927 764 et
942 723 960 764 e
977 702 1101 766 MSStie
1115 701 1291 784 quibusdam
1308 698 1349 760 arl-

339 803 439 868 fertur
460 805 494 864 in
510 804 616 864 Dione
633 803 691 878 65,
710 815 768 881 5ι.
801 803 891 865 cuiue
911 803 1043 864 dubiam
1066 805 1141 864 inde
1158 803 1350 865 auctoritatem

339 908 448 969 minue
480 917 564 966 recte
598 905 714 964 excitat
745 902 907 966 Relandue
939 905 972 964 in
1005 903 1173 967 Palaestina
1199 922 1227 976 ι,
1251 903 1347 967 ιθ.ἰι.

340 1009 464 1070 Multos
485 1019 592 1067 tamen
617 1005 703 1065 illam
727 1001 909 1086 scripturam
933 1005 1010 1066 olim
1035 1005 1192 1086 probasse,
1217 1002 1302 1068 refert
1319 1001 1350 1062 ad

339 1105 472 1185 Dionys.
489 1127 516 1171 c.
536 1107 557 1168 l.
579 1105 771 1175 Eustathiue,
796 1102 861 1186 ipse
878 1119 984 1167 tamen
999 1108 1153 1170 renitent.
1186 1109 1232 1170 De
1247 1105 1350 1189 origine

339 1210 483 1274 neminie
509 1209 576 1269 vid.
601 1207 688 1269 idem
716 1206 755 1267 ad
777 1225 804 1269 c.
827 1206 848 1267 l.
887 1221 983 1269 etex
1009 1207 1149 1271 Hefiodo
1173 1209 1212 1270 ad
1237 1203 1354 1268 Homeri

341 1308 451 1390 Orlysl'.
465 1319 499 1388 4,
515 1321 574 1388 54.
588 1329 619 1390 p.
636 1329 681 1371 m.
700 1319 781 1386 152.
806 1321 843 1368 ut
857 1308 935 1371 elioe
950 1321 1078 1372 taceam.
1108 1309 1193 1371 Nota
1206 1307 1247 1370 esi
1260 1305 1355 1388 triplex

339 1413 408 1475 eine
429 1411 540 1472 divisio
563 1411 598 1470 in
619 1409 766 1482 Felicem,
797 1409 966 1470 Petraeam
981 1423 1015 1471 et
1029 1401 1199 1502 Desertam
1215 1431 1253 1472 ex
1267 1407 1356 1469 Ptole·

215 1579 219 1594 Ι
339 1531 431 1575 maeo
452 1513 487 1572 in
508 1511 637 1594 primia,
662 1511 753 1572 cuine
772 1510 970 1594 diligentiam
992 1505 1156 1598 (σπουδὴν
1177 1505 1269 1576 ἔθετο
1288 1509 1357 1572 iore

341 1613 432 1702 pijocr
455 1609 617 1700 ἀκριβῶς)
638 1613 672 1672 ἱιι
688 1610 820 1674 Arabiae
838 1609 1049 1696 descriptione
1069 1613 1176 1673 laudat
1198 1612 1358 1694 Stephanae

340 1715 361 1778 s.
380 1737 412 1776 v.
438 1707 666 1800 Χαρᾶκμωβα.
719 1713 772 1774 Sic
804 1711 957 1773 dividunt
984 1715 1163 1776 Marcianus
1192 1714 1359 1775 Heracleon

338 1837 372 1900 p.
393 1812 565 1894 15.Huds.
599 1813 803 1898 Agatbemer.
820 1829 853 1883 Ω,
872 1815 906 1877 6.
923 1827 957 1876 et
978 1835 1032 1877 ιι.
1086 1815 1243 1876 Feruntur
1266 1829 1358 1875 tamen

338 1913 449 2000 passim
464 1919 560 1978 etiam
574 1916 633 1976 alia
653 1917 799 1985 nomina,
824 1915 873 1975 uti
885 1906 1039 2005 Inferior,
1062 1917 1226 1988 Patrocles,
1248 1913 1358 1978 Eiram

339 2039 421 2080 mon.
447 2016 917 2100 (Servinsaerirgil.Aeu.1,
936 2019 1044 2096 416.)
1083 2016 1145 2079 Alii
1168 2016 1313 2079 dividunt
1331 2015 1360 2074 in

338 2109 514 2207 εὐδαίμονα
529 2133 560 2181 et
576 2113 691 2204 ἔρημοι
709 2111 763 2179 aci
782 2109 928 2205 ἄνυδρον,
951 2137 1031 2200 quae
1046 2118 1130 2180 inter
1144 2119 1270 2199 Syriam
1283 2116 1360 2199 poni·

338 2235 392 2280 tnr
412 2234 444 2281 et
467 2222 666 2304 Aegyptum.
693 2232 730 2278 nt
751 2219 884 2280 Diodor.
903 2235 936 2287 ι,
953 2231 1001 2298 45
1017 2218 1059 2300 sq.
1093 2217 1148 2281 etsi
1171 2240 1238 2304 cap.
1258 2229 1313 2300 54.
1332 2219 1359 2276 in

337 2322 484 2382 interiori
508 2320 617 2382 Arabia
639 2317 722 2380 selici
745 2319 890 2382 conlocat
910 2319 1026 2382 Arabee
1046 2321 1189 2383 Scenitae
1218 2337 1251 2386 et
1278 2323 1360 2381 inter·

337 2424 450 2482 iectam
478 2424 642 2505 regionem
676 2415 791 2508 ἔρημον
824 2414 879 2484 uni
903 2413 1038 2508 ἄνυδρον
1065 2434 1170 2485 vocat.
1225 2425 1272 2486 Ita
1294 2437 1360 2482 vero

236 2541 241 2554 ·
336 2525 432 2584 etiam
452 2524 563 2586 Strabo
584 2521 639 2584 lib.
661 2521 715 2588 tb'.
739 2542 770 2603 p.
787 2519 871 2599 526.
888 2519 909 2583 s.
930 2524 1013 2600 765.
1057 2519 1109 2586 Cf.
1131 2523 1189 2588 lib.
1208 2541 1243 2588 Ω.
1266 2545 1297 2607 p.
1311 2534 1361 2599 89.

336 2622 358 2686 s.
378 2637 458 2702 230.
494 2623 663 2706 Duplicem
680 2624 776 2684 etiam
792 2620 1055 2707 sacitStepbanue
1068 2623 1102 2686 h.
1116 2644 1149 2687 v.
1167 2645 1277 2698 unam,
1294 2641 1362 2706 quae

335 2727 374 2786 ad
396 2723 537 2786 occasum
558 2724 654 2786 habet
669 2727 868 2808 Aegyptum,
900 2726 940 2786 ad
963 2723 1223 2807 septemtrionem
1238 2727 1362 2808 Syriam,

335 2841 428 2908 atque
443 2827 524 2888 hauc
540 2827 673 2888 eandem
690 2825 759 2895 esse,
786 2845 884 2906 quam
898 2826 1020 2895 Plinius
1035 2839 1069 2904 5,
1091 2843 1145 2889 12.
1163 2826 1186 2890 s.
1211 2849 1266 2892 ιι.
1292 2829 1364 2888 ιιΙιιι

334 2927 528 2990 Pelusiacum
545 2927 612 2989 Nili
634 2925 747 2989 ollium
769 2927 807 2986 acl
823 2925 970 2988 Rubrum
994 2947 1080 2990 mare
1102 2931 1256 2992 extendat
1281 2941 1311 2991 et
1330 2925 1364 2988 ad

335 3029 460 3092 beatam
485 3027 614 3099 reserat,
648 3048 722 3090 cum
749 3027 901 3090 Berkelio
933 3028 972 3090 ad
998 3029 1199 3111 Stephanum
1233 3053 1266 3114 p.
1292 3045 1363 3106 ¹5⁰·

335 3145 446 3193 monet
471 3129 636 3194 Salmasius
662 3131 700 3191 ad
725 3129 874 3191 Solinurn
898 3114 931 3213 p.
956 3149 1001 3193 m.
1022 3131 1105 3209 546.
1157 3131 1255 3193 Illam
1280 3133 1367 3216 igitur

334 3234 473 3312 priorem
500 3231 679 3313 Stephanus
703 3249 771 3291 non
803 3229 915 3292 usitata
939 3231 1168 3314 adpellatione,
1206 3231 1261 3296 sed
1288 3229 1366 3295 sensu

335 3333 439 3396 latiori
460 3333 635 3405 intellexit3
668 3332 709 3393 de
731 3351 795 3412 quo
817 3331 977 3414 deinceps.
1037 3333 1175 3395 Felicem
1201 3337 1300 3396 etiam
1319 3331 1367 3394 alii

337 3449 454 3498 vocant
470 3435 686 3516 Superiorem,
708 3430 908 3501 inferiorem.
930 3451 1009 3514 quae
1022 3435 1144 3512 Syriam
1159 3434 1310 3521 adtingit,
1332 3433 1366 3492 de

334 3555 399 3616 quo
421 3533 461 3598 cs.
487 3533 612 3598 Salmas.
629 3535 668 3595 ad
689 3535 790 3597 Sosin.
806 3553 833 3594 c.
851 3545 908 3612 55.
928 3531 948 3596 s.
968 3535 1027 3612 36.
1050 3555 1081 3616 p.
1103 3553 1148 3598 ru.
1167 3546 1255 3616 343.
1294 3533 1368 3619 Qui·

335 3637 408 3697 dam
430 3639 525 3699 etiarn
547 3637 625 3698 olim
642 3635 785 3697 Arabiam
807 3635 942 3698 ulteriue
963 3635 1106 3716 undique
1125 3647 1366 3718 promoverunt,

335 3739 376 3798 ad
401 3737 679 3819 Mesopotamiam.
715 3737 849 3799 Meroen
871 3764 918 3780 -
951 3755 1031 3818 quae
1056 3737 1111 3797 hic
1135 3736 1281 3820 persequi
1305 3755 1369 3798 non

336 3837 420 3900 licet.
456 3841 528 3900 Vid.
545 3838 720 3899 liochartus
735 3837 768 3896 in
786 3835 906 3921 Phaleg
924 3853 954 3906 ι,
971 3851 1005 3916 5.
1032 3851 1065 3908 2.
1085 3851 1144 3916 23.
1181 3839 1224 3899 Et
1240 3841 1282 3900 sic
1297 3838 1369 3900 Pto·

334 3939 475 4002 lemaeue
500 3949 534 4022 4.
563 3953 594 4016 5.
632 3951 862 4000 commemorat
894 3937 1010 3998 Arabae
1041 3940 1235 4023 Aegyption
1277 3941 1369 4018 Syros

333 4041 429 4104 etiam
447 4039 488 4102 ob
512 4041 662 4103 viciniam
681 4038 794 4102 Arabae
815 4059 831 4099 a
852 4039 1017 4101 nonnullia
1037 4053 1167 4101 vocator
1187 4037 1294 4101 scribit
1311 4041 1368 4099 En·

333 4141 465 4206 slatbiue
481 4141 520 4204 ad
536 4139 671 4222 Dionys.
690 4151 776 4221 924.
828 4139 972 4203 Omnino
991 4153 1099 4202 autem
1124 4135 1234 4225 passim
1256 4141 1371 4204 Arabes
