<?xml version="1.0" encoding="UTF-8"?>
<!DOCTYPE html PUBLIC "-//W3C//DTD XHTML 1.0 Transitional//EN"
    "http://www.w3.org/TR/xhtml1/DTD/xhtml1-transitional.dtd">
<html xmlns="http://www.w3.org/1999/xhtml" xml:lang="en" lang="en">
 <head>
  <title>
</title>
<meta http-equiv="Content-Type" content="text/html;charset=utf-8" />
  <meta name='ocr-system' content='tesseract 3.04.00' />
  <meta name='ocr-capabilities' content='ocr_page ocr_carea ocr_par ocr_line ocrx_word'/>
</head>
<body>
  <div class='ocr_page' id='page_1' title='image "./pomponiimelaede06melagoog_0389.png"; bbox 0 0 2852 4946; ppageno 0'>
   <div class='ocr_carea' id='block_1_1' title="bbox 162 393 1101 474">
    <p class='ocr_par' dir='ltr' id='par_1_1' title="bbox 162 393 1101 474">
     <span class='ocr_line' id='line_1_1' title="bbox 162 393 1101 474; baseline 0 -18"><span class='ocrx_word' id='word_1_1' title='bbox 162 398 377 460; x_wconf 65' lang='lat' dir='ltr'>rue-oue.</span> <span class='ocrx_word' id='word_1_2' title='bbox 404 400 512 458; x_wconf 71' lang='lat' dir='ltr'>uer.</span> <span class='ocrx_word' id='word_1_3' title='bbox 554 393 641 458; x_wconf 83' lang='lat' dir='ltr'>1.r.</span> <span class='ocrx_word' id='word_1_4' title='bbox 684 400 806 460; x_wconf 75' lang='lat' dir='ltr'>oxu.</span> <span class='ocrx_word' id='word_1_5' title='bbox 847 399 977 474; x_wconf 63' lang='grc' dir='ltr'>ιιι.</span> <span class='ocrx_word' id='word_1_6' title='bbox 1035 405 1101 474; x_wconf 68' lang='lat'>503</span> 
     </span>
    </p>
   </div>
   <div class='ocr_carea' id='block_1_2' title="bbox 60 571 1110 858">
    <p class='ocr_par' dir='ltr' id='par_1_2' title="bbox 60 571 1110 858">
     <span class='ocr_line' id='line_1_2' title="bbox 136 571 1104 656; baseline 0 -22"><span class='ocrx_word' id='word_1_7' title='bbox 136 571 374 654; x_wconf 77' lang='lat' dir='ltr'>permutat)</span> <span class='ocrx_word' id='word_1_8' title='bbox 424 573 475 634; x_wconf 87' lang='lat' dir='ltr'>De</span> <span class='ocrx_word' id='word_1_9' title='bbox 501 572 703 654; x_wconf 80' lang='lat' dir='ltr'>synonymia.</span> <span class='ocrx_word' id='word_1_10' title='bbox 737 593 817 656; x_wconf 85' lang='lat' dir='ltr'>quae</span> <span class='ocrx_word' id='word_1_11' title='bbox 848 571 984 635; x_wconf 87' lang='lat' dir='ltr'>ollendit</span> <span class='ocrx_word' id='word_1_12' title='bbox 1008 590 1104 652; x_wconf 82' lang='lat' dir='ltr'>quoe·</span> 
     </span>
     <span class='ocr_line' id='line_1_3' title="bbox 60 673 1110 744; baseline -0.006 -8"><span class='ocrx_word' id='word_1_13' title='bbox 60 673 150 744; x_wconf 87' lang='lat' dir='ltr'>dam,</span> <span class='ocrx_word' id='word_1_14' title='bbox 178 675 301 736; x_wconf 86' lang='lat' dir='ltr'>dictum</span> <span class='ocrx_word' id='word_1_15' title='bbox 316 676 350 734; x_wconf 88' lang='lat' dir='ltr'>in</span> <span class='ocrx_word' id='word_1_16' title='bbox 371 675 458 736; x_wconf 77' lang='lat' dir='ltr'>nolio</span> <span class='ocrx_word' id='word_1_17' title='bbox 479 676 606 739; x_wconf 84' lang='lat' dir='ltr'>cririeie.</span> <span class='ocrx_word' id='word_1_18' title='bbox 657 677 706 738; x_wconf 82' lang='lat' dir='ltr'>Ad</span> <span class='ocrx_word' id='word_1_19' title='bbox 724 675 810 738; x_wconf 87' lang='lat' dir='ltr'>hunc</span> <span class='ocrx_word' id='word_1_20' title='bbox 834 673 955 740; x_wconf 83' lang='lat' dir='ltr'>lenium</span> <span class='ocrx_word' id='word_1_21' title='bbox 971 673 1110 738; x_wconf 84' lang='lat' dir='ltr'>Tacitue.</span> 
     </span>
     <span class='ocr_line' id='line_1_4' title="bbox 61 774 1056 858; baseline 0.002 -22"><span class='ocrx_word' id='word_1_22' title='bbox 61 775 101 838; x_wconf 91' lang='lat' dir='ltr'>de</span> <span class='ocrx_word' id='word_1_23' title='bbox 116 774 228 838; x_wconf 84' lang='lat' dir='ltr'>Germ.</span> <span class='ocrx_word' id='word_1_24' title='bbox 244 795 311 858; x_wconf 84' lang='lat' dir='ltr'>cap.</span> <span class='ocrx_word' id='word_1_25' title='bbox 322 787 356 854; x_wconf 82' lang='lat'>5.</span> <span class='ocrx_word' id='word_1_26' title='bbox 373 775 468 836; x_wconf 75' lang='lat' dir='ltr'>dicite</span> <span class='ocrx_word' id='word_1_27' title='bbox 493 777 725 858; x_wconf 75' lang='lat' dir='ltr'>permutatione</span> <span class='ocrx_word' id='word_1_28' title='bbox 746 778 891 840; x_wconf 83' lang='lat' dir='ltr'>mercium</span> <span class='ocrx_word' id='word_1_29' title='bbox 912 787 1056 838; x_wconf 77' lang='lat' dir='ltr'>uruntur.</span> 
     </span>
    </p>
   </div>
   <div class='ocr_carea' id='block_1_3' title="bbox 62 967 1109 1563">
    <p class='ocr_par' dir='ltr' id='par_1_3' title="bbox 62 967 1109 1563">
     <span class='ocr_line' id='line_1_5' title="bbox 230 967 1109 1068; baseline -0.003 -28"><span class='ocrx_word' id='word_1_30' title='bbox 230 979 261 1056; x_wconf 86' lang='lat'>§.</span> <span class='ocrx_word' id='word_1_31' title='bbox 289 987 323 1054; x_wconf 83' lang='lat'>5.</span> <span class='ocrx_word' id='word_1_32' title='bbox 375 977 652 1061; x_wconf 73' lang='lat' dir='ltr'>Antioohiae)</span> <span class='ocrx_word' id='word_1_33' title='bbox 692 978 978 1060; x_wconf 83' lang='lat' dir='ltr'>DoparteSyriae.</span> <span class='ocrx_word' id='word_1_34' title='bbox 1000 967 1109 1068; x_wconf 79' lang='lat' dir='ltr'>uhiJe</span> 
     </span>
     <span class='ocr_line' id='line_1_6' title="bbox 65 1075 1104 1160; baseline 0 -20"><span class='ocrx_word' id='word_1_35' title='bbox 65 1075 199 1140; x_wconf 75' lang='lat' dir='ltr'>ciliciae</span> <span class='ocrx_word' id='word_1_36' title='bbox 220 1079 408 1150; x_wconf 75' lang='lat' dir='ltr'>committit,</span> <span class='ocrx_word' id='word_1_37' title='bbox 434 1076 575 1160; x_wconf 78' lang='lat' dir='ltr'>utsupra</span> <span class='ocrx_word' id='word_1_38' title='bbox 595 1097 625 1150; x_wconf 93' lang='grc' dir='ltr'>ι,</span> <span class='ocrx_word' id='word_1_39' title='bbox 648 1099 701 1150; x_wconf 92' lang='grc' dir='ltr'>ιι,</span> <span class='ocrx_word' id='word_1_40' title='bbox 719 1097 753 1142; x_wconf 82' lang='grc' dir='ltr'>ιι.</span> <span class='ocrx_word' id='word_1_41' title='bbox 771 1079 929 1160; x_wconf 80' lang='lat' dir='ltr'>loquitur.</span> <span class='ocrx_word' id='word_1_42' title='bbox 953 1081 991 1142; x_wconf 81' lang='lat' dir='ltr'>nd</span> <span class='ocrx_word' id='word_1_43' title='bbox 1006 1097 1104 1160; x_wconf 89' lang='lat' dir='ltr'>quem</span> 
     </span>
     <span class='ocr_line' id='line_1_7' title="bbox 62 1174 1104 1264; baseline 0.002 -26"><span class='ocrx_word' id='word_1_44' title='bbox 62 1177 174 1240; x_wconf 86' lang='lat' dir='ltr'>locum</span> <span class='ocrx_word' id='word_1_45' title='bbox 197 1174 239 1240; x_wconf 83' lang='lat' dir='ltr'>el.</span> <span class='ocrx_word' id='word_1_46' title='bbox 260 1192 381 1242; x_wconf 77' lang='lat' dir='ltr'>notata.</span> <span class='ocrx_word' id='word_1_47' title='bbox 433 1179 555 1242; x_wconf 83' lang='lat' dir='ltr'>Mirum</span> <span class='ocrx_word' id='word_1_48' title='bbox 571 1181 702 1262; x_wconf 88' lang='lat' dir='ltr'>quidem</span> <span class='ocrx_word' id='word_1_49' title='bbox 718 1180 881 1251; x_wconf 84' lang='lat' dir='ltr'>videatur,</span> <span class='ocrx_word' id='word_1_50' title='bbox 906 1181 993 1264; x_wconf 91' lang='lat' dir='ltr'>quod</span> <span class='ocrx_word' id='word_1_51' title='bbox 1015 1179 1104 1248; x_wconf 75' lang='lat' dir='ltr'>orbiu</span> 
     </span>
     <span class='ocr_line' id='line_1_8' title="bbox 63 1277 1104 1354; baseline 0.002 -14"><span class='ocrx_word' id='word_1_52' title='bbox 63 1277 299 1350; x_wconf 68' lang='lat' dir='ltr'>celeberrimae,</span> <span class='ocrx_word' id='word_1_53' title='bbox 328 1279 526 1352; x_wconf 77' lang='lat' dir='ltr'>Antiochiae.</span> <span class='ocrx_word' id='word_1_54' title='bbox 552 1283 752 1345; x_wconf 76' lang='lat' dir='ltr'>mentionem</span> <span class='ocrx_word' id='word_1_55' title='bbox 774 1279 874 1344; x_wconf 79' lang='lat' dir='ltr'>iacere</span> <span class='ocrx_word' id='word_1_56' title='bbox 896 1281 1018 1354; x_wconf 67' lang='lat' dir='ltr'>omilin</span> <span class='ocrx_word' id='word_1_57' title='bbox 1051 1280 1104 1342; x_wconf 88' lang='lat' dir='ltr'>led</span> 
     </span>
     <span class='ocr_line' id='line_1_9' title="bbox 63 1375 1106 1470; baseline 0.004 -30"><span class='ocrx_word' id='word_1_58' title='bbox 63 1375 107 1441; x_wconf 79' lang='lat' dir='ltr'>ira</span> <span class='ocrx_word' id='word_1_59' title='bbox 123 1393 157 1442; x_wconf 81' lang='lat' dir='ltr'>er</span> <span class='ocrx_word' id='word_1_60' title='bbox 174 1379 249 1440; x_wconf 88' lang='lat' dir='ltr'>alibi</span> <span class='ocrx_word' id='word_1_61' title='bbox 266 1377 351 1452; x_wconf 79' lang='lat' dir='ltr'>solet,</span> <span class='ocrx_word' id='word_1_62' title='bbox 378 1393 414 1441; x_wconf 89' lang='lat' dir='ltr'>ur</span> <span class='ocrx_word' id='word_1_63' title='bbox 429 1382 462 1442; x_wconf 92' lang='lat' dir='ltr'>in</span> <span class='ocrx_word' id='word_1_64' title='bbox 479 1381 664 1468; x_wconf 75' lang='lat' dir='ltr'>regionibur</span> <span class='ocrx_word' id='word_1_65' title='bbox 679 1385 889 1470; x_wconf 72' lang='lat' dir='ltr'>cognominor</span> <span class='ocrx_word' id='word_1_66' title='bbox 905 1381 999 1448; x_wconf 77' lang='lat' dir='ltr'>urbes</span> <span class='ocrx_word' id='word_1_67' title='bbox 1013 1381 1106 1446; x_wconf 82' lang='lat' dir='ltr'>ssmul</span> 
     </span>
     <span class='ocr_line' id='line_1_10' title="bbox 62 1481 656 1563; baseline 0.002 -20"><span class='ocrx_word' id='word_1_68' title='bbox 62 1481 194 1552; x_wconf 77' lang='lat' dir='ltr'>innuet,</span> <span class='ocrx_word' id='word_1_69' title='bbox 220 1481 340 1563; x_wconf 82' lang='lat' dir='ltr'>dequo</span> <span class='ocrx_word' id='word_1_70' title='bbox 357 1482 423 1544; x_wconf 83' lang='lat' dir='ltr'>vid.</span> <span class='ocrx_word' id='word_1_71' title='bbox 440 1483 479 1543; x_wconf 91' lang='lat' dir='ltr'>ad</span> <span class='ocrx_word' id='word_1_72' title='bbox 501 1503 529 1556; x_wconf 95' lang='grc' dir='ltr'>ι,</span> <span class='ocrx_word' id='word_1_73' title='bbox 551 1481 603 1556; x_wconf 89' lang='grc' dir='ltr'>ι6,</span> <span class='ocrx_word' id='word_1_74' title='bbox 622 1499 656 1548; x_wconf 86' lang='lat'>2.</span> 
     </span>
    </p>
   </div>
   <div class='ocr_carea' id='block_1_4' title="bbox 64 1676 1196 4202">
    <p class='ocr_par' dir='ltr' id='par_1_4' title="bbox 64 1676 1196 4202">
     <span class='ocr_line' id='line_1_11' title="bbox 142 1676 1103 1772; baseline 0.006 -26"><span class='ocrx_word' id='word_1_75' title='bbox 142 1682 358 1766; x_wconf 76' lang='lat' dir='ltr'><em>Seleucia)</em></span> <span class='ocrx_word' id='word_1_76' title='bbox 409 1685 464 1748; x_wconf 87' lang='lat' dir='ltr'>Gr.</span> <span class='ocrx_word' id='word_1_77' title='bbox 486 1676 679 1754; x_wconf 79' lang='grc' dir='ltr'><strong>Σελεύκεια.</strong></span> <span class='ocrx_word' id='word_1_78' title='bbox 731 1689 769 1750; x_wconf 88' lang='lat' dir='ltr'>In</span> <span class='ocrx_word' id='word_1_79' title='bbox 793 1687 957 1752; x_wconf 82' lang='lat' dir='ltr'>Ciceronie</span> <span class='ocrx_word' id='word_1_80' title='bbox 981 1687 1103 1772; x_wconf 86' lang='lat' dir='ltr'>epistol.</span> 
     </span>
     <span class='ocr_line' id='line_1_12' title="bbox 65 1784 1106 1870; baseline 0.001 -22"><span class='ocrx_word' id='word_1_81' title='bbox 65 1786 104 1848; x_wconf 79' lang='lat' dir='ltr'>ed</span> <span class='ocrx_word' id='word_1_82' title='bbox 124 1784 271 1848; x_wconf 74' lang='lat' dir='ltr'>Atticum</span> <span class='ocrx_word' id='word_1_83' title='bbox 292 1807 345 1857; x_wconf 90' lang='grc' dir='ltr'>ιι,</span> <span class='ocrx_word' id='word_1_84' title='bbox 363 1801 421 1850; x_wconf 80' lang='lat' dir='ltr'>eo.</span> <span class='ocrx_word' id='word_1_85' title='bbox 441 1790 486 1852; x_wconf 88' lang='lat' dir='ltr'>in.</span> <span class='ocrx_word' id='word_1_86' title='bbox 519 1789 649 1870; x_wconf 84' lang='lat' dir='ltr'>quidam</span> <span class='ocrx_word' id='word_1_87' title='bbox 674 1789 845 1852; x_wconf 85' lang='lat' dir='ltr'>ediderunt</span> <span class='ocrx_word' id='word_1_88' title='bbox 869 1791 1027 1860; x_wconf 76' lang='lat' dir='ltr'><em>Seleucea,</em></span> <span class='ocrx_word' id='word_1_89' title='bbox 1056 1789 1106 1850; x_wconf 85' lang='lat' dir='ltr'>uti</span> 
     </span>
     <span class='ocr_line' id='line_1_13' title="bbox 64 1879 1105 1972; baseline 0.002 -24"><span class='ocrx_word' id='word_1_90' title='bbox 64 1887 143 1949; x_wconf 85' lang='lat' dir='ltr'>haee</span> <span class='ocrx_word' id='word_1_91' title='bbox 164 1883 266 1948; x_wconf 80' lang='lat' dir='ltr'>solent</span> <span class='ocrx_word' id='word_1_92' title='bbox 282 1887 404 1950; x_wconf 84' lang='lat' dir='ltr'>variari.</span> <span class='ocrx_word' id='word_1_93' title='bbox 436 1889 488 1950; x_wconf 89' lang='lat' dir='ltr'>Sic</span> <span class='ocrx_word' id='word_1_94' title='bbox 502 1891 711 1961; x_wconf 78' lang='lat' dir='ltr'>Alexandrea.</span> <span class='ocrx_word' id='word_1_95' title='bbox 730 1879 905 1954; x_wconf 68' lang='lat' dir='ltr'>Antiochea</span> <span class='ocrx_word' id='word_1_96' title='bbox 921 1905 953 1952; x_wconf 83' lang='lat' dir='ltr'>et</span> <span class='ocrx_word' id='word_1_97' title='bbox 968 1891 1105 1972; x_wconf 82' lang='lat' dir='ltr'>plurime</span> 
     </span>
     <span class='ocr_line' id='line_1_14' title="bbox 66 1987 1106 2073; baseline 0.003 -24"><span class='ocrx_word' id='word_1_98' title='bbox 66 1989 141 2058; x_wconf 85' lang='lat' dir='ltr'>alia,</span> <span class='ocrx_word' id='word_1_99' title='bbox 176 1987 211 2047; x_wconf 90' lang='lat' dir='ltr'>in</span> <span class='ocrx_word' id='word_1_100' title='bbox 232 1987 348 2068; x_wconf 77' lang='lat' dir='ltr'>quibus</span> <span class='ocrx_word' id='word_1_101' title='bbox 369 1990 466 2049; x_wconf 83' lang='lat' dir='ltr'>eliam</span> <span class='ocrx_word' id='word_1_102' title='bbox 489 1992 541 2054; x_wconf 81' lang='lat' dir='ltr'>vel</span> <span class='ocrx_word' id='word_1_103' title='bbox 562 2013 600 2052; x_wconf 86' lang='lat' dir='ltr'>eu</span> <span class='ocrx_word' id='word_1_104' title='bbox 621 1993 673 2054; x_wconf 90' lang='lat' dir='ltr'>vel</span> <span class='ocrx_word' id='word_1_105' title='bbox 694 1994 728 2052; x_wconf 85' lang='lat' dir='ltr'>io</span> <span class='ocrx_word' id='word_1_106' title='bbox 744 1989 990 2073; x_wconf 69' lang='lat' dir='ltr'>frequentiorem</span> <span class='ocrx_word' id='word_1_107' title='bbox 1013 1989 1106 2052; x_wconf 85' lang='lat' dir='ltr'>ulum</span> 
     </span>
     <span class='ocr_line' id='line_1_15' title="bbox 67 2089 1106 2176; baseline 0.007 -26"><span class='ocrx_word' id='word_1_108' title='bbox 67 2089 224 2150; x_wconf 79' lang='lat' dir='ltr'>obtinuit.</span> <span class='ocrx_word' id='word_1_109' title='bbox 279 2089 341 2150; x_wconf 88' lang='lat' dir='ltr'>Sed</span> <span class='ocrx_word' id='word_1_110' title='bbox 363 2091 430 2152; x_wconf 85' lang='lat' dir='ltr'>vid.</span> <span class='ocrx_word' id='word_1_111' title='bbox 453 2089 660 2176; x_wconf 81' lang='lat' dir='ltr'>Oudendorp.</span> <span class='ocrx_word' id='word_1_112' title='bbox 683 2095 722 2156; x_wconf 83' lang='lat' dir='ltr'>ad</span> <span class='ocrx_word' id='word_1_113' title='bbox 745 2093 938 2163; x_wconf 78' lang='lat' dir='ltr'>Frontin.1.</span> <span class='ocrx_word' id='word_1_114' title='bbox 962 2111 993 2176; x_wconf 78' lang='lat'>5.</span> <span class='ocrx_word' id='word_1_115' title='bbox 1010 2110 1044 2170; x_wconf 84' lang='lat'>9·</span> <span class='ocrx_word' id='word_1_116' title='bbox 1074 2105 1106 2170; x_wconf 75' lang='grc'>5,</span> 
     </span>
     <span class='ocr_line' id='line_1_16' title="bbox 73 2185 1196 2270; baseline 0.002 -20"><span class='ocrx_word' id='word_1_117' title='bbox 73 2211 127 2262; x_wconf 88' lang='grc' dir='ltr'>ιι,</span> <span class='ocrx_word' id='word_1_118' title='bbox 144 2200 181 2268; x_wconf 84' lang='lat'>5.</span> <span class='ocrx_word' id='word_1_119' title='bbox 207 2189 247 2252; x_wconf 79' lang='lat' dir='ltr'>ed</span> <span class='ocrx_word' id='word_1_120' title='bbox 264 2191 382 2254; x_wconf 82' lang='lat' dir='ltr'>Lucan.</span> <span class='ocrx_word' id='word_1_121' title='bbox 399 2203 430 2270; x_wconf 77' lang='lat'>5.</span> <span class='ocrx_word' id='word_1_122' title='bbox 448 2205 533 2270; x_wconf 74' lang='lat'>281.</span> <span class='ocrx_word' id='word_1_123' title='bbox 559 2195 751 2258; x_wconf 81' lang='lat' dir='ltr'>A.Gronov.</span> <span class='ocrx_word' id='word_1_124' title='bbox 769 2195 806 2255; x_wconf 81' lang='lat' dir='ltr'>orl</span> <span class='ocrx_word' id='word_1_125' title='bbox 825 2193 934 2256; x_wconf 87' lang='lat' dir='ltr'>lustin.</span> <span class='ocrx_word' id='word_1_126' title='bbox 951 2215 1004 2264; x_wconf 88' lang='lat' dir='ltr'>ro,</span> <span class='ocrx_word' id='word_1_127' title='bbox 1026 2214 1054 2260; x_wconf 93' lang='grc' dir='ltr'>ι,</span> <span class='ocrx_word' id='word_1_128' title='bbox 1077 2213 1106 2256; x_wconf 90' lang='grc' dir='ltr'>ι.</span> <span class='ocrx_word' id='word_1_129' title='bbox 1191 2185 1196 2195; x_wconf 77' lang='lat'>&#39;</span> 
     </span>
     <span class='ocr_line' id='line_1_17' title="bbox 67 2289 1107 2376; baseline 0.004 -24"><span class='ocrx_word' id='word_1_130' title='bbox 67 2289 248 2352; x_wconf 83' lang='lat' dir='ltr'>Muncker.</span> <span class='ocrx_word' id='word_1_131' title='bbox 263 2291 302 2352; x_wconf 83' lang='lat' dir='ltr'>acl</span> <span class='ocrx_word' id='word_1_132' title='bbox 319 2291 440 2376; x_wconf 84' lang='lat' dir='ltr'>Hygin.</span> <span class='ocrx_word' id='word_1_133' title='bbox 460 2293 521 2356; x_wconf 88' lang='lat' dir='ltr'>lab.</span> <span class='ocrx_word' id='word_1_134' title='bbox 538 2303 619 2375; x_wconf 77' lang='lat'>245.</span> <span class='ocrx_word' id='word_1_135' title='bbox 654 2297 717 2356; x_wconf 82' lang='lat' dir='ltr'>viri</span> <span class='ocrx_word' id='word_1_136' title='bbox 740 2296 827 2358; x_wconf 69' lang='lat' dir='ltr'>docti</span> <span class='ocrx_word' id='word_1_137' title='bbox 843 2295 880 2356; x_wconf 86' lang='lat' dir='ltr'>ad</span> <span class='ocrx_word' id='word_1_138' title='bbox 902 2297 1000 2356; x_wconf 88' lang='lat' dir='ltr'>Valer.</span> <span class='ocrx_word' id='word_1_139' title='bbox 1018 2294 1107 2356; x_wconf 86' lang='lat' dir='ltr'>Max.</span> 
     </span>
     <span class='ocr_line' id='line_1_18' title="bbox 70 2389 1108 2478; baseline -0.001 -22"><span class='ocrx_word' id='word_1_140' title='bbox 70 2389 102 2464; x_wconf 88' lang='grc'>6,</span> <span class='ocrx_word' id='word_1_141' title='bbox 121 2403 159 2470; x_wconf 83' lang='grc'>5,</span> <span class='ocrx_word' id='word_1_142' title='bbox 180 2407 216 2454; x_wconf 79' lang='lat'>2.</span> <span class='ocrx_word' id='word_1_143' title='bbox 242 2389 424 2456; x_wconf 81' lang='lat' dir='ltr'>Markland.</span> <span class='ocrx_word' id='word_1_144' title='bbox 441 2395 478 2455; x_wconf 85' lang='lat' dir='ltr'>ed</span> <span class='ocrx_word' id='word_1_145' title='bbox 494 2396 585 2457; x_wconf 80' lang='lat' dir='ltr'>Stalii</span> <span class='ocrx_word' id='word_1_146' title='bbox 604 2397 671 2460; x_wconf 76' lang='lat' dir='ltr'>silv.</span> <span class='ocrx_word' id='word_1_147' title='bbox 691 2407 725 2478; x_wconf 78' lang='lat'>4,</span> <span class='ocrx_word' id='word_1_148' title='bbox 745 2409 775 2475; x_wconf 74' lang='lat'>5.</span> <span class='ocrx_word' id='word_1_149' title='bbox 794 2409 854 2476; x_wconf 79' lang='lat'>59.</span> <span class='ocrx_word' id='word_1_150' title='bbox 884 2397 1047 2460; x_wconf 76' lang='lat' dir='ltr'>staveren.</span> <span class='ocrx_word' id='word_1_151' title='bbox 1068 2395 1108 2456; x_wconf 89' lang='lat' dir='ltr'>ad</span> 
     </span>
     <span class='ocr_line' id='line_1_19' title="bbox 69 2492 1109 2584; baseline 0.004 -30"><span class='ocrx_word' id='word_1_152' title='bbox 69 2492 236 2575; x_wconf 81' lang='lat' dir='ltr'>Nepotem</span> <span class='ocrx_word' id='word_1_153' title='bbox 251 2493 290 2554; x_wconf 89' lang='lat' dir='ltr'>de</span> <span class='ocrx_word' id='word_1_154' title='bbox 303 2495 404 2584; x_wconf 82' lang='lat' dir='ltr'>regib.</span> <span class='ocrx_word' id='word_1_155' title='bbox 421 2509 454 2574; x_wconf 81' lang='lat'>5,</span> <span class='ocrx_word' id='word_1_156' title='bbox 478 2509 512 2574; x_wconf 77' lang='lat'>3.</span> <span class='ocrx_word' id='word_1_157' title='bbox 538 2509 571 2558; x_wconf 86' lang='lat' dir='ltr'>et</span> <span class='ocrx_word' id='word_1_158' title='bbox 592 2515 672 2579; x_wconf 80' lang='lat' dir='ltr'>quoe</span> <span class='ocrx_word' id='word_1_159' title='bbox 693 2500 874 2562; x_wconf 79' lang='lat' dir='ltr'>nominant.</span> <span class='ocrx_word' id='word_1_160' title='bbox 926 2499 1109 2560; x_wconf 78' lang='lat' dir='ltr'>Antiochea</span> 
     </span>
     <span class='ocr_line' id='line_1_20' title="bbox 68 2593 1108 2676; baseline 0.004 -22"><span class='ocrx_word' id='word_1_161' title='bbox 68 2607 182 2658; x_wconf 80' lang='lat' dir='ltr'>tuetur</span> <span class='ocrx_word' id='word_1_162' title='bbox 205 2593 336 2656; x_wconf 85' lang='lat' dir='ltr'>Urlrnue</span> <span class='ocrx_word' id='word_1_163' title='bbox 358 2597 441 2676; x_wconf 85' lang='lat' dir='ltr'>apntl</span> <span class='ocrx_word' id='word_1_164' title='bbox 466 2597 568 2660; x_wconf 85' lang='lat' dir='ltr'>Cicer.</span> <span class='ocrx_word' id='word_1_165' title='bbox 590 2599 629 2660; x_wconf 89' lang='lat' dir='ltr'>ad</span> <span class='ocrx_word' id='word_1_166' title='bbox 652 2595 765 2661; x_wconf 84' lang='lat' dir='ltr'>divers.</span> <span class='ocrx_word' id='word_1_167' title='bbox 786 2613 818 2670; x_wconf 82' lang='grc' dir='ltr'>ιι,</span> <span class='ocrx_word' id='word_1_168' title='bbox 843 2619 895 2662; x_wconf 88' lang='grc' dir='ltr'>ιο.</span> <span class='ocrx_word' id='word_1_169' title='bbox 920 2613 957 2660; x_wconf 88' lang='grc' dir='ltr'>ιιι</span> <span class='ocrx_word' id='word_1_170' title='bbox 971 2599 1108 2662; x_wconf 82' lang='lat' dir='ltr'>Alexan·</span> 
     </span>
     <span class='ocr_line' id='line_1_21' title="bbox 71 2695 1108 2781; baseline 0.006 -25"><span class='ocrx_word' id='word_1_171' title='bbox 71 2695 147 2756; x_wconf 81' lang='lat' dir='ltr'>drea</span> <span class='ocrx_word' id='word_1_172' title='bbox 162 2696 200 2756; x_wconf 90' lang='lat' dir='ltr'>ad</span> <span class='ocrx_word' id='word_1_173' title='bbox 225 2715 252 2765; x_wconf 91' lang='grc' dir='ltr'>ι,</span> <span class='ocrx_word' id='word_1_174' title='bbox 268 2705 304 2774; x_wconf 77' lang='lat'>4.</span> <span class='ocrx_word' id='word_1_175' title='bbox 328 2715 367 2758; x_wconf 83' lang='lat' dir='ltr'>ex</span> <span class='ocrx_word' id='word_1_176' title='bbox 380 2697 508 2760; x_wconf 90' lang='lat' dir='ltr'>illorum</span> <span class='ocrx_word' id='word_1_177' title='bbox 528 2699 658 2780; x_wconf 84' lang='lat' dir='ltr'>quidem</span> <span class='ocrx_word' id='word_1_178' title='bbox 676 2713 857 2781; x_wconf 84' lang='lat' dir='ltr'>temporum</span> <span class='ocrx_word' id='word_1_179' title='bbox 874 2702 1007 2772; x_wconf 85' lang='lat' dir='ltr'>ratione,</span> <span class='ocrx_word' id='word_1_180' title='bbox 1033 2719 1108 2762; x_wconf 92' lang='lat' dir='ltr'>cum</span> 
     </span>
     <span class='ocr_line' id='line_1_22' title="bbox 71 2793 1182 2884; baseline 0.004 -26"><span class='ocrx_word' id='word_1_181' title='bbox 71 2797 103 2858; x_wconf 83' lang='lat' dir='ltr'>iu</span> <span class='ocrx_word' id='word_1_182' title='bbox 118 2793 275 2880; x_wconf 83' lang='lat' dir='ltr'>praeferat</span> <span class='ocrx_word' id='word_1_183' title='bbox 290 2797 549 2883; x_wconf 82' lang='lat' dir='ltr'>Oudendorpiue.</span> <span class='ocrx_word' id='word_1_184' title='bbox 583 2799 695 2863; x_wconf 89' lang='lat' dir='ltr'>Nollra</span> <span class='ocrx_word' id='word_1_185' title='bbox 709 2802 785 2862; x_wconf 87' lang='lat' dir='ltr'>haec</span> <span class='ocrx_word' id='word_1_186' title='bbox 798 2801 882 2873; x_wconf 85' lang='lat' dir='ltr'>urba.</span> <span class='ocrx_word' id='word_1_187' title='bbox 903 2821 976 2864; x_wconf 89' lang='lat' dir='ltr'>narn</span> <span class='ocrx_word' id='word_1_188' title='bbox 990 2819 1109 2884; x_wconf 80' lang='lat' dir='ltr'>cogno·</span> <span class='ocrx_word' id='word_1_189' title='bbox 1179 2825 1182 2830; x_wconf 92' lang='lat'>·</span> 
     </span>
     <span class='ocr_line' id='line_1_23' title="bbox 70 2893 1109 2984; baseline 0.005 -26"><span class='ocrx_word' id='word_1_190' title='bbox 70 2900 176 2960; x_wconf 82' lang='lat' dir='ltr'>mirrea</span> <span class='ocrx_word' id='word_1_191' title='bbox 191 2893 323 2958; x_wconf 76' lang='lat' dir='ltr'>suerum</span> <span class='ocrx_word' id='word_1_192' title='bbox 340 2899 462 2981; x_wconf 78' lang='lat' dir='ltr'>pluteo,</span> <span class='ocrx_word' id='word_1_193' title='bbox 490 2901 626 2964; x_wconf 78' lang='lat' dir='ltr'>Selmcio</span> <span class='ocrx_word' id='word_1_194' title='bbox 641 2903 749 2962; x_wconf 85' lang='lat' dir='ltr'>Pieria</span> <span class='ocrx_word' id='word_1_195' title='bbox 766 2903 915 2984; x_wconf 84' lang='lat' dir='ltr'>adpellari</span> <span class='ocrx_word' id='word_1_196' title='bbox 931 2901 1017 2964; x_wconf 83' lang='lat' dir='ltr'>solet.</span> <span class='ocrx_word' id='word_1_197' title='bbox 1056 2902 1109 2963; x_wconf 85' lang='lat' dir='ltr'>Sic</span> 
     </span>
     <span class='ocr_line' id='line_1_24' title="bbox 69 2995 1108 3079; baseline 0.006 -19"><span class='ocrx_word' id='word_1_198' title='bbox 69 2999 155 3062; x_wconf 88' lang='lat' dir='ltr'>Plin.</span> <span class='ocrx_word' id='word_1_199' title='bbox 171 3012 206 3077; x_wconf 81' lang='lat'>5,</span> <span class='ocrx_word' id='word_1_200' title='bbox 226 2995 383 3076; x_wconf 81' lang='lat' dir='ltr'>13.l.12.</span> <span class='ocrx_word' id='word_1_201' title='bbox 408 3015 441 3062; x_wconf 84' lang='lat' dir='ltr'>et</span> <span class='ocrx_word' id='word_1_202' title='bbox 461 3001 616 3079; x_wconf 56' lang='lat' dir='ltr'>epuler.</span> <span class='ocrx_word' id='word_1_203' title='bbox 630 2999 653 3064; x_wconf 84' lang='lat' dir='ltr'>f.</span> <span class='ocrx_word' id='word_1_204' title='bbox 681 3003 794 3066; x_wconf 84' lang='lat' dir='ltr'>Cicero</span> <span class='ocrx_word' id='word_1_205' title='bbox 810 3005 848 3066; x_wconf 86' lang='lat' dir='ltr'>ed</span> <span class='ocrx_word' id='word_1_206' title='bbox 863 3005 957 3068; x_wconf 78' lang='grc' dir='ltr'>Αιιὶι.</span> <span class='ocrx_word' id='word_1_207' title='bbox 977 3022 1031 3072; x_wconf 92' lang='grc' dir='ltr'>ιι,</span> <span class='ocrx_word' id='word_1_208' title='bbox 1049 3018 1108 3066; x_wconf 81' lang='lat'>20.</span> 
     </span>
     <span class='ocr_line' id='line_1_25' title="bbox 70 3096 1109 3188; baseline 0.004 -28"><span class='ocrx_word' id='word_1_209' title='bbox 70 3099 212 3164; x_wconf 82' lang='lat' dir='ltr'>Prolem.</span> <span class='ocrx_word' id='word_1_210' title='bbox 230 3111 263 3178; x_wconf 85' lang='lat'>5,</span> <span class='ocrx_word' id='word_1_211' title='bbox 292 3111 347 3178; x_wconf 84' lang='lat'>¹5·</span> <span class='ocrx_word' id='word_1_212' title='bbox 380 3103 532 3185; x_wconf 81' lang='lat' dir='ltr'>Steplrao.</span> <span class='ocrx_word' id='word_1_213' title='bbox 549 3103 570 3168; x_wconf 89' lang='lat' dir='ltr'>l.</span> <span class='ocrx_word' id='word_1_214' title='bbox 586 3125 618 3166; x_wconf 83' lang='lat' dir='ltr'>v.</span> <span class='ocrx_word' id='word_1_215' title='bbox 641 3096 782 3188; x_wconf 78' lang='grc' dir='ltr'>Φᾶλγα,</span> <span class='ocrx_word' id='word_1_216' title='bbox 815 3124 874 3188; x_wconf 86' lang='lat' dir='ltr'>pro</span> <span class='ocrx_word' id='word_1_217' title='bbox 903 3123 967 3187; x_wconf 91' lang='lat' dir='ltr'>quo</span> <span class='ocrx_word' id='word_1_218' title='bbox 995 3103 1109 3166; x_wconf 84' lang='lat' dir='ltr'>Strabo</span> 
     </span>
     <span class='ocr_line' id='line_1_26' title="bbox 70 3194 1109 3288; baseline 0.004 -26"><span class='ocrx_word' id='word_1_219' title='bbox 70 3201 151 3264; x_wconf 82' lang='lat' dir='ltr'>dicit</span> <span class='ocrx_word' id='word_1_220' title='bbox 173 3211 229 3282; x_wconf 75' lang='lat'>¹4·</span> <span class='ocrx_word' id='word_1_221' title='bbox 250 3221 282 3283; x_wconf 93' lang='lat' dir='ltr'>p.</span> <span class='ocrx_word' id='word_1_222' title='bbox 299 3203 383 3281; x_wconf 75' lang='lat'>465.</span> <span class='ocrx_word' id='word_1_223' title='bbox 399 3201 421 3284; x_wconf 52' lang='lat' dir='ltr'>l.‚</span> <span class='ocrx_word' id='word_1_224' title='bbox 439 3205 523 3280; x_wconf 80' lang='lat'>676.</span> <span class='ocrx_word' id='word_1_225' title='bbox 557 3207 611 3269; x_wconf 84' lang='lat'>16.</span> <span class='ocrx_word' id='word_1_226' title='bbox 628 3225 659 3288; x_wconf 91' lang='lat' dir='ltr'>p.</span> <span class='ocrx_word' id='word_1_227' title='bbox 678 3207 761 3282; x_wconf 80' lang='lat'>516.</span> <span class='ocrx_word' id='word_1_228' title='bbox 781 3203 800 3266; x_wconf 88' lang='lat' dir='ltr'>l.</span> <span class='ocrx_word' id='word_1_229' title='bbox 822 3216 905 3286; x_wconf 76' lang='lat'>749.</span> <span class='ocrx_word' id='word_1_230' title='bbox 927 3194 1109 3268; x_wconf 81' lang='grc' dir='ltr'>Σελεύκεια</span> 
     </span>
     <span class='ocr_line' id='line_1_27' title="bbox 72 3295 1110 3392; baseline 0.003 -27"><span class='ocrx_word' id='word_1_231' title='bbox 72 3295 143 3386; x_wconf 72' lang='grc' dir='ltr'>ἢέν</span> <span class='ocrx_word' id='word_1_232' title='bbox 167 3299 301 3387; x_wconf 78' lang='grc' dir='ltr'>Πιερίᾳ,</span> <span class='ocrx_word' id='word_1_233' title='bbox 332 3315 365 3364; x_wconf 81' lang='grc' dir='ltr'>ιι</span> <span class='ocrx_word' id='word_1_234' title='bbox 384 3303 424 3366; x_wconf 77' lang='lat' dir='ltr'>lic</span> <span class='ocrx_word' id='word_1_235' title='bbox 445 3307 478 3366; x_wconf 91' lang='lat' dir='ltr'>in</span> <span class='ocrx_word' id='word_1_236' title='bbox 501 3307 611 3368; x_wconf 79' lang='lat' dir='ltr'>numia</span> <span class='ocrx_word' id='word_1_237' title='bbox 642 3307 752 3369; x_wconf 78' lang='lat' dir='ltr'>multis</span> <span class='ocrx_word' id='word_1_238' title='bbox 780 3307 898 3392; x_wconf 78' lang='lat' dir='ltr'>legitur</span> <span class='ocrx_word' id='word_1_239' title='bbox 920 3303 1110 3369; x_wconf 72' lang='grc' dir='ltr'>Σελιυκεων</span> 
     </span>
     <span class='ocr_line' id='line_1_28' title="bbox 72 3403 1109 3491; baseline 0.001 -26"><span class='ocrx_word' id='word_1_240' title='bbox 72 3425 136 3466; x_wconf 78' lang='grc' dir='ltr'>των</span> <span class='ocrx_word' id='word_1_241' title='bbox 162 3425 195 3466; x_wconf 82' lang='lat' dir='ltr'>ev</span> <span class='ocrx_word' id='word_1_242' title='bbox 218 3403 341 3490; x_wconf 76' lang='grc' dir='ltr'>Πιεριᾳ.</span> <span class='ocrx_word' id='word_1_243' title='bbox 392 3405 584 3491; x_wconf 83' lang='lat' dir='ltr'>Cognornen</span> <span class='ocrx_word' id='word_1_244' title='bbox 606 3407 668 3469; x_wconf 86' lang='lat' dir='ltr'>hoo</span> <span class='ocrx_word' id='word_1_245' title='bbox 691 3407 792 3468; x_wconf 82' lang='lat' dir='ltr'>rulille</span> <span class='ocrx_word' id='word_1_246' title='bbox 813 3409 973 3470; x_wconf 84' lang='lat' dir='ltr'>videtura</span> <span class='ocrx_word' id='word_1_247' title='bbox 995 3407 1109 3478; x_wconf 82' lang='lat' dir='ltr'>Pieria.</span> 
     </span>
     <span class='ocr_line' id='line_1_29' title="bbox 71 3505 1110 3592; baseline 0.001 -24"><span class='ocrx_word' id='word_1_248' title='bbox 71 3505 183 3584; x_wconf 77' lang='lat' dir='ltr'>syriae</span> <span class='ocrx_word' id='word_1_249' title='bbox 200 3518 330 3575; x_wconf 84' lang='lat' dir='ltr'>monte.</span> <span class='ocrx_word' id='word_1_250' title='bbox 356 3525 453 3587; x_wconf 89' lang='lat' dir='ltr'>quem</span> <span class='ocrx_word' id='word_1_251' title='bbox 473 3507 512 3568; x_wconf 85' lang='lat' dir='ltr'>sro</span> <span class='ocrx_word' id='word_1_252' title='bbox 527 3505 685 3570; x_wconf 83' lang='lat' dir='ltr'>feminino</span> <span class='ocrx_word' id='word_1_253' title='bbox 705 3527 822 3592; x_wconf 85' lang='lat' dir='ltr'>genere</span> <span class='ocrx_word' id='word_1_254' title='bbox 844 3509 981 3572; x_wconf 86' lang='lat' dir='ltr'>efferunt</span> <span class='ocrx_word' id='word_1_255' title='bbox 997 3507 1110 3572; x_wconf 76' lang='lat' dir='ltr'>Strabo</span> 
     </span>
     <span class='ocr_line' id='line_1_30' title="bbox 77 3601 1163 3699; baseline 0.006 -34"><span class='ocrx_word' id='word_1_256' title='bbox 77 3607 133 3669; x_wconf 87' lang='grc' dir='ltr'>ι6.</span> <span class='ocrx_word' id='word_1_257' title='bbox 157 3627 190 3689; x_wconf 89' lang='lat' dir='ltr'>p.</span> <span class='ocrx_word' id='word_1_258' title='bbox 210 3617 295 3684; x_wconf 86' lang='lat'>517.</span> <span class='ocrx_word' id='word_1_259' title='bbox 312 3603 333 3668; x_wconf 88' lang='lat' dir='ltr'>l.</span> <span class='ocrx_word' id='word_1_260' title='bbox 351 3619 436 3684; x_wconf 79' lang='lat'>751.</span> <span class='ocrx_word' id='word_1_261' title='bbox 469 3609 722 3685; x_wconf 67' lang='lat' dir='ltr'>Ptolemaeuufi.</span> <span class='ocrx_word' id='word_1_262' title='bbox 744 3623 798 3687; x_wconf 80' lang='lat'>15.</span> <span class='ocrx_word' id='word_1_263' title='bbox 829 3623 861 3673; x_wconf 87' lang='lat' dir='ltr'>et</span> <span class='ocrx_word' id='word_1_264' title='bbox 884 3602 957 3699; x_wconf 77' lang='grc' dir='ltr'><strong><em>ὅρος</em></strong></span> <span class='ocrx_word' id='word_1_265' title='bbox 978 3607 1113 3694; x_wconf 78' lang='grc' dir='ltr'>συνεχὲς</span> <span class='ocrx_word' id='word_1_266' title='bbox 1157 3601 1163 3627; x_wconf 79' lang='lat'><strong><em>‘</em></strong></span> 
     </span>
     <span class='ocr_line' id='line_1_31' title="bbox 72 3701 1112 3795; baseline 0.004 -27"><span class='ocrx_word' id='word_1_267' title='bbox 72 3706 124 3788; x_wconf 68' lang='grc' dir='ltr'>τῷ</span> <span class='ocrx_word' id='word_1_268' title='bbox 144 3701 278 3794; x_wconf 76' lang='grc' dir='ltr'>’Δμιένῳ</span> <span class='ocrx_word' id='word_1_269' title='bbox 300 3707 379 3768; x_wconf 87' lang='lat' dir='ltr'>dicit</span> <span class='ocrx_word' id='word_1_270' title='bbox 400 3707 525 3772; x_wconf 86' lang='lat' dir='ltr'>Strabo.</span> <span class='ocrx_word' id='word_1_271' title='bbox 578 3710 658 3771; x_wconf 86' lang='lat' dir='ltr'>Inde</span> <span class='ocrx_word' id='word_1_272' title='bbox 685 3723 718 3770; x_wconf 88' lang='lat' dir='ltr'>et</span> <span class='ocrx_word' id='word_1_273' title='bbox 749 3711 839 3795; x_wconf 85' lang='lat' dir='ltr'>regio</span> <span class='ocrx_word' id='word_1_274' title='bbox 865 3713 973 3792; x_wconf 81' lang='lat' dir='ltr'>Syriae</span> <span class='ocrx_word' id='word_1_275' title='bbox 1003 3713 1112 3772; x_wconf 81' lang='lat' dir='ltr'>Pierio</span> 
     </span>
     <span class='ocr_line' id='line_1_32' title="bbox 74 3805 1112 3892; baseline 0.004 -24"><span class='ocrx_word' id='word_1_276' title='bbox 74 3821 187 3870; x_wconf 78' lang='lat' dir='ltr'>voerta</span> <span class='ocrx_word' id='word_1_277' title='bbox 202 3807 253 3878; x_wconf 85' lang='lat' dir='ltr'>eil,</span> <span class='ocrx_word' id='word_1_278' title='bbox 279 3805 335 3868; x_wconf 80' lang='lat' dir='ltr'>erfi</span> <span class='ocrx_word' id='word_1_279' title='bbox 350 3809 460 3872; x_wconf 82' lang='lat' dir='ltr'>Strabo</span> <span class='ocrx_word' id='word_1_280' title='bbox 476 3811 530 3874; x_wconf 81' lang='lat'>16.</span> <span class='ocrx_word' id='word_1_281' title='bbox 546 3830 578 3892; x_wconf 88' lang='lat' dir='ltr'>p.</span> <span class='ocrx_word' id='word_1_282' title='bbox 595 3809 712 3888; x_wconf 79' lang='lat' dir='ltr'>516.l.</span> <span class='ocrx_word' id='word_1_283' title='bbox 723 3821 808 3891; x_wconf 75' lang='lat'>749.</span> <span class='ocrx_word' id='word_1_284' title='bbox 831 3812 943 3876; x_wconf 87' lang='lat' dir='ltr'>urbem</span> <span class='ocrx_word' id='word_1_285' title='bbox 959 3814 991 3873; x_wconf 93' lang='lat' dir='ltr'>in</span> <span class='ocrx_word' id='word_1_286' title='bbox 1006 3813 1112 3875; x_wconf 81' lang='lat' dir='ltr'>Seleu·</span> 
     </span>
     <span class='ocr_line' id='line_1_33' title="bbox 74 3909 1111 3996; baseline 0.006 -28"><span class='ocrx_word' id='word_1_287' title='bbox 74 3909 154 3972; x_wconf 83' lang='lat' dir='ltr'>oidia</span> <span class='ocrx_word' id='word_1_288' title='bbox 174 3909 316 3991; x_wconf 70' lang='lat' dir='ltr'>regionis</span> <span class='ocrx_word' id='word_1_289' title='bbox 338 3911 485 3993; x_wconf 81' lang='lat' dir='ltr'>tetrapoli</span> <span class='ocrx_word' id='word_1_290' title='bbox 507 3912 612 3996; x_wconf 83' lang='lat' dir='ltr'>ponit.</span> <span class='ocrx_word' id='word_1_291' title='bbox 662 3911 837 3974; x_wconf 84' lang='lat' dir='ltr'>Seleucidla</span> <span class='ocrx_word' id='word_1_292' title='bbox 860 3926 967 3976; x_wconf 86' lang='lat' dir='ltr'>tamen</span> <span class='ocrx_word' id='word_1_293' title='bbox 988 3925 1111 3995; x_wconf 78' lang='lat' dir='ltr'>partem</span> 
     </span>
     <span class='ocr_line' id='line_1_34' title="bbox 73 4007 1111 4100; baseline 0.002 -30"><span class='ocrx_word' id='word_1_294' title='bbox 73 4011 170 4072; x_wconf 81' lang='lat' dir='ltr'>etiam</span> <span class='ocrx_word' id='word_1_295' title='bbox 183 4009 323 4072; x_wconf 85' lang='lat' dir='ltr'>Pieriam</span> <span class='ocrx_word' id='word_1_296' title='bbox 343 4007 463 4082; x_wconf 84' lang='lat' dir='ltr'>ieoille.</span> <span class='ocrx_word' id='word_1_297' title='bbox 497 4029 592 4074; x_wconf 86' lang='lat' dir='ltr'>vooee</span> <span class='ocrx_word' id='word_1_298' title='bbox 612 4007 643 4076; x_wconf 83' lang='grc' dir='ltr'>ἐν</span> <span class='ocrx_word' id='word_1_299' title='bbox 659 4009 774 4100; x_wconf 72' lang='grc' dir='ltr'>Πιερίᾳ</span> <span class='ocrx_word' id='word_1_300' title='bbox 791 4013 930 4076; x_wconf 80' lang='lat' dir='ltr'>indicere</span> <span class='ocrx_word' id='word_1_301' title='bbox 951 4014 1111 4084; x_wconf 85' lang='lat' dir='ltr'>videntur,</span> 
     </span>
     <span class='ocr_line' id='line_1_35' title="bbox 75 4109 1113 4202; baseline 0.002 -28"><span class='ocrx_word' id='word_1_302' title='bbox 75 4129 151 4174; x_wconf 82' lang='lat' dir='ltr'>eum</span> <span class='ocrx_word' id='word_1_303' title='bbox 182 4111 221 4174; x_wconf 84' lang='lat' dir='ltr'>ad</span> <span class='ocrx_word' id='word_1_304' title='bbox 254 4123 403 4175; x_wconf 84' lang='lat' dir='ltr'>montem</span> <span class='ocrx_word' id='word_1_305' title='bbox 435 4113 494 4175; x_wconf 79' lang='lat' dir='ltr'>elia</span> <span class='ocrx_word' id='word_1_306' title='bbox 522 4109 624 4178; x_wconf 80' lang='lat' dir='ltr'>formu</span> <span class='ocrx_word' id='word_1_307' title='bbox 657 4110 767 4178; x_wconf 79' lang='lat' dir='ltr'>referri</span> <span class='ocrx_word' id='word_1_308' title='bbox 798 4112 960 4180; x_wconf 83' lang='lat' dir='ltr'>debuillet.</span> <span class='ocrx_word' id='word_1_309' title='bbox 1013 4113 1113 4202; x_wconf 85' lang='lat' dir='ltr'>Quod</span> 
     </span>
    </p>
   </div>
   <div class='ocr_carea' id='block_1_5' title="bbox 0 0 1445 4946">
    <p class='ocr_par' dir='ltr' id='par_1_5' title="bbox 0 0 1445 4946">
     <span class='ocr_line' id='line_1_36' title="bbox 0 0 1445 4946; baseline 0 0"><span class='ocrx_word' id='word_1_310' title='bbox 0 0 1445 4946; x_wconf 95' lang='lat' dir='ltr'> </span> 
     </span>
    </p>
   </div>
  </div>
 </body>
</html>
