2828 4966
349 397 391 462 50
619 387 778 446 noran
821 386 1122 445 execarrcaa

348 576 383 624 et
395 553 539 650 frontes.
587 563 639 625 Sic
661 552 805 650 frontem
830 575 923 622 vocat
947 581 1017 622 eam
1037 563 1193 646 regionis,
1228 561 1296 624 loci
1331 580 1375 642 pa

349 675 428 732 tem.
454 684 532 745 quae
557 665 646 734 mari,
673 665 706 723 iu
728 683 792 745 qno
814 661 938 725 curium
959 667 1033 748 agit.
1060 663 1248 733 obiectaett.
1275 661 1375 722 later

349 785 408 846 qua
431 767 463 826 in
486 767 652 846 obliquum
676 765 726 824 illa
751 767 973 838 invertuntur;
1009 768 1096 847 quod
1121 779 1269 849 apertum
1293 763 1344 824 ett

349 867 383 933 6.
404 882 435 942 5.
461 869 495 926 in
512 867 687 929 Lusitaniae
704 865 931 949 descriptione;
954 879 986 927 et
1003 868 1041 928 stc
1056 882 1087 942 3.
1110 889 1137 937 ι,
1158 883 1190 944 7.
1216 865 1258 926 rle
1276 867 1371 925 eade

341 961 444 1058 frons
466 981 497 1029 et
507 962 628 1056 sternar.
679 969 732 1030 sic
749 982 780 1043 5,
803 991 831 1038 ι,
851 983 883 1042 5.
907 987 964 1028 ora
981 969 1133 1028 Baeticae
1146 958 1291 1056 frontis.
1343 968 1375 1030 C

351 1085 384 1144 5,
409 1071 525 1132 ro.in.
557 1089 586 1138 9,
609 1084 642 1145 5,
666 1083 698 1144 5.
752 1068 928 1130 Mastusiam
946 1085 978 1148 9,
1002 1087 1033 1140 9,
1056 1085 1089 1142 7.
1107 1061 1257 1158 frontem
1282 1087 1375 1128 voca

349 1191 429 1252 quae
452 1172 520 1232 aliie
544 1171 586 1232 eil
605 1172 878 1252 promontorium,
905 1171 953 1230 uti
977 1171 1013 1231 fit
1033 1184 1139 1252 aperte
1160 1192 1187 1238 r.
1208 1181 1240 1244 5,
1262 1187 1293 1230 a.
1339 1171 1375 1232 C

348 1271 433 1335 volt.
449 1273 488 1333 ad
506 1287 537 1348 3.
554 1285 586 1348 8,
604 1273 644 1350 6.ι
660 1283 692 1332 et
705 1273 851 1332 l’erizon.
864 1271 902 1331 ad
924 1295 951 1338 1.
975 1286 1028 1346 13,
1051 1294 1080 1334 t.
1116 1273 1159 1331 Et
1175 1271 1214 1332 irc
1233 1272 1274 1331 de
1292 1291 1375 1332 mor

346 1373 450 1441 tibus.
477 1375 532 1454 qui
547 1386 633 1436 recto
654 1375 776 1454 impetu
798 1385 986 1453 extentaque
1003 1369 1102 1432 forma
1123 1372 1161 1432 ad
1185 1373 1313 1456 plagam
1337 1375 1375 1434 al

347 1496 441 1557 quarn
467 1476 519 1537 vel
543 1488 655 1536 terram
673 1476 895 1558 porriguntur,
920 1478 969 1534 uti
985 1475 1024 1534 ‹le
1039 1475 1203 1553 Pyrenaeo
1229 1491 1260 1543 9,
1285 1475 1321 1535 6.
1342 1477 1375 1536 ir

345 1577 401 1637 ubi
425 1574 512 1640 frona
534 1577 567 1636 in
596 1590 690 1638 terrae
711 1578 925 1646 convertitur,
958 1577 1052 1637 latera
1076 1573 1181 1636 verius
1203 1595 1291 1636 mare
1314 1597 1375 1658 pr<

346 1679 475 1740 cedunt.
539 1679 577 1738 ln
610 1679 706 1740 latere
741 1677 828 1738 enim
866 1677 909 1738 ett
941 1677 1025 1738 linea
1062 1671 1307 1760 progrelllonis‚
1359 1681 1373 1738 i

346 1775 451 1841 fronte
472 1774 696 1863 progreffionia
713 1779 853 1840 initium.
887 1774 939 1841 Cf.
955 1779 992 1838 ad
1015 1796 1044 1844 9,
1063 1793 1094 1853 5,
1112 1794 1145 1852 7.
1191 1778 1277 1838 Hinc
1296 1776 1375 1840 fron

345 1881 447 1962 potell
466 1880 525 1942 elle
546 1880 679 1966 angusta,
707 1894 744 1940 ut
760 1879 902 1942 Arabiae.
954 1881 1040 1940 Tum
1058 1899 1134 1940 vero
1152 1877 1238 1940 frons
1255 1881 1320 1940 alio
1338 1901 1375 1944 re

344 1979 451 2063 spectu
467 1995 498 2042 et
520 1979 733 2066 progreffione
754 1980 855 2064 potest
873 1981 967 2042 etiam
988 1979 1047 2041 effe
1065 1981 1190 2061 dicique
1205 1980 1303 2049 latus.
1335 1997 1375 2042 nt

344 2084 535 2167 praecedens
555 2097 630 2144 uota
652 2085 746 2144 etiarn
768 2097 851 2142 recte
873 2083 1052 2144 declaravit.
1103 2083 1155 2145 Sic
1174 2080 1261 2142 auae
1276 2073 1375 2170 fron

346 2187 464 2246 dicitur
485 2181 564 2244 infra
581 2185 610 2264 5.
631 2201 662 2246 9.
677 2185 715 2244 ad
733 2181 974 2263 Hellespontum
992 2197 1024 2243 et
1045 2205 1073 2252 ι,
1097 2193 1149 2260 ¹8·
1167 2197 1245 2244 extr.
1263 2183 1375 2246 latero

346 2284 397 2350 Cf.
415 2285 480 2346 loca
496 2287 558 2344 iant
579 2296 783 2346 antenotata.
816 2286 869 2345 Sic
886 2299 917 2344 et
937 2285 1000 2346 alii.
1053 2285 1225 2361 Dionyliua
1242 2305 1273 2342 v.
1294 2299 1375 2363 242

344 2389 489 2470 Aegypto
511 2385 563 2444 dat
578 2380 708 2472 τρισσοῖς
730 2379 887 2470 πλευρὰς,
918 2403 1056 2467 proquo
1074 2385 1228 2465 margines
1244 2385 1375 2448 loterun

345 2502 450 2550 ternos
474 2485 550 2546 dicit
572 2485 718 2547 Priscian.
736 2507 768 2547 v.
788 2503 869 2564 999.
894 2499 925 2546 et
945 2487 1085 2546 Avienus
1102 2507 1133 2546 v.
1151 2487 1234 2564 364.
1258 2489 1374 2548 trinan

337 2579 500 2680 frontem,
524 2587 580 2647 ubi
596 2585 635 2648 ci.
651 2587 812 2649 Schrader.
866 2589 1016 2646 'l'racturn
1033 2600 1140 2648 tamen
1156 2589 1328 2648 incurvum
1347 2609 1369 2649 e

344 2689 428 2752 finus
444 2689 609 2750 excludere
625 2687 763 2750 videtur.
802 2689 873 2748 via.
891 2685 969 2747 infra
986 2691 1014 2765 §.
1037 2705 1068 2750 9.
1090 2687 1161 2747 dein
1175 2685 1223 2778 sit
1239 2691 1374 2750 venient

344 2788 480 2854 odviam.
532 2789 609 2850 atita
631 2789 736 2850 verbis
758 2785 896 2848 frontem
920 2802 952 2849 et
973 2788 1052 2848 latua
1078 2811 1105 2856 1.
1132 2805 1185 2867 ra,
1204 2799 1238 2867 4.
1262 2791 1300 2848 lic
1324 2793 1374 2852 aa

344 2889 465 2952 scribite
497 2889 580 2950 Inde
595 2893 658 2952 iam
675 2910 737 2951 uon
757 2887 884 2974 obliqua
900 2889 1033 2972 pelago,
1051 2879 1114 2980 [ed
1136 2883 1269 2982 adverso
1285 2891 1374 2954 adita

342 3011 414 3053 cens
435 2986 524 3082 Asta.

417 3185 561 3286 verso)
611 3175 665 3256 Sic
685 3207 718 3270 3.
746 3215 774 3263 r.
799 3204 832 3269 5.
868 3209 1080 3254 ciaccourve.
1134 3192 1259 3255 Orofiua
1281 3215 1308 3264 ι,
1337 3214 1373 3262 9.

340 3319 397 3381 per
419 3307 523 3358 totam
548 3291 720 3384 transversi
750 3294 878 3374 plagam
912 3295 1055 3354 Orientis
1080 3295 1265 3356 extenditur.
1318 3299 1373 3360 De

341 3398 407 3482 ipio
421 3399 491 3459 ‘hoc
510 3397 600 3458 verbi
623 3394 679 3454 ulu
701 3397 801 3456 multa
824 3396 885 3477 legi
914 3395 1040 3475 poliunt
1059 3396 1094 3454 ad
1117 3397 1225 3458 Vellei.
1249 3397 1315 3459 Vol.
1335 3416 1373 3462 9.

341 3523 373 3582 p.
401 3499 505 3560 1116.
532 3498 582 3558 ed.
606 3495 741 3560 lluhnk.
800 3493 851 3560 Cf.
881 3499 977 3558 etlam
1003 3497 1180 3580 Longolius
1205 3497 1242 3558 ad
1266 3499 1373 3562 Taciti

342 3601 491 3662 German.
516 3619 548 3681 p.
569 3609 603 3676 5.

413 3822 430 3860 e
457 3791 639 3890 furrdit)
689 3799 801 3882 Longe
826 3799 1016 3881 porrigitur,
1053 3800 1243 3864 extenditur.
1282 3799 1369 3866 lnfra

271 3925 281 3940 ⁸
340 3905 370 3982 §.
391 3916 424 3977 5.
444 3901 609 3984 coniungit
633 3899 845 3978 impedere,
877 3904 922 3958 uti
949 3899 1049 3960 solent
1071 3915 1213 3962 auctores
1242 3906 1370 3983 proprio

342 4003 443 4066 verbo
460 4003 620 4082 tropicum
641 4003 817 4074 adnectere,
841 4013 873 4064 et
894 4015 1011 4074 contra,
1037 4001 1076 4063 ad
1097 4003 1370 4085 amplificationem

343 4117 377 4169 et
399 4103 619 4168 variationem.
