2764 4954
179 427 235 486 rtt
261 425 399 484 Ponte.
431 377 537 482 met.
579 427 660 482 L.1.
703 426 809 484 dlx.
852 425 931 502 49.
1016 439 1079 506 319

35 621 92 684 per
111 599 314 664 Pelufiacum
337 599 463 662 ollium.
516 599 669 662 Tentavit
690 617 726 660 ea
747 599 911 662 Salmaliue
928 617 955 661 c.
975 599 996 660 1.
1027 596 1078 660 led

37 721 102 764 non
119 701 205 772 satie,
231 703 358 784 opinor,
384 699 515 764 [enavit.
566 698 681 764 Seniue
699 699 751 760 hic
769 698 886 762 inbelle
903 698 1016 770 debet,
1041 711 1079 760 nt

37 805 114 865 ordo
137 803 358 867 constituatur.
411 803 459 864 Ad
476 801 568 864 Delta
586 801 681 864 Nilne
703 802 736 861 in
760 801 842 862 dune
866 803 973 862 alveoe
996 801 1079 862 divi·

38 905 140 974 ditur,
171 923 308 985 quorum
324 923 419 974 unue,
444 897 573 988 α’γαθός
593 899 725 992 δαίμων,
751 905 889 963 excurrit
909 921 964 982 per
981 903 1077 964 llere·

38 1005 207 1068 deminum
225 1003 246 1067 l.
262 1004 464 1086 Canopicum
485 1005 610 1075 ollium,
636 1005 722 1072 alter,
750 1003 853 1082 dictur
868 1003 1077 1074 Bubelliacue,

38 1127 90 1188 per
106 1106 320 1169 Pelusiacum.
373 1107 458 1166 Hinc
476 1125 535 1189 pro
561 1103 603 1179 εἷς
622 1099 679 1169 τὸν
700 1093 903 1194 καλούμενον
926 1103 1078 1186 -quod

37 1221 148 1267 natum
172 1205 217 1268 eil
235 1227 274 1268 ex
294 1204 445 1289 superiori
466 1207 567 1268 verbo
588 1201 684 1294 ῥέων,
718 1207 799 1268 male
818 1207 880 1267 huc
900 1223 1079 1268 accommo-

38 1310 130 1378 dato,
163 1307 338 1391 legendum
360 1307 403 1369 eil
426 1301 479 1370 >toi
503 1303 519 1370 d
543 1298 760 1398 καλούμενος,
791 1320 824 1370 et
844 1325 903 1388 pro
923 1299 976 1368 καὶ
999 1301 1078 1394 ῥέων

37 1429 109 1468 cum
126 1407 280 1471 Salmafiu
300 1405 424 1490 ἑκρὲων.
477 1409 658 1470 niaximum
679 1427 756 1470 vero
773 1407 835 1470 hoc
855 1408 968 1470 ostium
984 1421 1078 1469 vocat

37 1511 155 1571 Senem
181 1524 287 1573 natur.
305 1511 420 1594 Q¹¹·lts
441 1531 470 1574 1.
518 1508 648 1572 Diversa
675 1523 780 1571 tamen
804 1509 886 1572 male
911 1511 1078 1592 componit

37 1611 155 1674 Lucan.
173 1622 206 1688 3,
225 1621 309 1692 543.
333 1612 411 1672 dum
427 1607 624 1702 Pelufioenm
644 1611 810 1692 Canopum
833 1611 924 1672 dixit.

109 1775 398 1861 Bolbiticum)
449 1779 527 1842 Aliis
542 1773 737 1854 Βολβίτινον
759 1774 886 1870 στόμα,
911 1792 948 1840 ut
970 1779 1077 1842 Ptole·

39 1899 127 1940 maeo
144 1888 180 1957 4,
202 1893 238 1956 5.
266 1881 306 1942 de
325 1901 387 1962 quo
410 1882 475 1941 dixi
494 1883 529 1942 in
546 1883 632 1943 notis
647 1883 779 1958 criticis,
805 1902 822 1943 a
839 1882 975 1943 finitima
996 1880 1076 1942 urbe

35 1978 211 2042 Bolbitine.
263 1981 351 2052 Hoc,
383 1995 418 2041 ut
445 1981 688 2062 supranotati,
723 2003 839 2053 manu,
874 2001 939 2044 non
965 1996 1076 2042 natura

35 2081 157 2142 factum
175 2080 255 2140 dicit
268 2081 453 2144 Herodotus
470 2100 502 2154 2,
525 2097 579 2158 17.
608 2084 720 2145 Exibat
736 2085 769 2144 in
784 2083 863 2143 illud
882 2081 959 2164 Taly
973 2085 1076 2144 amnie

35 2204 72 2244 ex
97 2181 179 2242 Nilo
204 2183 370 2244 deductus.
398 2181 622 2266 (Ptolemaeus
639 2204 665 2246 c.
684 2183 729 2268 1.)
780 2183 889 2246 Hodie
916 2184 1076 2264 quaeritur

35 2285 141 2366 paullo
176 2280 259 2344 infra
290 2285 403 2346 urbem
433 2277 787 2376 Rasclaidl.1losetto.
832 2283 883 2349 Cf.
908 2285 1075 2347 d’Anville

35 2407 64 2466 p.
79 2387 141 2466 76.
159 2403 188 2446 c.
205 2383 229 2446 l.
255 2385 305 2445 cui
327 2398 455 2468 propter
470 2387 581 2448 rudera
599 2383 772 2447 adsentitur
793 2387 910 2466 Savary
925 2389 1021 2447 Tom.
1043 2407 1072 2448 r.

33 2509 63 2567 p.
79 2495 142 2568 47.
172 2497 282 2546 contre
299 2485 439 2558 Maillet‚
470 2489 525 2568 qui
547 2501 712 2569 putaverat
734 2487 921 2570 Canopum,
948 2488 1075 2572 lougius

33 2587 108 2648 hinc
130 2587 297 2658 diuinum,
330 2587 389 2648 ubi
408 2587 442 2650 h.
460 2589 503 2652 ell
519 2584 645 2659 Abuttr,
671 2587 742 2650 latie
756 2589 857 2651 nollra
874 2602 974 2652 aetate
997 2589 1076 2650 cele·

33 2687 170 2749 bratum.

107 2853 454 2940 Sebennytieum)
480 2859 547 2948 'Ut
572 2857 698 2928 Graeci,
731 2857 769 2921 ab
795 2858 874 2921 urbe
900 2855 1073 2940 Sebennyto

33 2959 113 3040 apud
137 2959 361 3040 Stephanum,
394 2961 449 3041 qui
464 2961 579 3028 eodem
601 2962 697 3022 etiam
714 2961 847 3022 nomine
867 2973 898 3022 et
919 2961 1022 3020 lacum
1040 2971 1075 3020 et

35 3060 172 3121 fluvium
189 3061 293 3122 novit.
347 3059 537 3143 Sebennytos
553 3081 665 3122 iromus
679 3081 695 3122 a
712 3061 853 3141 pluribus
867 3071 1072 3122 memoratur.

33 3162 223 3222 Secundum
245 3161 468 3232 Ptolemaeum
483 3182 511 3224 c.
527 3163 551 3225 l.
573 3164 608 3222 in
631 3162 665 3222 id
691 3159 792 3222 ellluit
816 3161 1073 3224 Thermutlaiacus

33 3265 153 3334 amnie;
180 3261 453 3334 aunemundo,
473 3278 527 3340 17.
548 3283 605 3344 per
624 3263 768 3325 medium
784 3265 877 3325 Delta
893 3261 1071 3323 deducitur.

33 3363 139 3425 Hodie
163 3381 264 3444 prope
286 3362 399 3424 urbem
423 3363 597 3424 Semennuel
612 3361 634 3424 l.
653 3363 834 3434 Samanud,
867 3381 925 3444 pro
946 3361 1073 3423 dialecti

30 3467 164 3535 ratione,
184 3484 202 3524 a
219 3463 407 3544 quibuedam
424 3465 607 3526 ostenditur.
634 3461 685 3526 Cl.
703 3463 863 3526 d'rlnville
880 3485 912 3546 p.
929 3474 988 3540 85.
1006 3481 1034 3526 c.
1050 3463 1073 3526 l.

30 3567 147 3646 Savary
165 3565 207 3628 T.
225 3585 254 3627 ι.
270 3585 302 3646 p.
316 3576 400 3641 228.
427 3563 528 3627 Aliter
542 3580 648 3626 tamen
662 3565 790 3626 videtur
804 3563 966 3627 Pocockio
982 3565 1022 3627 T.
1040 3582 1072 3627 1.

29 3688 58 3749 p.
76 3679 138 3748 34.
166 3666 223 3748 qui
245 3666 376 3750 longiue
391 3665 430 3728 ab
445 3665 523 3729 ollio
538 3667 594 3729 illc
613 3683 716 3749 prope
738 3665 850 3728 Nilum
867 3686 937 3728 eam
958 3663 1072 3728 urbem

29 3775 130 3850 ponit.

100 3935 445 4018 Patdmeticum)
502 3937 571 4008 Sic,
601 3931 839 4027 Παθμητικόν,
870 3936 1072 4000 Ptolemaeus

31 4049 61 4120 4,
76 4056 109 4120 5.
138 4041 206 4104 Alii
222 4041 281 4101 alia
296 4037 399 4101 forma
412 4037 594 4120 proferunt:
618 4039 731 4102 Strabo
745 4053 800 4113 17.
817 4057 850 4118 p.
862 4049 945 4114 55¹·
956 4035 976 4098 l.
987 4049 1072 4114 80¹·

30 4143 134 4222 Scylax
152 4163 186 4226 p.
208 4151 271 4226 45.
288 4137 389 4204 ttuur.
409 4134 589 4214 Φατνικόνς
616 4141 750 4204 Diodor.
769 4139 833 4202 Sic.
857 4159 884 4210 r,
905 4151 962 4218 53.
986 4137 1073 4199 Φατ-
