2828 4966
314 441 336 506 6
584 441 745 530 NQTAE
785 441 1087 496 EXEGETICAE

319 615 489 698 implicita,
524 611 665 685 confusa,
699 613 859 684 intricata,
892 625 931 674 ut
953 609 1114 696 perspicue
1140 611 1283 700 intelligi
1310 611 1383 674 vel

235 749 238 756 ⁴
318 717 427 804 'aperte
447 717 603 804 planeque
624 715 742 799 exponi
763 735 829 778 non
848 711 976 798 poilint.

401 915 552 1000 longa)
608 917 661 982 Sic
682 915 748 982 iere
767 917 943 980 Frontinus
964 919 997 980 in
1021 914 1119 1000 praef.
1145 915 1296 994 Longum
1320 913 1380 1008 est

325 1023 408 1085 enim
448 1020 559 1101 tragula
572 1031 603 1081 et
617 1009 739 1110 sparso
755 1040 811 1100 per
830 1011 1011 1111 immensum
1029 1040 1143 1099 corpus
1159 1016 1379 1112 hssore'nrum

325 1112 486 1218 persequi,
518 1121 574 1180 ubi
597 1121 728 1201 quidem
750 1121 788 1181 ari
809 1121 961 1182 lectorem
983 1120 1139 1210 pertinet,
1165 1117 1253 1200 quod
1277 1133 1378 1180 recte

328 1235 438 1286 contra
471 1223 670 1284 Terrnulium
707 1234 820 1282 monet
850 1219 1101 1304 Oudendorpius
1134 1219 1381 1302 comprobante

328 1343 415 1387 nexu
430 1336 463 1385 et
477 1320 575 1384 sensu.
617 1321 709 1384 idom
726 1340 820 1403 porro
836 1314 978 1416 persequi
991 1315 1031 1384 de
1047 1323 1085 1384 iia
1102 1323 1166 1382 dici
1186 1334 1288 1386 notat.
1303 1320 1381 1399 qui

329 1426 444 1486 ord’ne
480 1438 627 1484 enarrant
661 1436 696 1484 et
725 1422 900 1487 recensent.
951 1425 1003 1487 Sic
1031 1423 1141 1484 Graeci
1174 1409 1379 1492 διεξελθεῖν,

329 1447 494 1596 anagnin,
528 1544 607 1606 quae
630 1521 702 1585 lunt
724 1537 812 1586 nota.
862 1521 976 1588 Paffim
1004 1539 1112 1586 tamon
1139 1523 1238 1584 iidem
1269 1523 1381 1583 etiam

331 1620 456 1688 διώκειν
479 1645 551 1686 com
573 1625 708 1695 Latinio,
738 1625 787 1684 uti
810 1627 991 1707 Xenophon
1013 1625 1167 1686 Mernorr.
1190 1639 1223 1693 2,
1250 1643 1279 1692 ι,
1306 1631 1376 1701 54.

332 1727 407 1806 (etii
422 1727 551 1808 qnidam
572 1727 684 1787 malint
706 1721 853 1804 διοικεῖν)
883 1726 1042 1790 Plutarch.
1058 1727 1098 1789 dc
1121 1725 1261 1790 diacrim.
1281 1723 1379 1789 adul.

331 1861 383 1880 .-
408 1849 442 1913 p.
469 1836 549 1912 ¹8¹5·
576 1825 667 1915 (Vol.
684 1827 718 1890 6.
739 1825 845 1912 Lipt.)

343 2048 346 2057 ·
410 2029 533 2110 longa
541 2027 560 2111 )
607 2029 742 2112 Propter
764 2028 952 2092 immensam
972 2049 1079 2092 rerum
1101 2027 1294 2090 obiecturum
1320 2045 1381 2089 eo-

333 2131 438 2220 plam,
470 2131 557 2192 unde
579 2123 734 2214 magnum
764 2131 921 2192 uolumen
946 2126 1042 2214 poffit
1064 2131 1195 2200 coniici;
1230 2142 1261 2190 at
1283 2128 1379 2200 hinc,

335 2246 469 2320 propter
483 2231 668 2318 perplexum
685 2231 841 2302 ordinem,
865 2251 904 2296 eo
922 2232 1023 2318 magio
1042 2228 1205 2293 fastidiosa.

416 2427 615 2514 benigna)
665 2430 917 2516 Ahhominibue
932 2433 969 2495 arl
986 2453 1035 2496 ree
1053 2431 1212 2495 transferri
1230 2429 1314 2499 folet.
1337 2443 1378 2494 et

340 2531 491 2616 fignificat
511 2535 555 2604 id,
580 2531 668 2615 quod
687 2534 808 2618 largum
824 2534 875 2605 est.
902 2535 1039 2604 liberale,
1066 2536 1240 2602 abundant.
1265 2533 1380 2614 copio-

342 2631 423 2703 sum,
446 2629 558 2704 fertile,
584 2635 633 2694 uti
655 2634 749 2696 clocet
770 2637 923 2719 exemplis
943 2637 1073 2718 Vulpiun
1094 2637 1133 2696 ari
1154 2633 1319 2696 Tibullum
1340 2653 1375 2706 1,

344 2747 378 2814 5.
405 2735 463 2798 62.
505 2735 559 2798 Sic
581 2734 637 2798 Gr.
667 2726 826 2816 ἄφθονος.
877 2737 963 2798 Hinc
990 2757 1065 2818 ager
1093 2736 1191 2799 Ovid.
1214 2735 1377 2806 Annona,

350 2855 406 2904 ιο.
424 2835 481 2912 56.
514 2848 599 2897 terra
621 2819 918 2919 Τίοο11.ι,5,6ο.
946 2851 1029 2921 5,,5.
1046 2837 1078 2901 6.
1107 2854 1139 2898 et
1163 2835 1280 2896 incilia.
1317 2835 1377 2898 Sic

343 2935 447 2998 noller
460 2937 499 2999 de
512 2937 645 3000 Thracia
660 2951 693 3006 ο,
712 2953 744 3008 2,
767 2957 795 3001 ι.
815 2939 901 3000 viror
916 2935 1076 3018 benignius
1089 2937 1158 3009 alie,
1181 2951 1214 2998 et
1228 2935 1266 2996 de
1283 2935 1377 2996 Mau·

239 3095 242 3106 ,
345 3037 513 3116 retania3,
542 3057 595 3108 ιο,
620 3050 653 3116 5.
672 3029 1015 3131 frugesbenigrriffime
1032 3049 1189 3118 procreat.
1240 3035 1289 3100 Cf.
1311 3039 1377 3098 viri

213 3225 217 3230 .
302 3143 309 3160 ‘
346 3137 435 3198 docti
455 3137 494 3198 ad
511 3138 620 3200 Horat.
635 3139 688 3201 od.
705 3153 737 3209 ο,
760 3151 814 3218 13.
832 3159 886 3202 ιο.
913 3139 999 3222 epist.
1021 3159 1049 3210 ι,
1071 3139 1125 3208 ι6,
1143 3150 1178 3216 8.
1204 3137 1375 3204 Schwartz.

348 3239 386 3298 ad
403 3237 500 3299 Plinii
513 3259 663 3324 panegyr.
676 3241 710 3299 in
723 3237 875 3321 subplem.
888 3240 927 3301 ad
941 3259 969 3303 c.
986 3253 1044 3318 51.
1056 3237 1076 3300 f.
1094 3259 1164 3324 pag.
1179 3260 1192 3300 ι
1205 3251 1258 3315 ι5.
1283 3239 1376 3300 item·

347 3358 409 3425 que
431 3340 580 3401 Amtzen.
603 3340 642 3400 ad
664 3359 691 3402 o.
713 3341 735 3402 l.
774 3343 892 3426 laeger.
913 3339 951 3402 ad
973 3339 1097 3409 Nazarii
1118 3359 1267 3424 panegyr.
1283 3355 1313 3408 o.
1337 3342 1375 3404 6.

345 3427 503 3501 Similiter
523 3459 601 3502 vero
620 3442 738 3504 Seneca
761 3441 800 3502 de
822 3443 865 3506 ira
891 3441 946 3503 lib.
966 3457 999 3504 ο.
1020 3444 1065 3503 in.
1092 3443 1213 3520 primus
1234 3437 1308 3500 liber
1326 3437 1376 3501 be·

347 3543 520 3620 nigrriorem
549 3539 660 3604 hairtin
687 3544 860 3606 materiem.
911 3541 1032 3605 Contra
1062 3542 1179 3603 dicitur
1208 3541 1371 3620 malignus.

349 3641 403 3702 sic
415 3640 519 3703 noster
535 3657 567 3712 2,
585 3657 619 3711 Ω.
640 3663 668 3704 ι.
692 3663 812 3715 eorum,
837 3661 916 3725 quac
929 3633 1088 3734 feriuntur,
1115 3641 1249 3721 attaligne
1268 3641 1375 3702 admo·

351 3741 426 3800 dum
446 3743 584 3823 patiens.
618 3744 670 3806 sic
686 3741 797 3828 Virgil.
819 3744 937 3828 Georg.
955 3758 988 3815 Ω,
1014 3759 1093 3824 ι79.
1116 3725 1374 3840 δι’]Ῑὶσίἱοιῑσιιαο

352 3841 503 3925 collesque
517 3842 658 3924 maligni,
680 3843 713 3903 in
729 3865 884 3914 connexu,
908 3845 987 3907 etin
1002 3843 1372 3926 obpohtionePliniuoo.

353 3941 441 4024 epist.
464 3957 517 4018 17.
541 3955 626 4004 terra
637 3937 743 4034 ferax
757 3957 789 4007 et
806 3946 958 4031 maligna.
990 3945 1131 4007 sterilem
1152 3945 1304 4006 materiem
1320 3963 1371 4005 eo·

354 4043 429 4105 dem
461 4039 549 4104 ieniu
573 4045 654 4106 dixit
685 4046 760 4108 alter
784 4047 908 4108 Plinius
936 4049 970 4108 in
996 4045 1200 4130 praefatione.
1252 4043 1370 4126 Nempe

352 4145 464 4210 cadem
492 4141 614 4232 [emper
649 4145 746 4212 verba
779 4147 979 4235 obstrepunt,
1015 4163 1075 4212 nec
1106 4145 1236 4212 tiberine
1260 4147 1371 4208 variare
