<?xml version="1.0" encoding="UTF-8"?>
<!DOCTYPE html PUBLIC "-//W3C//DTD XHTML 1.0 Transitional//EN"
    "http://www.w3.org/TR/xhtml1/DTD/xhtml1-transitional.dtd">
<html xmlns="http://www.w3.org/1999/xhtml" xml:lang="en" lang="en">
 <head>
  <title>
</title>
<meta http-equiv="Content-Type" content="text/html;charset=utf-8" />
  <meta name='ocr-system' content='tesseract 3.04.00' />
  <meta name='ocr-capabilities' content='ocr_page ocr_carea ocr_par ocr_line ocrx_word'/>
</head>
<body>
  <div class='ocr_page' id='page_1' title='image "./pomponiimelaede06melagoog_0366.png"; bbox 0 0 2764 4954; ppageno 0'>
   <div class='ocr_carea' id='block_1_1' title="bbox 255 374 1028 457">
    <p class='ocr_par' dir='ltr' id='par_1_1' title="bbox 255 374 1028 457">
     <span class='ocr_line' id='line_1_1' title="bbox 255 374 1028 457; baseline -0.012 -17"><span class='ocrx_word' id='word_1_1' title='bbox 255 389 319 457; x_wconf 66' lang='lat'><strong>353</strong></span> <span class='ocrx_word' id='word_1_2' title='bbox 525 377 688 438; x_wconf 79' lang='lat' dir='ltr'><strong>noran</strong></span> <span class='ocrx_word' id='word_1_3' title='bbox 726 374 1028 434; x_wconf 74' lang='lat' dir='ltr'><strong>exacerrctn</strong></span> 
     </span>
    </p>
   </div>
   <div class='ocr_carea' id='block_1_2' title="bbox 256 545 1299 1747">
    <p class='ocr_par' dir='ltr' id='par_1_2' title="bbox 256 545 1299 1747">
     <span class='ocr_line' id='line_1_2' title="bbox 264 545 1294 636; baseline -0.004 -21"><span class='ocrx_word' id='word_1_4' title='bbox 264 549 441 636; x_wconf 81' lang='lat' dir='ltr'><strong>diligenter</strong></span> <span class='ocrx_word' id='word_1_5' title='bbox 462 546 612 634; x_wconf 82' lang='lat' dir='ltr'>exposuit</span> <span class='ocrx_word' id='word_1_6' title='bbox 631 545 799 612; x_wconf 85' lang='lat' dir='ltr'><strong>Bachiene</strong></span> <span class='ocrx_word' id='word_1_7' title='bbox 819 567 887 610; x_wconf 84' lang='lat' dir='ltr'><strong>von</strong></span> <span class='ocrx_word' id='word_1_8' title='bbox 907 545 1086 612; x_wconf 79' lang='lat' dir='ltr'><strong>Palaestina</strong></span> <span class='ocrx_word' id='word_1_9' title='bbox 1098 547 1140 612; x_wconf 89' lang='lat' dir='ltr'><strong>T.</strong></span> <span class='ocrx_word' id='word_1_10' title='bbox 1161 567 1191 612; x_wconf 85' lang='lat' dir='ltr'><strong>o.</strong></span> <span class='ocrx_word' id='word_1_11' title='bbox 1213 549 1248 612; x_wconf 89' lang='grc' dir='ltr'><strong>Ρ.</strong></span> <span class='ocrx_word' id='word_1_12' title='bbox 1264 563 1294 626; x_wconf 81' lang='lat'><strong>3.</strong></span> 
     </span>
     <span class='ocr_line' id='line_1_3' title="bbox 264 640 1296 740; baseline -0.001 -25"><span class='ocrx_word' id='word_1_13' title='bbox 264 677 296 740; x_wconf 86' lang='lat' dir='ltr'><strong>p.</strong></span> <span class='ocrx_word' id='word_1_14' title='bbox 320 666 386 732; x_wconf 82' lang='lat'><strong>153</strong></span> <span class='ocrx_word' id='word_1_15' title='bbox 410 654 475 738; x_wconf 88' lang='lat' dir='ltr'><strong>sqq.</strong></span> <span class='ocrx_word' id='word_1_16' title='bbox 520 653 632 714; x_wconf 80' lang='lat' dir='ltr'><strong>Incola</strong></span> <span class='ocrx_word' id='word_1_17' title='bbox 660 640 783 713; x_wconf 80' lang='lat' dir='ltr'><strong>dicitur</strong></span> <span class='ocrx_word' id='word_1_18' title='bbox 804 647 960 738; x_wconf 73' lang='grc' dir='ltr'><strong><em>Ἰοπίτης,</em></strong></span> <span class='ocrx_word' id='word_1_19' title='bbox 993 648 1043 712; x_wconf 91' lang='lat' dir='ltr'><strong>uti</strong></span> <span class='ocrx_word' id='word_1_20' title='bbox 1069 671 1129 734; x_wconf 89' lang='lat' dir='ltr'><strong>pro</strong></span> <span class='ocrx_word' id='word_1_21' title='bbox 1154 647 1296 739; x_wconf 72' lang='grc' dir='ltr'><strong><em>Ἴοπὴτης</em></strong></span> 
     </span>
     <span class='ocr_line' id='line_1_4' title="bbox 264 749 1296 840; baseline -0.005 -23"><span class='ocrx_word' id='word_1_22' title='bbox 264 751 410 840; x_wconf 83' lang='lat' dir='ltr'>reposuit</span> <span class='ocrx_word' id='word_1_23' title='bbox 423 750 595 816; x_wconf 83' lang='lat' dir='ltr'><strong>Berkelius</strong></span> <span class='ocrx_word' id='word_1_24' title='bbox 611 749 646 814; x_wconf 93' lang='lat' dir='ltr'><strong>in</strong></span> <span class='ocrx_word' id='word_1_25' title='bbox 662 753 848 836; x_wconf 86' lang='lat' dir='ltr'><strong>Stephano,</strong></span> <span class='ocrx_word' id='word_1_26' title='bbox 876 749 933 837; x_wconf 92' lang='lat' dir='ltr'><strong>qui</strong></span> <span class='ocrx_word' id='word_1_27' title='bbox 952 749 1070 836; x_wconf 78' lang='lat' dir='ltr'><strong>etipse</strong></span> <span class='ocrx_word' id='word_1_28' title='bbox 1092 750 1129 813; x_wconf 80' lang='lat' dir='ltr'><strong>irl</strong></span> <span class='ocrx_word' id='word_1_29' title='bbox 1151 771 1296 835; x_wconf 87' lang='lat' dir='ltr'><strong>compro·</strong></span> 
     </span>
     <span class='ocr_line' id='line_1_5' title="bbox 264 847 1297 940; baseline -0.004 -22"><span class='ocrx_word' id='word_1_30' title='bbox 264 859 322 918; x_wconf 83' lang='lat' dir='ltr'><strong>bat</strong></span> <span class='ocrx_word' id='word_1_31' title='bbox 336 856 357 918; x_wconf 84' lang='lat' dir='ltr'><strong>s.</strong></span> <span class='ocrx_word' id='word_1_32' title='bbox 374 878 405 918; x_wconf 82' lang='lat' dir='ltr'><strong>V.</strong></span> <span class='ocrx_word' id='word_1_33' title='bbox 427 847 573 940; x_wconf 55' lang='lat' dir='ltr'><strong>Aludlr„</strong></span> <span class='ocrx_word' id='word_1_34' title='bbox 600 869 687 916; x_wconf 87' lang='lat' dir='ltr'><strong>certe</strong></span> <span class='ocrx_word' id='word_1_35' title='bbox 702 849 849 940; x_wconf 69' lang='lat' dir='ltr'><strong>’lorrtjrtyt</strong></span> <span class='ocrx_word' id='word_1_36' title='bbox 866 851 988 916; x_wconf 86' lang='lat' dir='ltr'><strong>Goltzii</strong></span> <span class='ocrx_word' id='word_1_37' title='bbox 1010 849 1151 915; x_wconf 90' lang='lat' dir='ltr'><strong>dubium</strong></span> <span class='ocrx_word' id='word_1_38' title='bbox 1167 853 1218 915; x_wconf 84' lang='lat' dir='ltr'><strong>est.</strong></span> <span class='ocrx_word' id='word_1_39' title='bbox 1251 853 1297 914; x_wconf 84' lang='lat' dir='ltr'><strong>Ab</strong></span> 
     </span>
     <span class='ocr_line' id='line_1_6' title="bbox 264 946 1296 1040; baseline 0 -18"><span class='ocrx_word' id='word_1_40' title='bbox 264 955 369 1024; x_wconf 73' lang='lat' dir='ltr'><strong>&#39;Ionia</strong></span> <span class='ocrx_word' id='word_1_41' title='bbox 392 973 425 1019; x_wconf 87' lang='lat' dir='ltr'><strong>et</strong></span> <span class='ocrx_word' id='word_1_42' title='bbox 447 951 565 1020; x_wconf 79' lang='lat' dir='ltr'><strong>&#39;lo&#39;rrsto</strong></span> <span class='ocrx_word' id='word_1_43' title='bbox 595 955 780 1038; x_wconf 80' lang='lat' dir='ltr'><strong>Stephanus</strong></span> <span class='ocrx_word' id='word_1_44' title='bbox 804 953 910 1017; x_wconf 82' lang='lat' dir='ltr'>adfert</span> <span class='ocrx_word' id='word_1_45' title='bbox 935 951 1092 1040; x_wconf 70' lang='lat' dir='ltr'><strong>&#39;lontirnr</strong></span> <span class='ocrx_word' id='word_1_46' title='bbox 1115 969 1149 1016; x_wconf 91' lang='lat' dir='ltr'><strong>et</strong></span> <span class='ocrx_word' id='word_1_47' title='bbox 1170 946 1296 1028; x_wconf 69' lang='lat' dir='ltr'><strong>’lontio</strong></span> 
     </span>
     <span class='ocr_line' id='line_1_7' title="bbox 266 1051 1298 1146; baseline -0.003 -25"><span class='ocrx_word' id='word_1_48' title='bbox 266 1057 386 1146; x_wconf 85' lang='lat' dir='ltr'><strong>quibus</strong></span> <span class='ocrx_word' id='word_1_49' title='bbox 407 1079 449 1120; x_wconf 87' lang='lat' dir='ltr'><strong>ex</strong></span> <span class='ocrx_word' id='word_1_50' title='bbox 470 1056 607 1142; x_wconf 84' lang='lat' dir='ltr'><strong>losepho</strong></span> <span class='ocrx_word' id='word_1_51' title='bbox 631 1071 698 1118; x_wconf 88' lang='lat' dir='ltr'><strong>ant.</strong></span> <span class='ocrx_word' id='word_1_52' title='bbox 722 1055 794 1117; x_wconf 91' lang='lat' dir='ltr'><strong>lud.</strong></span> <span class='ocrx_word' id='word_1_53' title='bbox 816 1069 871 1134; x_wconf 84' lang='lat'><strong>13,</strong></span> <span class='ocrx_word' id='word_1_54' title='bbox 886 1065 922 1134; x_wconf 79' lang='grc'><strong>4,</strong></span> <span class='ocrx_word' id='word_1_55' title='bbox 937 1065 971 1135; x_wconf 76' lang='grc'><strong>4.</strong></span> <span class='ocrx_word' id='word_1_56' title='bbox 995 1051 1072 1116; x_wconf 85' lang='lat' dir='ltr'><strong>addi</strong></span> <span class='ocrx_word' id='word_1_57' title='bbox 1094 1055 1199 1139; x_wconf 81' lang='lat' dir='ltr'><strong>potest</strong></span> <span class='ocrx_word' id='word_1_58' title='bbox 1221 1053 1298 1120; x_wconf 76' lang='lat' dir='ltr'><strong>&#39;lor-</strong></span> 
     </span>
     <span class='ocr_line' id='line_1_8' title="bbox 256 1153 1296 1246; baseline -0.012 -18"><span class='ocrx_word' id='word_1_59' title='bbox 256 1157 372 1246; x_wconf 69' lang='grc' dir='ltr'><strong>ιστηνός.</strong></span> <span class='ocrx_word' id='word_1_60' title='bbox 422 1161 591 1240; x_wconf 81' lang='lat' dir='ltr'><strong>Ioppicom</strong></span> <span class='ocrx_word' id='word_1_61' title='bbox 619 1157 819 1238; x_wconf 78' lang='lat' dir='ltr'><strong><em>toparchiam</em></strong></span> <span class='ocrx_word' id='word_1_62' title='bbox 850 1171 1088 1218; x_wconf 82' lang='lat' dir='ltr'><strong>commemorat</strong></span> <span class='ocrx_word' id='word_1_63' title='bbox 1112 1153 1242 1219; x_wconf 77' lang='lat' dir='ltr'>Plinius</span> <span class='ocrx_word' id='word_1_64' title='bbox 1263 1169 1296 1233; x_wconf 89' lang='lat'><strong>5,</strong></span> 
     </span>
     <span class='ocr_line' id='line_1_9' title="bbox 271 1252 1297 1346; baseline -0.008 -20"><span class='ocrx_word' id='word_1_65' title='bbox 271 1261 372 1340; x_wconf 83' lang='lat' dir='ltr'><strong>15.s.</strong></span> <span class='ocrx_word' id='word_1_66' title='bbox 403 1269 457 1338; x_wconf 71' lang='lat'><strong>14.</strong></span> <span class='ocrx_word' id='word_1_67' title='bbox 499 1261 540 1322; x_wconf 89' lang='lat' dir='ltr'><strong>H.</strong></span> <span class='ocrx_word' id='word_1_68' title='bbox 564 1256 654 1343; x_wconf 90' lang='lat' dir='ltr'><strong>quod</strong></span> <span class='ocrx_word' id='word_1_69' title='bbox 676 1273 805 1330; x_wconf 89' lang='lat' dir='ltr'><strong>notum,</strong></span> <span class='ocrx_word' id='word_1_70' title='bbox 830 1273 969 1320; x_wconf 86' lang='lat' dir='ltr'><strong>vocatur</strong></span> <span class='ocrx_word' id='word_1_71' title='bbox 994 1252 1108 1346; x_wconf 73' lang='lat' dir='ltr'><em>1⁶ff⁰3</em></span> <span class='ocrx_word' id='word_1_72' title='bbox 1147 1259 1188 1319; x_wconf 88' lang='lat' dir='ltr'><strong>ab</strong></span> <span class='ocrx_word' id='word_1_73' title='bbox 1210 1253 1297 1318; x_wconf 82' lang='lat' dir='ltr'><strong>ltalia</strong></span> 
     </span>
     <span class='ocr_line' id='line_1_10' title="bbox 264 1354 1297 1453; baseline -0.009 -26"><span class='ocrx_word' id='word_1_74' title='bbox 264 1357 358 1453; x_wconf 79' lang='lat' dir='ltr'><strong>Iaffo</strong></span> <span class='ocrx_word' id='word_1_75' title='bbox 376 1359 396 1422; x_wconf 86' lang='lat' dir='ltr'><strong>s.</strong></span> <span class='ocrx_word' id='word_1_76' title='bbox 415 1355 528 1449; x_wconf 81' lang='lat' dir='ltr'><strong>Zaffo.</strong></span> <span class='ocrx_word' id='word_1_77' title='bbox 580 1355 714 1420; x_wconf 85' lang='lat' dir='ltr'><strong>Conluli</strong></span> <span class='ocrx_word' id='word_1_78' title='bbox 736 1373 865 1442; x_wconf 88' lang='lat' dir='ltr'><strong>praeter</strong></span> <span class='ocrx_word' id='word_1_79' title='bbox 887 1354 1069 1442; x_wconf 76' lang='lat' dir='ltr'><strong>superiores</strong></span> <span class='ocrx_word' id='word_1_80' title='bbox 1086 1359 1297 1442; x_wconf 82' lang='lat' dir='ltr'><strong>Geographoa</strong></span> 
     </span>
     <span class='ocr_line' id='line_1_11' title="bbox 266 1455 1297 1547; baseline -0.004 -23"><span class='ocrx_word' id='word_1_81' title='bbox 266 1463 307 1524; x_wconf 85' lang='lat' dir='ltr'><strong>de</strong></span> <span class='ocrx_word' id='word_1_82' title='bbox 335 1465 396 1526; x_wconf 87' lang='lat' dir='ltr'><strong>hac</strong></span> <span class='ocrx_word' id='word_1_83' title='bbox 422 1462 504 1524; x_wconf 85' lang='lat' dir='ltr'><strong>urbe</strong></span> <span class='ocrx_word' id='word_1_84' title='bbox 539 1459 642 1547; x_wconf 85' lang='lat' dir='ltr'><strong>potest</strong></span> <span class='ocrx_word' id='word_1_85' title='bbox 673 1455 807 1543; x_wconf 88' lang='lat' dir='ltr'><strong>Mignot</strong></span> <span class='ocrx_word' id='word_1_86' title='bbox 835 1456 871 1520; x_wconf 92' lang='lat' dir='ltr'><strong>in</strong></span> <span class='ocrx_word' id='word_1_87' title='bbox 904 1455 1083 1522; x_wconf 88' lang='lat' dir='ltr'><strong>Memoires</strong></span> <span class='ocrx_word' id='word_1_88' title='bbox 1110 1459 1152 1521; x_wconf 89' lang='lat' dir='ltr'><strong>de</strong></span> <span class='ocrx_word' id='word_1_89' title='bbox 1178 1457 1297 1522; x_wconf 87' lang='lat' dir='ltr'><strong>littera·</strong></span> 
     </span>
     <span class='ocr_line' id='line_1_12' title="bbox 265 1557 1299 1644; baseline -0.008 -16"><span class='ocrx_word' id='word_1_90' title='bbox 265 1579 339 1628; x_wconf 86' lang='lat' dir='ltr'><strong>ture</strong></span> <span class='ocrx_word' id='word_1_91' title='bbox 368 1594 413 1606; x_wconf 92' lang='lat'>—</span> <span class='ocrx_word' id='word_1_92' title='bbox 448 1561 489 1624; x_wconf 87' lang='lat' dir='ltr'><strong>de</strong></span> <span class='ocrx_word' id='word_1_93' title='bbox 511 1557 602 1622; x_wconf 86' lang='lat' dir='ltr'><strong>Paria</strong></span> <span class='ocrx_word' id='word_1_94' title='bbox 625 1561 722 1624; x_wconf 89' lang='lat' dir='ltr'><strong>Tom.</strong></span> <span class='ocrx_word' id='word_1_95' title='bbox 743 1570 801 1640; x_wconf 75' lang='lat'><strong>34.</strong></span> <span class='ocrx_word' id='word_1_96' title='bbox 828 1581 862 1644; x_wconf 89' lang='lat' dir='ltr'><strong>p.</strong></span> <span class='ocrx_word' id='word_1_97' title='bbox 886 1560 1041 1644; x_wconf 73' lang='lat' dir='ltr'><strong>334qu.</strong></span> <span class='ocrx_word' id='word_1_98' title='bbox 1094 1557 1299 1622; x_wconf 80' lang='lat' dir='ltr'><strong>Hodiernum</strong></span> 
     </span>
     <span class='ocr_line' id='line_1_13' title="bbox 266 1659 1296 1747; baseline -0.004 -21"><span class='ocrx_word' id='word_1_99' title='bbox 266 1661 431 1747; x_wconf 72' lang='lat' dir='ltr'><strong>descripsit</strong></span> <span class='ocrx_word' id='word_1_100' title='bbox 463 1659 564 1724; x_wconf 83' lang='lat' dir='ltr'><strong>etiarn</strong></span> <span class='ocrx_word' id='word_1_101' title='bbox 593 1659 708 1726; x_wconf 85' lang='lat' dir='ltr'><strong>Mariti</strong></span> <span class='ocrx_word' id='word_1_102' title='bbox 739 1659 777 1724; x_wconf 90' lang='lat' dir='ltr'><strong>in</strong></span> <span class='ocrx_word' id='word_1_103' title='bbox 801 1659 895 1726; x_wconf 78' lang='lat' dir='ltr'><strong>uelle</strong></span> <span class='ocrx_word' id='word_1_104' title='bbox 928 1661 1034 1725; x_wconf 89' lang='lat' dir='ltr'><strong>durch</strong></span> <span class='ocrx_word' id='word_1_105' title='bbox 1065 1659 1185 1742; x_wconf 86' lang='lat' dir='ltr'><strong>Syrien</strong></span> <span class='ocrx_word' id='word_1_106' title='bbox 1208 1663 1248 1724; x_wconf 93' lang='lat' dir='ltr'><strong>T.</strong></span> <span class='ocrx_word' id='word_1_107' title='bbox 1270 1683 1296 1722; x_wconf 91' lang='grc' dir='ltr'><strong>ι.</strong></span> 
     </span>
    </p>
   </div>
   <div class='ocr_carea' id='block_1_3' title="bbox 265 1763 554 1852">
    <p class='ocr_par' dir='ltr' id='par_1_3' title="bbox 265 1763 554 1852">
     <span class='ocr_line' id='line_1_14' title="bbox 265 1763 554 1852; baseline -0.014 -21"><span class='ocrx_word' id='word_1_108' title='bbox 265 1785 337 1850; x_wconf 82' lang='lat' dir='ltr'><strong>cap.</strong></span> <span class='ocrx_word' id='word_1_109' title='bbox 356 1779 388 1846; x_wconf 86' lang='lat'><strong>5.</strong></span> <span class='ocrx_word' id='word_1_110' title='bbox 409 1787 441 1852; x_wconf 88' lang='lat' dir='ltr'><strong>p.</strong></span> <span class='ocrx_word' id='word_1_111' title='bbox 459 1767 516 1846; x_wconf 83' lang='lat'><strong>65.</strong></span> <span class='ocrx_word' id='word_1_112' title='bbox 531 1763 554 1827; x_wconf 83' lang='lat' dir='ltr'><strong>l.</strong></span> 
     </span>
    </p>
   </div>
   <div class='ocr_carea' id='block_1_4' title="bbox 200 1961 1300 2562">
    <p class='ocr_par' dir='ltr' id='par_1_4' title="bbox 200 1961 1300 2562">
     <span class='ocr_line' id='line_1_15' title="bbox 339 1961 1300 2052; baseline -0.002 -24"><span class='ocrx_word' id='word_1_113' title='bbox 339 1966 573 2050; x_wconf 83' lang='lat' dir='ltr'><strong>diluvium)</strong></span> <span class='ocrx_word' id='word_1_114' title='bbox 618 1963 769 2029; x_wconf 88' lang='lat' dir='ltr'><strong>Dubium</strong></span> <span class='ocrx_word' id='word_1_115' title='bbox 795 1966 854 2041; x_wconf 86' lang='lat' dir='ltr'><strong>est,</strong></span> <span class='ocrx_word' id='word_1_116' title='bbox 891 1965 981 2052; x_wconf 90' lang='lat' dir='ltr'><strong>quod</strong></span> <span class='ocrx_word' id='word_1_117' title='bbox 1006 1961 1190 2050; x_wconf 87' lang='lat' dir='ltr'><strong>intelligat,</strong></span> <span class='ocrx_word' id='word_1_118' title='bbox 1225 1985 1300 2028; x_wconf 91' lang='lat' dir='ltr'><strong>cum</strong></span> 
     </span>
     <span class='ocr_line' id='line_1_16' title="bbox 263 2064 1299 2152; baseline -0.004 -20"><span class='ocrx_word' id='word_1_119' title='bbox 263 2072 369 2132; x_wconf 85' lang='lat' dir='ltr'><strong>multa</strong></span> <span class='ocrx_word' id='word_1_120' title='bbox 385 2067 517 2132; x_wconf 85' lang='lat' dir='ltr'><strong>fuerint.</strong></span> <span class='ocrx_word' id='word_1_121' title='bbox 557 2070 609 2140; x_wconf 82' lang='lat' dir='ltr'><strong>At,</strong></span> <span class='ocrx_word' id='word_1_122' title='bbox 632 2065 792 2152; x_wconf 90' lang='lat' dir='ltr'><strong>quoniam</strong></span> <span class='ocrx_word' id='word_1_123' title='bbox 808 2082 949 2130; x_wconf 85' lang='lat' dir='ltr'><strong>aetutem</strong></span> <span class='ocrx_word' id='word_1_124' title='bbox 966 2064 1103 2140; x_wconf 87' lang='lat' dir='ltr'><strong>indicat,</strong></span> <span class='ocrx_word' id='word_1_125' title='bbox 1124 2065 1299 2130; x_wconf 85' lang='lat' dir='ltr'><strong>verilimile</strong></span> 
     </span>
     <span class='ocr_line' id='line_1_17' title="bbox 264 2165 1299 2252; baseline -0.002 -18"><span class='ocrx_word' id='word_1_126' title='bbox 264 2171 324 2242; x_wconf 81' lang='lat' dir='ltr'><strong>est,</strong></span> <span class='ocrx_word' id='word_1_127' title='bbox 355 2169 599 2236; x_wconf 76' lang='lat' dir='ltr'><strong>vetustissimum</strong></span> <span class='ocrx_word' id='word_1_128' title='bbox 625 2171 665 2231; x_wconf 92' lang='lat' dir='ltr'><strong>ab</strong></span> <span class='ocrx_word' id='word_1_129' title='bbox 691 2189 730 2232; x_wconf 92' lang='lat' dir='ltr'><strong>eo</strong></span> <span class='ocrx_word' id='word_1_130' title='bbox 757 2165 909 2252; x_wconf 86' lang='lat' dir='ltr'><strong>intelligi.</strong></span> <span class='ocrx_word' id='word_1_131' title='bbox 956 2171 1043 2252; x_wconf 87' lang='lat' dir='ltr'><strong>Lege</strong></span> <span class='ocrx_word' id='word_1_132' title='bbox 1064 2167 1235 2251; x_wconf 80' lang='lat' dir='ltr'><strong>Augustin.</strong></span> <span class='ocrx_word' id='word_1_133' title='bbox 1259 2167 1299 2232; x_wconf 80' lang='lat' dir='ltr'><strong>de</strong></span> 
     </span>
     <span class='ocr_line' id='line_1_18' title="bbox 200 2267 1299 2352; baseline 0.004 -23"><span class='ocrx_word' id='word_1_134' title='bbox 200 2301 203 2329; x_wconf 85' lang='lat' dir='ltr'><strong>t</strong></span> <span class='ocrx_word' id='word_1_135' title='bbox 265 2267 368 2334; x_wconf 86' lang='lat' dir='ltr'><strong>Civit.</strong></span> <span class='ocrx_word' id='word_1_136' title='bbox 389 2269 452 2332; x_wconf 89' lang='lat' dir='ltr'><strong>Dei</strong></span> <span class='ocrx_word' id='word_1_137' title='bbox 473 2282 529 2348; x_wconf 83' lang='lat'><strong>18,</strong></span> <span class='ocrx_word' id='word_1_138' title='bbox 556 2281 589 2347; x_wconf 85' lang='lat'><strong>8.</strong></span> <span class='ocrx_word' id='word_1_139' title='bbox 626 2289 812 2334; x_wconf 74' lang='lat' dir='ltr'><strong>vtornuvs.</strong></span> <span class='ocrx_word' id='word_1_140' title='bbox 866 2271 955 2330; x_wconf 89' lang='lat' dir='ltr'><strong>Tum</strong></span> <span class='ocrx_word' id='word_1_141' title='bbox 974 2289 1053 2330; x_wconf 89' lang='lat' dir='ltr'><strong>vero</strong></span> <span class='ocrx_word' id='word_1_142' title='bbox 1074 2271 1110 2330; x_wconf 82' lang='lat' dir='ltr'><strong>stt</strong></span> <span class='ocrx_word' id='word_1_143' title='bbox 1128 2269 1299 2352; x_wconf 79' lang='lat' dir='ltr'><strong>Ogygiam.</strong></span> 
     </span>
     <span class='ocr_line' id='line_1_19' title="bbox 263 2367 1299 2451; baseline 0 -19"><span class='ocrx_word' id='word_1_144' title='bbox 263 2369 394 2438; x_wconf 85' lang='lat' dir='ltr'><strong>Plinius</strong></span> <span class='ocrx_word' id='word_1_145' title='bbox 410 2385 443 2449; x_wconf 91' lang='lat'><strong>5,</strong></span> <span class='ocrx_word' id='word_1_146' title='bbox 464 2381 516 2450; x_wconf 75' lang='lat'><strong>14.</strong></span> <span class='ocrx_word' id='word_1_147' title='bbox 527 2371 548 2432; x_wconf 89' lang='lat' dir='ltr'><strong>l.</strong></span> <span class='ocrx_word' id='word_1_148' title='bbox 565 2387 618 2448; x_wconf 79' lang='lat'><strong>13.</strong></span> <span class='ocrx_word' id='word_1_149' title='bbox 637 2373 678 2434; x_wconf 84' lang='lat' dir='ltr'><strong>fic</strong></span> <span class='ocrx_word' id='word_1_150' title='bbox 691 2372 814 2433; x_wconf 86' lang='lat' dir='ltr'><strong>Melam</strong></span> <span class='ocrx_word' id='word_1_151' title='bbox 827 2367 955 2433; x_wconf 83' lang='lat' dir='ltr'><strong>reddit:</strong></span> <span class='ocrx_word' id='word_1_152' title='bbox 982 2373 1084 2451; x_wconf 81' lang='lat' dir='ltr'><strong>Ioppe</strong></span> <span class='ocrx_word' id='word_1_153' title='bbox 1097 2371 1299 2442; x_wconf 77' lang='lat' dir='ltr'><strong>Phoenicum,</strong></span> 
     </span>
     <span class='ocr_line' id='line_1_20' title="bbox 264 2462 1040 2562; baseline -0.003 -26"><span class='ocrx_word' id='word_1_154' title='bbox 264 2475 429 2558; x_wconf 77' lang='lat' dir='ltr'><strong>antiquior</strong></span> <span class='ocrx_word' id='word_1_155' title='bbox 446 2486 599 2535; x_wconf 84' lang='lat' dir='ltr'><strong>terrarum</strong></span> <span class='ocrx_word' id='word_1_156' title='bbox 619 2472 840 2544; x_wconf 81' lang='lat' dir='ltr'><strong>irumdotiona,</strong></span> <span class='ocrx_word' id='word_1_157' title='bbox 867 2485 903 2534; x_wconf 81' lang='lat' dir='ltr'><strong>ut</strong></span> <span class='ocrx_word' id='word_1_158' title='bbox 911 2462 1040 2562; x_wconf 77' lang='lat' dir='ltr'><strong>ferunt.</strong></span> 
     </span>
    </p>
   </div>
   <div class='ocr_carea' id='block_1_5' title="bbox 243 2666 1299 2856">
    <p class='ocr_par' dir='ltr' id='par_1_5' title="bbox 243 2666 1299 2856">
     <span class='ocr_line' id='line_1_21' title="bbox 243 2666 1299 2766; baseline 0.003 -33"><span class='ocrx_word' id='word_1_159' title='bbox 243 2677 249 2688; x_wconf 92' lang='lat'>&#39;</span> <span class='ocrx_word' id='word_1_160' title='bbox 339 2686 383 2734; x_wconf 85' lang='lat' dir='ltr'><strong>ut</strong></span> <span class='ocrx_word' id='word_1_161' title='bbox 400 2666 554 2766; x_wconf 81' lang='lat' dir='ltr'><strong>ferunt</strong></span> <span class='ocrx_word' id='word_1_162' title='bbox 562 2673 581 2757; x_wconf 86' lang='lat'><em>)</em></span> <span class='ocrx_word' id='word_1_163' title='bbox 629 2676 677 2737; x_wconf 85' lang='lat' dir='ltr'><strong>lta</strong></span> <span class='ocrx_word' id='word_1_164' title='bbox 693 2673 774 2738; x_wconf 84' lang='lat' dir='ltr'><strong>solet</strong></span> <span class='ocrx_word' id='word_1_165' title='bbox 793 2673 834 2736; x_wconf 89' lang='lat' dir='ltr'><strong>de</strong></span> <span class='ocrx_word' id='word_1_166' title='bbox 852 2672 1014 2747; x_wconf 78' lang='lat' dir='ltr'><strong>sabololio,</strong></span> <span class='ocrx_word' id='word_1_167' title='bbox 1039 2667 1177 2737; x_wconf 83' lang='lat' dir='ltr'><strong>incertis</strong></span> <span class='ocrx_word' id='word_1_168' title='bbox 1194 2691 1299 2738; x_wconf 91' lang='lat' dir='ltr'><strong>narra·</strong></span> 
     </span>
     <span class='ocr_line' id='line_1_22' title="bbox 262 2771 754 2856; baseline 0.004 -18"><span class='ocrx_word' id='word_1_169' title='bbox 262 2771 423 2840; x_wconf 80' lang='lat' dir='ltr'><strong>tionibus.</strong></span> <span class='ocrx_word' id='word_1_170' title='bbox 460 2775 511 2840; x_wconf 85' lang='lat' dir='ltr'><strong>cf.</strong></span> <span class='ocrx_word' id='word_1_171' title='bbox 532 2777 573 2838; x_wconf 86' lang='lat' dir='ltr'><strong>ad</strong></span> <span class='ocrx_word' id='word_1_172' title='bbox 594 2797 622 2850; x_wconf 85' lang='lat' dir='ltr'><strong>r,</strong></span> <span class='ocrx_word' id='word_1_173' title='bbox 646 2795 701 2856; x_wconf 84' lang='lat'><strong>19,</strong></span> <span class='ocrx_word' id='word_1_174' title='bbox 721 2793 754 2854; x_wconf 92' lang='lat'><strong>7.</strong></span> 
     </span>
    </p>
   </div>
   <div class='ocr_carea' id='block_1_6' title="bbox 256 2969 1299 4178">
    <p class='ocr_par' dir='ltr' id='par_1_6' title="bbox 256 2969 1299 4178">
     <span class='ocr_line' id='line_1_23' title="bbox 345 2969 1297 3061; baseline -0.007 -17"><span class='ocrx_word' id='word_1_175' title='bbox 345 2978 516 3061; x_wconf 81' lang='lat' dir='ltr'><strong>Cephei)</strong></span> <span class='ocrx_word' id='word_1_176' title='bbox 565 2975 637 3042; x_wconf 86' lang='lat' dir='ltr'><strong>Beli</strong></span> <span class='ocrx_word' id='word_1_177' title='bbox 655 2975 762 3042; x_wconf 88' lang='lat' dir='ltr'><strong>filiurn</strong></span> <span class='ocrx_word' id='word_1_178' title='bbox 778 2972 905 3040; x_wconf 85' lang='lat' dir='ltr'><strong>faciunt</strong></span> <span class='ocrx_word' id='word_1_179' title='bbox 922 2971 997 3048; x_wconf 90' lang='lat' dir='ltr'><strong>alii,</strong></span> <span class='ocrx_word' id='word_1_180' title='bbox 1028 2969 1085 3038; x_wconf 89' lang='lat' dir='ltr'><strong>alii</strong></span> <span class='ocrx_word' id='word_1_181' title='bbox 1106 2972 1297 3048; x_wconf 82' lang='lat' dir='ltr'><strong>Phoenicis,</strong></span> 
     </span>
     <span class='ocr_line' id='line_1_24' title="bbox 262 3073 1297 3164; baseline -0.006 -22"><span class='ocrx_word' id='word_1_182' title='bbox 262 3079 352 3143; x_wconf 88' lang='lat' dir='ltr'><strong>unde</strong></span> <span class='ocrx_word' id='word_1_183' title='bbox 368 3079 467 3144; x_wconf 84' lang='lat' dir='ltr'><strong>etium</strong></span> <span class='ocrx_word' id='word_1_184' title='bbox 486 3081 606 3164; x_wconf 78' lang='lat' dir='ltr'><strong>duplex</strong></span> <span class='ocrx_word' id='word_1_185' title='bbox 622 3078 657 3140; x_wconf 90' lang='lat' dir='ltr'><strong>in</strong></span> <span class='ocrx_word' id='word_1_186' title='bbox 676 3081 738 3140; x_wconf 84' lang='lat' dir='ltr'><strong>hac</strong></span> <span class='ocrx_word' id='word_1_187' title='bbox 754 3075 885 3140; x_wconf 89' lang='lat' dir='ltr'><strong>historia</strong></span> <span class='ocrx_word' id='word_1_188' title='bbox 898 3079 992 3140; x_wconf 90' lang='lat' dir='ltr'><strong>locus</strong></span> <span class='ocrx_word' id='word_1_189' title='bbox 1008 3073 1297 3148; x_wconf 75' lang='lat' dir='ltr'><strong>commemoratur,</strong></span> 
     </span>
     <span class='ocr_line' id='line_1_25' title="bbox 262 3175 1299 3264; baseline -0.002 -22"><span class='ocrx_word' id='word_1_190' title='bbox 262 3177 331 3264; x_wconf 83' lang='lat' dir='ltr'><strong>ipsa</strong></span> <span class='ocrx_word' id='word_1_191' title='bbox 352 3179 453 3245; x_wconf 87' lang='lat' dir='ltr'><strong>etiam</strong></span> <span class='ocrx_word' id='word_1_192' title='bbox 467 3183 545 3244; x_wconf 89' lang='lat' dir='ltr'><strong>urbs</strong></span> <span class='ocrx_word' id='word_1_193' title='bbox 563 3184 642 3261; x_wconf 81' lang='lat' dir='ltr'><strong>Iope</strong></span> <span class='ocrx_word' id='word_1_194' title='bbox 665 3177 701 3241; x_wconf 92' lang='lat' dir='ltr'><strong>in</strong></span> <span class='ocrx_word' id='word_1_195' title='bbox 723 3175 841 3240; x_wconf 73' lang='lat' dir='ltr'><strong>dissitis</strong></span> <span class='ocrx_word' id='word_1_196' title='bbox 862 3175 1054 3263; x_wconf 77' lang='lat' dir='ltr'><strong>regionibus</strong></span> <span class='ocrx_word' id='word_1_197' title='bbox 1074 3176 1232 3262; x_wconf 89' lang='lat' dir='ltr'><strong>ponitur,</strong></span> <span class='ocrx_word' id='word_1_198' title='bbox 1259 3178 1299 3240; x_wconf 86' lang='lat' dir='ltr'><strong>de</strong></span> 
     </span>
     <span class='ocr_line' id='line_1_26' title="bbox 262 3275 1298 3368; baseline -0.005 -25"><span class='ocrx_word' id='word_1_199' title='bbox 262 3301 330 3368; x_wconf 89' lang='lat' dir='ltr'><strong>quo</strong></span> <span class='ocrx_word' id='word_1_200' title='bbox 354 3299 447 3346; x_wconf 87' lang='lat' dir='ltr'><strong>antea</strong></span> <span class='ocrx_word' id='word_1_201' title='bbox 470 3279 550 3345; x_wconf 83' lang='lat' dir='ltr'><strong>(lixi.</strong></span> <span class='ocrx_word' id='word_1_202' title='bbox 601 3279 733 3344; x_wconf 80' lang='lat' dir='ltr'><strong>Prolixe</strong></span> <span class='ocrx_word' id='word_1_203' title='bbox 751 3281 792 3341; x_wconf 91' lang='lat' dir='ltr'><strong>de</strong></span> <span class='ocrx_word' id='word_1_204' title='bbox 810 3299 849 3341; x_wconf 90' lang='lat' dir='ltr'><strong>eo</strong></span> <span class='ocrx_word' id='word_1_205' title='bbox 870 3277 1051 3362; x_wconf 86' lang='lat' dir='ltr'><strong>disputavit</strong></span> <span class='ocrx_word' id='word_1_206' title='bbox 1073 3281 1246 3342; x_wconf 78' lang='lat' dir='ltr'><strong>Salmasius</strong></span> <span class='ocrx_word' id='word_1_207' title='bbox 1263 3275 1298 3338; x_wconf 92' lang='lat' dir='ltr'><strong>in</strong></span> 
     </span>
     <span class='ocr_line' id='line_1_27' title="bbox 263 3377 1298 3468; baseline -0.006 -22"><span class='ocrx_word' id='word_1_208' title='bbox 263 3383 368 3448; x_wconf 84' lang='lat' dir='ltr'><strong>Solin.</strong></span> <span class='ocrx_word' id='word_1_209' title='bbox 392 3407 423 3468; x_wconf 91' lang='lat' dir='ltr'><strong>p.</strong></span> <span class='ocrx_word' id='word_1_210' title='bbox 445 3405 490 3446; x_wconf 87' lang='lat' dir='ltr'><strong>m.</strong></span> <span class='ocrx_word' id='word_1_211' title='bbox 513 3395 598 3464; x_wconf 73' lang='lat'><strong>402.</strong></span> <span class='ocrx_word' id='word_1_212' title='bbox 623 3398 656 3444; x_wconf 90' lang='lat' dir='ltr'><strong>et</strong></span> <span class='ocrx_word' id='word_1_213' title='bbox 680 3385 763 3460; x_wconf 83' lang='grc'><strong>867.</strong></span> <span class='ocrx_word' id='word_1_214' title='bbox 815 3383 866 3442; x_wconf 89' lang='lat' dir='ltr'><strong>De</strong></span> <span class='ocrx_word' id='word_1_215' title='bbox 886 3377 987 3464; x_wconf 88' lang='lat' dir='ltr'><strong>patris</strong></span> <span class='ocrx_word' id='word_1_216' title='bbox 1010 3377 1136 3442; x_wconf 80' lang='lat' dir='ltr'><strong>diverso</strong></span> <span class='ocrx_word' id='word_1_217' title='bbox 1161 3377 1298 3443; x_wconf 88' lang='lat' dir='ltr'><strong>nomine</strong></span> 
     </span>
     <span class='ocr_line' id='line_1_28' title="bbox 259 3477 1297 3568; baseline -0.006 -22"><span class='ocrx_word' id='word_1_218' title='bbox 259 3483 406 3548; x_wconf 81' lang='lat' dir='ltr'><strong>conferri</strong></span> <span class='ocrx_word' id='word_1_219' title='bbox 421 3482 521 3547; x_wconf 89' lang='lat' dir='ltr'><strong>etiarn</strong></span> <span class='ocrx_word' id='word_1_220' title='bbox 542 3484 671 3568; x_wconf 87' lang='lat' dir='ltr'><strong>pollnnt</strong></span> <span class='ocrx_word' id='word_1_221' title='bbox 690 3479 755 3544; x_wconf 85' lang='lat' dir='ltr'><strong>viri</strong></span> <span class='ocrx_word' id='word_1_222' title='bbox 770 3479 859 3544; x_wconf 88' lang='lat' dir='ltr'><strong>docti</strong></span> <span class='ocrx_word' id='word_1_223' title='bbox 876 3482 916 3544; x_wconf 84' lang='lat' dir='ltr'><strong>ad</strong></span> <span class='ocrx_word' id='word_1_224' title='bbox 932 3477 1054 3566; x_wconf 85' lang='lat' dir='ltr'><strong>Hygini</strong></span> <span class='ocrx_word' id='word_1_225' title='bbox 1076 3497 1164 3565; x_wconf 88' lang='lat' dir='ltr'><strong>poet.</strong></span> <span class='ocrx_word' id='word_1_226' title='bbox 1183 3481 1297 3544; x_wconf 81' lang='lat' dir='ltr'><strong>astron.</strong></span> 
     </span>
     <span class='ocr_line' id='line_1_29' title="bbox 265 3579 1297 3668; baseline -0.008 -20"><span class='ocrx_word' id='word_1_227' title='bbox 265 3604 298 3656; x_wconf 72' lang='lat'><strong>2,</strong></span> <span class='ocrx_word' id='word_1_228' title='bbox 316 3605 349 3666; x_wconf 87' lang='lat'><strong>9.</strong></span> <span class='ocrx_word' id='word_1_229' title='bbox 387 3587 500 3648; x_wconf 87' lang='lat' dir='ltr'><strong>Plures</strong></span> <span class='ocrx_word' id='word_1_230' title='bbox 523 3601 633 3648; x_wconf 89' lang='lat' dir='ltr'><strong>tamen</strong></span> <span class='ocrx_word' id='word_1_231' title='bbox 649 3586 800 3668; x_wconf 82' lang='lat' dir='ltr'><strong>Cepheos</strong></span> <span class='ocrx_word' id='word_1_232' title='bbox 818 3581 909 3646; x_wconf 79' lang='lat' dir='ltr'><strong>inille</strong></span> <span class='ocrx_word' id='word_1_233' title='bbox 925 3597 1040 3644; x_wconf 88' lang='lat' dir='ltr'><strong>monet</strong></span> <span class='ocrx_word' id='word_1_234' title='bbox 1052 3581 1240 3646; x_wconf 81' lang='lat' dir='ltr'><strong>Eustathius</strong></span> <span class='ocrx_word' id='word_1_235' title='bbox 1256 3579 1297 3642; x_wconf 89' lang='lat' dir='ltr'><strong>ad</strong></span> 
     </span>
     <span class='ocr_line' id='line_1_30' title="bbox 259 3681 1294 3768; baseline -0.006 -20"><span class='ocrx_word' id='word_1_236' title='bbox 259 3683 394 3766; x_wconf 83' lang='lat' dir='ltr'><strong>Dionys.</strong></span> <span class='ocrx_word' id='word_1_237' title='bbox 415 3709 446 3748; x_wconf 90' lang='lat' dir='ltr'><strong>v.</strong></span> <span class='ocrx_word' id='word_1_238' title='bbox 469 3705 553 3768; x_wconf 90' lang='lat'><strong>910.</strong></span> <span class='ocrx_word' id='word_1_239' title='bbox 588 3702 621 3747; x_wconf 85' lang='lat' dir='ltr'><strong>et</strong></span> <span class='ocrx_word' id='word_1_240' title='bbox 646 3683 681 3746; x_wconf 93' lang='lat' dir='ltr'><strong>in</strong></span> <span class='ocrx_word' id='word_1_241' title='bbox 707 3681 824 3768; x_wconf 87' lang='lat' dir='ltr'><strong>primis</strong></span> <span class='ocrx_word' id='word_1_242' title='bbox 847 3687 1057 3747; x_wconf 79' lang='lat' dir='ltr'><strong>Burmannus</strong></span> <span class='ocrx_word' id='word_1_243' title='bbox 1084 3681 1120 3745; x_wconf 92' lang='lat' dir='ltr'><strong>in</strong></span> <span class='ocrx_word' id='word_1_244' title='bbox 1146 3685 1294 3766; x_wconf 88' lang='lat' dir='ltr'><strong>catalogo</strong></span> 
     </span>
     <span class='ocr_line' id='line_1_31' title="bbox 260 3776 1294 3872; baseline -0.007 -23"><span class='ocrx_word' id='word_1_245' title='bbox 260 3803 534 3872; x_wconf 78' lang='lat' dir='ltr'><strong>argonautarum,</strong></span> <span class='ocrx_word' id='word_1_246' title='bbox 562 3783 620 3872; x_wconf 91' lang='lat' dir='ltr'><strong>qui</strong></span> <span class='ocrx_word' id='word_1_247' title='bbox 641 3784 804 3870; x_wconf 85' lang='lat' dir='ltr'><strong>praefixus</strong></span> <span class='ocrx_word' id='word_1_248' title='bbox 827 3785 870 3846; x_wconf 85' lang='lat' dir='ltr'><strong>est</strong></span> <span class='ocrx_word' id='word_1_249' title='bbox 888 3781 1029 3847; x_wconf 86' lang='lat' dir='ltr'><strong>editioni</strong></span> <span class='ocrx_word' id='word_1_250' title='bbox 1047 3781 1166 3846; x_wconf 88' lang='lat' dir='ltr'><strong>Valerii</strong></span> <span class='ocrx_word' id='word_1_251' title='bbox 1185 3776 1294 3846; x_wconf 89' lang='lat' dir='ltr'><strong>Flacci</strong></span> 
     </span>
     <span class='ocr_line' id='line_1_32' title="bbox 259 3881 1292 3969; baseline -0.009 -18"><span class='ocrx_word' id='word_1_252' title='bbox 259 3889 294 3951; x_wconf 86' lang='lat' dir='ltr'><strong>h.</strong></span> <span class='ocrx_word' id='word_1_253' title='bbox 311 3910 343 3949; x_wconf 95' lang='lat' dir='ltr'><strong>v.</strong></span> <span class='ocrx_word' id='word_1_254' title='bbox 388 3889 480 3949; x_wconf 87' lang='lat' dir='ltr'><strong>Duos</strong></span> <span class='ocrx_word' id='word_1_255' title='bbox 504 3901 742 3949; x_wconf 86' lang='lat' dir='ltr'><strong>commemorat</strong></span> <span class='ocrx_word' id='word_1_256' title='bbox 762 3885 873 3948; x_wconf 87' lang='lat' dir='ltr'><strong>Schol.</strong></span> <span class='ocrx_word' id='word_1_257' title='bbox 897 3881 1066 3969; x_wconf 85' lang='lat' dir='ltr'><strong>Apollonii</strong></span> <span class='ocrx_word' id='word_1_258' title='bbox 1090 3886 1131 3948; x_wconf 87' lang='lat' dir='ltr'><strong>ad</strong></span> <span class='ocrx_word' id='word_1_259' title='bbox 1158 3910 1187 3957; x_wconf 90' lang='lat'><strong>1,</strong></span> <span class='ocrx_word' id='word_1_260' title='bbox 1215 3885 1292 3946; x_wconf 80' lang='lat'><strong>162.</strong></span> 
     </span>
     <span class='ocr_line' id='line_1_33' title="bbox 258 3983 1293 4076; baseline -0.008 -26"><span class='ocrx_word' id='word_1_261' title='bbox 258 4009 401 4076; x_wconf 88' lang='lat' dir='ltr'><strong>quorum</strong></span> <span class='ocrx_word' id='word_1_262' title='bbox 424 4009 511 4050; x_wconf 86' lang='lat' dir='ltr'><strong>unus</strong></span> <span class='ocrx_word' id='word_1_263' title='bbox 526 3985 596 4050; x_wconf 78' lang='lat' dir='ltr'><strong>Alei</strong></span> <span class='ocrx_word' id='word_1_264' title='bbox 618 3985 706 4050; x_wconf 86' lang='lat' dir='ltr'><strong>filius</strong></span> <span class='ocrx_word' id='word_1_265' title='bbox 730 3984 811 4060; x_wconf 85' lang='lat' dir='ltr'><strong>fuit,</strong></span> <span class='ocrx_word' id='word_1_266' title='bbox 839 3989 879 4050; x_wconf 93' lang='lat' dir='ltr'><strong>ab</strong></span> <span class='ocrx_word' id='word_1_267' title='bbox 901 3983 1077 4070; x_wconf 83' lang='lat' dir='ltr'><strong>Apollonio</strong></span> <span class='ocrx_word' id='word_1_268' title='bbox 1098 3983 1293 4050; x_wconf 85' lang='lat' dir='ltr'><strong>intellectus.</strong></span> 
     </span>
     <span class='ocr_line' id='line_1_34' title="bbox 256 4081 1295 4178; baseline -0.009 -24"><span class='ocrx_word' id='word_1_269' title='bbox 256 4091 308 4154; x_wconf 82' lang='lat' dir='ltr'><strong>Ex</strong></span> <span class='ocrx_word' id='word_1_270' title='bbox 330 4087 450 4178; x_wconf 85' lang='lat' dir='ltr'><strong>quibus</strong></span> <span class='ocrx_word' id='word_1_271' title='bbox 475 4089 627 4176; x_wconf 84' lang='lat' dir='ltr'><strong>adparet,</strong></span> <span class='ocrx_word' id='word_1_272' title='bbox 661 4087 776 4174; x_wconf 84' lang='lat' dir='ltr'><strong>palsrm</strong></span> <span class='ocrx_word' id='word_1_273' title='bbox 797 4107 871 4164; x_wconf 84' lang='lat' dir='ltr'><strong>eos,</strong></span> <span class='ocrx_word' id='word_1_274' title='bbox 904 4103 942 4152; x_wconf 90' lang='lat' dir='ltr'><strong>ut</strong></span> <span class='ocrx_word' id='word_1_275' title='bbox 964 4085 1019 4162; x_wconf 85' lang='lat' dir='ltr'><strong>fit,</strong></span> <span class='ocrx_word' id='word_1_276' title='bbox 1051 4084 1138 4152; x_wconf 87' lang='lat' dir='ltr'><strong>inter</strong></span> <span class='ocrx_word' id='word_1_277' title='bbox 1156 4087 1188 4152; x_wconf 83' lang='lat' dir='ltr'><strong>le</strong></span> <span class='ocrx_word' id='word_1_278' title='bbox 1206 4081 1295 4150; x_wconf 79' lang='lat' dir='ltr'><strong>tuille</strong></span> 
     </span>
    </p>
   </div>
   <div class='ocr_carea' id='block_1_7' title="bbox 0 0 1386 4954">
    <p class='ocr_par' dir='ltr' id='par_1_7' title="bbox 0 0 1386 4954">
     <span class='ocr_line' id='line_1_35' title="bbox 0 0 1386 4954; baseline 0 0"><span class='ocrx_word' id='word_1_279' title='bbox 0 0 1386 4954; x_wconf 95' lang='lat' dir='ltr'><strong> </strong></span> 
     </span>
    </p>
   </div>
  </div>
 </body>
</html>
