<?xml version="1.0" encoding="UTF-8"?>
<!DOCTYPE html PUBLIC "-//W3C//DTD XHTML 1.0 Transitional//EN"
    "http://www.w3.org/TR/xhtml1/DTD/xhtml1-transitional.dtd">
<html xmlns="http://www.w3.org/1999/xhtml" xml:lang="en" lang="en">
 <head>
  <title>
</title>
<meta http-equiv="Content-Type" content="text/html;charset=utf-8" />
  <meta name='ocr-system' content='tesseract 3.04.00' />
  <meta name='ocr-capabilities' content='ocr_page ocr_carea ocr_par ocr_line ocrx_word'/>
</head>
<body>
  <div class='ocr_page' id='page_1' title='image "./pomponiimelaede06melagoog_0037.png"; bbox 0 0 2828 4966; ppageno 0'>
   <div class='ocr_carea' id='block_1_1' title="bbox 203 352 1079 431">
    <p class='ocr_par' dir='ltr' id='par_1_1' title="bbox 203 352 1079 431">
     <span class='ocr_line' id='line_1_1' title="bbox 203 352 1079 431; baseline 0 -21"><span class='ocrx_word' id='word_1_1' title='bbox 203 352 403 414; x_wconf 80' lang='lat' dir='ltr'>rurour.</span> <span class='ocrx_word' id='word_1_2' title='bbox 442 355 559 414; x_wconf 69' lang='lat' dir='ltr'>mut„</span> <span class='ocrx_word' id='word_1_3' title='bbox 601 355 679 410; x_wconf 71' lang='lat' dir='ltr'>nr.</span> <span class='ocrx_word' id='word_1_4' title='bbox 724 353 802 412; x_wconf 83' lang='lat' dir='ltr'>cr.</span> <span class='ocrx_word' id='word_1_5' title='bbox 841 353 920 424; x_wconf 73' lang='lat' dir='ltr'>ta.</span> <span class='ocrx_word' id='word_1_6' title='bbox 1039 363 1079 431; x_wconf 76' lang='lat'>²7</span> 
     </span>
    </p>
   </div>
   <div class='ocr_carea' id='block_1_2' title="bbox 52 517 1100 3030">
    <p class='ocr_par' dir='ltr' id='par_1_2' title="bbox 52 517 1100 3030">
     <span class='ocr_line' id='line_1_2' title="bbox 52 517 1078 620; baseline 0 -28"><span class='ocrx_word' id='word_1_7' title='bbox 52 599 53 604; x_wconf 9' lang='grc' dir='ltr'>η</span> <span class='ocrx_word' id='word_1_8' title='bbox 97 552 116 600; x_wconf 87' lang='grc' dir='ltr'>ι,</span> <span class='ocrx_word' id='word_1_9' title='bbox 132 531 182 613; x_wconf 83' lang='lat'>15.]</span> <span class='ocrx_word' id='word_1_10' title='bbox 216 529 325 592; x_wconf 80' lang='lat' dir='ltr'>Smeca</span> <span class='ocrx_word' id='word_1_11' title='bbox 347 529 429 590; x_wconf 88' lang='lat' dir='ltr'>dicit</span> <span class='ocrx_word' id='word_1_12' title='bbox 449 527 611 620; x_wconf 78' lang='lat' dir='ltr'>gestatam</span> <span class='ocrx_word' id='word_1_13' title='bbox 633 541 665 589; x_wconf 89' lang='lat' dir='ltr'>et</span> <span class='ocrx_word' id='word_1_14' title='bbox 679 517 896 619; x_wconf 68' lang='lat' dir='ltr'>sustentatam</span> <span class='ocrx_word' id='word_1_15' title='bbox 918 526 993 592; x_wconf 85' lang='lat' dir='ltr'>Nat.</span> <span class='ocrx_word' id='word_1_16' title='bbox 1013 527 1078 610; x_wconf 79' lang='lat' dir='ltr'>Qu.</span> 
     </span>
     <span class='ocr_line' id='line_1_3' title="bbox 96 628 1081 702; baseline -0.005 -7"><span class='ocrx_word' id='word_1_17' title='bbox 96 636 116 702; x_wconf 87' lang='grc'>6,</span> <span class='ocrx_word' id='word_1_18' title='bbox 131 634 152 694; x_wconf 83' lang='grc'><strong>6.</strong></span> <span class='ocrx_word' id='word_1_19' title='bbox 171 631 215 691; x_wconf 87' lang='lat' dir='ltr'>ubi</span> <span class='ocrx_word' id='word_1_20' title='bbox 230 631 328 701; x_wconf 83' lang='lat' dir='ltr'>addit,</span> <span class='ocrx_word' id='word_1_21' title='bbox 355 629 535 694; x_wconf 74' lang='lat' dir='ltr'>Thaletem</span> <span class='ocrx_word' id='word_1_22' title='bbox 551 629 711 700; x_wconf 88' lang='lat' dir='ltr'>iudicalle.</span> <span class='ocrx_word' id='word_1_23' title='bbox 736 642 850 690; x_wconf 86' lang='lat' dir='ltr'>terram</span> <span class='ocrx_word' id='word_1_24' title='bbox 868 628 1007 692; x_wconf 79' lang='lat' dir='ltr'>subiecto</span> <span class='ocrx_word' id='word_1_25' title='bbox 1021 629 1081 691; x_wconf 85' lang='lat' dir='ltr'>lur-</span> 
     </span>
     <span class='ocr_line' id='line_1_4' title="bbox 95 731 1084 812; baseline 0 -18"><span class='ocrx_word' id='word_1_26' title='bbox 95 752 151 794; x_wconf 83' lang='lat' dir='ltr'>uon</span> <span class='ocrx_word' id='word_1_27' title='bbox 167 734 266 812; x_wconf 83' lang='lat' dir='ltr'>portari</span> <span class='ocrx_word' id='word_1_28' title='bbox 291 745 324 793; x_wconf 86' lang='lat' dir='ltr'>et</span> <span class='ocrx_word' id='word_1_29' title='bbox 344 732 508 794; x_wconf 83' lang='lat' dir='ltr'>innatare.</span> <span class='ocrx_word' id='word_1_30' title='bbox 552 751 577 792; x_wconf 88' lang='lat'>1.</span> <span class='ocrx_word' id='word_1_31' title='bbox 604 749 802 794; x_wconf 79' lang='lat' dir='ltr'>cnouovrva</span> <span class='ocrx_word' id='word_1_32' title='bbox 825 731 902 792; x_wconf 83' lang='lat' dir='ltr'>MS.</span> <span class='ocrx_word' id='word_1_33' title='bbox 954 731 1084 794; x_wconf 80' lang='lat' dir='ltr'>Exilaut</span> 
     </span>
     <span class='ocr_line' id='line_1_5' title="bbox 96 830 1085 915; baseline 0.001 -22"><span class='ocrx_word' id='word_1_34' title='bbox 96 833 232 915; x_wconf 81' lang='lat' dir='ltr'>unipicitur</span> <span class='ocrx_word' id='word_1_35' title='bbox 247 854 284 895; x_wconf 83' lang='lat' dir='ltr'>er</span> <span class='ocrx_word' id='word_1_36' title='bbox 299 834 475 896; x_wconf 74' lang='lat' dir='ltr'>veteribus</span> <span class='ocrx_word' id='word_1_37' title='bbox 496 830 711 915; x_wconf 83' lang='lat' dir='ltr'>philosophia.</span> <span class='ocrx_word' id='word_1_38' title='bbox 739 835 794 914; x_wconf 91' lang='lat' dir='ltr'>qni</span> <span class='ocrx_word' id='word_1_39' title='bbox 817 831 928 894; x_wconf 89' lang='lat' dir='ltr'>orbem</span> <span class='ocrx_word' id='word_1_40' title='bbox 946 833 1085 894; x_wconf 79' lang='lat' dir='ltr'>conside·</span> 
     </span>
     <span class='ocr_line' id='line_1_6' title="bbox 95 931 1087 1018; baseline 0.001 -25"><span class='ocrx_word' id='word_1_41' title='bbox 95 951 136 994; x_wconf 87' lang='lat' dir='ltr'>nn</span> <span class='ocrx_word' id='word_1_42' title='bbox 158 950 295 1016; x_wconf 83' lang='lat' dir='ltr'>umquam</span> <span class='ocrx_word' id='word_1_43' title='bbox 326 931 472 996; x_wconf 86' lang='lat' dir='ltr'>formam</span> <span class='ocrx_word' id='word_1_44' title='bbox 499 953 633 1018; x_wconf 83' lang='lat' dir='ltr'>magnae</span> <span class='ocrx_word' id='word_1_45' title='bbox 660 935 741 994; x_wconf 84' lang='lat' dir='ltr'>naria</span> <span class='ocrx_word' id='word_1_46' title='bbox 774 933 1000 1002; x_wconf 80' lang='lat' dir='ltr'>exhibentem,</span> <span class='ocrx_word' id='word_1_47' title='bbox 1034 933 1087 996; x_wconf 82' lang='lat' dir='ltr'>vel</span> 
     </span>
     <span class='ocr_line' id='line_1_7' title="bbox 93 1025 1087 1126; baseline 0 -32"><span class='ocrx_word' id='word_1_48' title='bbox 93 1037 185 1118; x_wconf 72' lang='lat' dir='ltr'>globum</span> <span class='ocrx_word' id='word_1_49' title='bbox 206 1038 355 1120; x_wconf 81' lang='lat' dir='ltr'>ligneum.</span> <span class='ocrx_word' id='word_1_50' title='bbox 412 1035 528 1098; x_wconf 79' lang='lat' dir='ltr'>Festus</span> <span class='ocrx_word' id='word_1_51' title='bbox 553 1037 589 1096; x_wconf 87' lang='lat' dir='ltr'>iu</span> <span class='ocrx_word' id='word_1_52' title='bbox 615 1054 694 1096; x_wconf 78' lang='lat' dir='ltr'>voce</span> <span class='ocrx_word' id='word_1_53' title='bbox 719 1025 877 1126; x_wconf 84' lang='lat' dir='ltr'>sublimis.</span> <span class='ocrx_word' id='word_1_54' title='bbox 922 1053 1087 1095; x_wconf 76' lang='lat' dir='ltr'>uvantu-</span> 
     </span>
     <span class='ocr_line' id='line_1_8' title="bbox 92 1133 1087 1218; baseline 0.002 -20"><span class='ocrx_word' id='word_1_55' title='bbox 92 1157 131 1198; x_wconf 80' lang='lat' dir='ltr'>ns</span> <span class='ocrx_word' id='word_1_56' title='bbox 147 1135 207 1198; x_wconf 61' lang='lat'><em>2118.</em></span> <span class='ocrx_word' id='word_1_57' title='bbox 251 1139 299 1197; x_wconf 84' lang='lat' dir='ltr'>Dc</span> <span class='ocrx_word' id='word_1_58' title='bbox 316 1137 371 1197; x_wconf 85' lang='lat' dir='ltr'>illa</span> <span class='ocrx_word' id='word_1_59' title='bbox 392 1138 544 1198; x_wconf 77' lang='lat' dir='ltr'><strong>Thaletis</strong></span> <span class='ocrx_word' id='word_1_60' title='bbox 566 1133 719 1218; x_wconf 82' lang='lat' dir='ltr'>opinione</span> <span class='ocrx_word' id='word_1_61' title='bbox 743 1133 784 1198; x_wconf 84' lang='lat' dir='ltr'>cl.</span> <span class='ocrx_word' id='word_1_62' title='bbox 809 1137 905 1198; x_wconf 84' lang='lat' dir='ltr'>etiam</span> <span class='ocrx_word' id='word_1_63' title='bbox 930 1135 1087 1200; x_wconf 80' lang='lat' dir='ltr'>Aristotel.</span> 
     </span>
     <span class='ocr_line' id='line_1_9' title="bbox 93 1237 1088 1320; baseline 0.004 -25"><span class='ocrx_word' id='word_1_64' title='bbox 93 1237 194 1298; x_wconf 76' lang='lat' dir='ltr'>derceio</span> <span class='ocrx_word' id='word_1_65' title='bbox 206 1253 237 1306; x_wconf 78' lang='lat' dir='ltr'>a,</span> <span class='ocrx_word' id='word_1_66' title='bbox 255 1253 309 1316; x_wconf 81' lang='lat'>13.</span> <span class='ocrx_word' id='word_1_67' title='bbox 337 1251 372 1298; x_wconf 83' lang='lat' dir='ltr'>et</span> <span class='ocrx_word' id='word_1_68' title='bbox 388 1239 515 1300; x_wconf 80' lang='lat' dir='ltr'>Seneca</span> <span class='ocrx_word' id='word_1_69' title='bbox 536 1240 571 1298; x_wconf 90' lang='lat' dir='ltr'>in</span> <span class='ocrx_word' id='word_1_70' title='bbox 590 1237 664 1298; x_wconf 87' lang='lat' dir='ltr'>Nat.</span> <span class='ocrx_word' id='word_1_71' title='bbox 684 1237 749 1320; x_wconf 87' lang='lat' dir='ltr'>Qu.</span> <span class='ocrx_word' id='word_1_72' title='bbox 769 1251 802 1316; x_wconf 80' lang='lat'>3.</span> <span class='ocrx_word' id='word_1_73' title='bbox 827 1251 883 1316; x_wconf 79' lang='lat'>13.</span> <span class='ocrx_word' id='word_1_74' title='bbox 908 1238 972 1307; x_wconf 86' lang='lat' dir='ltr'>ubi.</span> <span class='ocrx_word' id='word_1_75' title='bbox 999 1237 1088 1320; x_wconf 87' lang='lat' dir='ltr'>quod</span> 
     </span>
     <span class='ocr_line' id='line_1_10' title="bbox 92 1335 1088 1422; baseline 0.004 -26"><span class='ocrx_word' id='word_1_76' title='bbox 92 1355 152 1399; x_wconf 77' lang='lat' dir='ltr'>anua</span> <span class='ocrx_word' id='word_1_77' title='bbox 168 1335 268 1400; x_wconf 77' lang='lat' dir='ltr'>lacem</span> <span class='ocrx_word' id='word_1_78' title='bbox 289 1339 501 1408; x_wconf 75' lang='lat' dir='ltr'>Aristotelea,</span> <span class='ocrx_word' id='word_1_79' title='bbox 532 1339 622 1400; x_wconf 87' lang='lat' dir='ltr'>etin</span> <span class='ocrx_word' id='word_1_80' title='bbox 646 1341 744 1422; x_wconf 90' lang='lat' dir='ltr'>priori</span> <span class='ocrx_word' id='word_1_81' title='bbox 765 1340 834 1400; x_wconf 88' lang='lat' dir='ltr'>loco</span> <span class='ocrx_word' id='word_1_82' title='bbox 857 1359 927 1400; x_wconf 84' lang='lat' dir='ltr'>eam</span> <span class='ocrx_word' id='word_1_83' title='bbox 952 1337 1088 1402; x_wconf 75' lang='lat' dir='ltr'>refutare</span> 
     </span>
     <span class='ocr_line' id='line_1_11' title="bbox 93 1439 1089 1524; baseline 0.005 -26"><span class='ocrx_word' id='word_1_84' title='bbox 93 1453 191 1508; x_wconf 80' lang='lat' dir='ltr'>uratur,</span> <span class='ocrx_word' id='word_1_85' title='bbox 212 1441 295 1520; x_wconf 84' lang='lat' dir='ltr'>qnod</span> <span class='ocrx_word' id='word_1_86' title='bbox 312 1455 417 1502; x_wconf 86' lang='lat' dir='ltr'>terrae</span> <span class='ocrx_word' id='word_1_87' title='bbox 433 1455 544 1502; x_wconf 81' lang='lat' dir='ltr'>motus</span> <span class='ocrx_word' id='word_1_88' title='bbox 558 1441 634 1502; x_wconf 85' lang='lat' dir='ltr'>inde</span> <span class='ocrx_word' id='word_1_89' title='bbox 655 1441 804 1522; x_wconf 86' lang='lat' dir='ltr'>explicari</span> <span class='ocrx_word' id='word_1_90' title='bbox 819 1439 904 1521; x_wconf 87' lang='lat' dir='ltr'>polle</span> <span class='ocrx_word' id='word_1_91' title='bbox 926 1439 979 1502; x_wconf 84' lang='lat' dir='ltr'>illa</span> <span class='ocrx_word' id='word_1_92' title='bbox 999 1455 1089 1524; x_wconf 84' lang='lat' dir='ltr'>puta·</span> 
     </span>
     <span class='ocr_line' id='line_1_12' title="bbox 92 1541 1088 1624; baseline 0.009 -26"><span class='ocrx_word' id='word_1_93' title='bbox 92 1557 129 1610; x_wconf 73' lang='lat' dir='ltr'>nt</span> <span class='ocrx_word' id='word_1_94' title='bbox 146 1543 190 1609; x_wconf 78' lang='lat' dir='ltr'>uti,</span> <span class='ocrx_word' id='word_1_95' title='bbox 211 1541 283 1604; x_wconf 79' lang='lat' dir='ltr'>trite</span> <span class='ocrx_word' id='word_1_96' title='bbox 305 1541 488 1604; x_wconf 81' lang='lat' dir='ltr'>Plutarcho</span> <span class='ocrx_word' id='word_1_97' title='bbox 511 1541 552 1602; x_wconf 86' lang='lat' dir='ltr'>do</span> <span class='ocrx_word' id='word_1_98' title='bbox 576 1542 698 1624; x_wconf 76' lang='lat' dir='ltr'>placitis</span> <span class='ocrx_word' id='word_1_99' title='bbox 720 1541 940 1624; x_wconf 80' lang='lat' dir='ltr'>philosopher.</span> <span class='ocrx_word' id='word_1_100' title='bbox 973 1555 1003 1622; x_wconf 77' lang='lat'>3.</span> <span class='ocrx_word' id='word_1_101' title='bbox 1032 1553 1088 1620; x_wconf 79' lang='lat'>15.</span> 
     </span>
     <span class='ocr_line' id='line_1_13' title="bbox 91 1641 1089 1726; baseline 0.009 -27"><span class='ocrx_word' id='word_1_102' title='bbox 91 1641 257 1706; x_wconf 76' lang='lat' dir='ltr'>Democritea.</span> <span class='ocrx_word' id='word_1_103' title='bbox 308 1645 359 1705; x_wconf 86' lang='lat' dir='ltr'>lta</span> <span class='ocrx_word' id='word_1_104' title='bbox 382 1661 465 1704; x_wconf 84' lang='lat' dir='ltr'>vero</span> <span class='ocrx_word' id='word_1_105' title='bbox 489 1643 586 1704; x_wconf 86' lang='lat' dir='ltr'>etiam</span> <span class='ocrx_word' id='word_1_106' title='bbox 611 1643 697 1704; x_wconf 84' lang='lat' dir='ltr'>Zeno</span> <span class='ocrx_word' id='word_1_107' title='bbox 716 1644 801 1723; x_wconf 85' lang='lat' dir='ltr'>apud</span> <span class='ocrx_word' id='word_1_108' title='bbox 825 1645 962 1726; x_wconf 80' lang='lat' dir='ltr'><strong>Diogen.</strong></span> <span class='ocrx_word' id='word_1_109' title='bbox 986 1645 1089 1708; x_wconf 84' lang='lat' dir='ltr'>Laert.</span> 
     </span>
     <span class='ocr_line' id='line_1_14' title="bbox 94 1734 1093 1832; baseline 0.002 -28"><span class='ocrx_word' id='word_1_110' title='bbox 94 1757 114 1814; x_wconf 73' lang='lat'>7,</span> <span class='ocrx_word' id='word_1_111' title='bbox 132 1755 176 1818; x_wconf 71' lang='lat' dir='ltr'>aa.</span> <span class='ocrx_word' id='word_1_112' title='bbox 197 1742 217 1806; x_wconf 90' lang='lat' dir='ltr'>l.</span> <span class='ocrx_word' id='word_1_113' title='bbox 237 1755 318 1822; x_wconf 85' lang='lat'>155.</span> <span class='ocrx_word' id='word_1_114' title='bbox 349 1737 415 1832; x_wconf 70' lang='grc' dir='ltr'>τὴν</span> <span class='ocrx_word' id='word_1_115' title='bbox 445 1745 507 1828; x_wconf 77' lang='grc' dir='ltr'>γῆν</span> <span class='ocrx_word' id='word_1_116' title='bbox 538 1738 568 1807; x_wconf 77' lang='grc' dir='ltr'>ἐν</span> <span class='ocrx_word' id='word_1_117' title='bbox 598 1737 693 1807; x_wconf 77' lang='grc' dir='ltr'><strong><em>ὕδατι</em></strong></span> <span class='ocrx_word' id='word_1_118' title='bbox 722 1734 804 1808; x_wconf 79' lang='grc' dir='ltr'><strong><em>εἶναι</em></strong></span> <span class='ocrx_word' id='word_1_119' title='bbox 830 1745 1000 1818; x_wconf 75' lang='lat' dir='ltr'>tradiderat</span> <span class='ocrx_word' id='word_1_120' title='bbox 1026 1747 1093 1806; x_wconf 87' lang='lat' dir='ltr'>alii·</span> 
     </span>
     <span class='ocr_line' id='line_1_15' title="bbox 92 1837 1093 1935; baseline 0.005 -33"><span class='ocrx_word' id='word_1_121' title='bbox 92 1861 131 1922; x_wconf 84' lang='lat' dir='ltr'>qu</span> <span class='ocrx_word' id='word_1_122' title='bbox 145 1846 244 1924; x_wconf 73' lang='lat' dir='ltr'>ploret.</span> <span class='ocrx_word' id='word_1_123' title='bbox 276 1845 408 1908; x_wconf 72' lang='lat' dir='ltr'>Plinius</span> <span class='ocrx_word' id='word_1_124' title='bbox 424 1861 458 1916; x_wconf 88' lang='lat'>2,</span> <span class='ocrx_word' id='word_1_125' title='bbox 473 1847 533 1908; x_wconf 89' lang='grc'><strong>66.</strong></span> <span class='ocrx_word' id='word_1_126' title='bbox 560 1847 592 1906; x_wconf 88' lang='lat' dir='ltr'>in</span> <span class='ocrx_word' id='word_1_127' title='bbox 608 1858 678 1908; x_wconf 86' lang='lat' dir='ltr'>toto</span> <span class='ocrx_word' id='word_1_128' title='bbox 690 1837 754 1935; x_wconf 83' lang='lat' dir='ltr'>sno</span> <span class='ocrx_word' id='word_1_129' title='bbox 770 1842 863 1926; x_wconf 81' lang='lat' dir='ltr'>globo</span> <span class='ocrx_word' id='word_1_130' title='bbox 881 1845 977 1906; x_wconf 82' lang='lat' dir='ltr'>tellus</span> <span class='ocrx_word' id='word_1_131' title='bbox 990 1846 1093 1908; x_wconf 80' lang='lat' dir='ltr'>medio</span> 
     </span>
     <span class='ocr_line' id='line_1_16' title="bbox 92 1941 1090 2038; baseline 0.009 -37"><span class='ocrx_word' id='word_1_132' title='bbox 92 1943 178 2003; x_wconf 73' lang='lat' dir='ltr'>inlitu</span> <span class='ocrx_word' id='word_1_133' title='bbox 200 1949 384 2027; x_wconf 76' lang='lat' dir='ltr'>praecincta</span> <span class='ocrx_word' id='word_1_134' title='bbox 417 1945 462 2038; x_wconf 82' lang='lat' dir='ltr'>est</span> <span class='ocrx_word' id='word_1_135' title='bbox 484 1941 666 2032; x_wconf 84' lang='lat' dir='ltr'>circumfluo</span> <span class='ocrx_word' id='word_1_136' title='bbox 691 1947 782 2010; x_wconf 74' lang='lat' dir='ltr'>inari.</span> <span class='ocrx_word' id='word_1_137' title='bbox 834 1947 925 2008; x_wconf 86' lang='lat' dir='ltr'><strong>Idem</strong></span> <span class='ocrx_word' id='word_1_138' title='bbox 950 1962 982 2018; x_wconf 86' lang='lat'>2,</span> <span class='ocrx_word' id='word_1_139' title='bbox 1012 1963 1090 2010; x_wconf 79' lang='lat'>112.</span> 
     </span>
     <span class='ocr_line' id='line_1_17' title="bbox 93 2037 1094 2136; baseline 0.009 -34"><span class='ocrx_word' id='word_1_140' title='bbox 93 2041 107 2103; x_wconf 89' lang='lat' dir='ltr'>l.</span> <span class='ocrx_word' id='word_1_141' title='bbox 122 2057 183 2122; x_wconf 75' lang='lat'><strong>¹⁰8·</strong></span> <span class='ocrx_word' id='word_1_142' title='bbox 204 2047 328 2108; x_wconf 83' lang='lat' dir='ltr'>Oceano</span> <span class='ocrx_word' id='word_1_143' title='bbox 345 2049 438 2108; x_wconf 77' lang='lat' dir='ltr'>vehit</span> <span class='ocrx_word' id='word_1_144' title='bbox 451 2049 599 2108; x_wconf 78' lang='lat' dir='ltr'>innotare</span> <span class='ocrx_word' id='word_1_145' title='bbox 613 2048 700 2108; x_wconf 87' lang='lat' dir='ltr'>dicit.</span> <span class='ocrx_word' id='word_1_146' title='bbox 729 2043 871 2134; x_wconf 66' lang='grc' dir='ltr'>Πλωτὴν</span> <span class='ocrx_word' id='word_1_147' title='bbox 888 2037 968 2110; x_wconf 78' lang='grc' dir='ltr'><em>εἶναι</em></span> <span class='ocrx_word' id='word_1_148' title='bbox 987 2040 1094 2136; x_wconf 67' lang='grc' dir='ltr'>ὥσπερ</span> 
     </span>
     <span class='ocr_line' id='line_1_18' title="bbox 94 2131 1094 2230; baseline 0.008 -27"><span class='ocrx_word' id='word_1_149' title='bbox 94 2131 164 2214; x_wconf 64' lang='lat' dir='ltr'>illu</span> <span class='ocrx_word' id='word_1_150' title='bbox 181 2145 422 2210; x_wconf 81' lang='lat' dir='ltr'>vetustissimam</span> <span class='ocrx_word' id='word_1_151' title='bbox 438 2147 527 2210; x_wconf 81' lang='lat' dir='ltr'>suille</span> <span class='ocrx_word' id='word_1_152' title='bbox 542 2149 729 2230; x_wconf 85' lang='lat' dir='ltr'>opinionem</span> <span class='ocrx_word' id='word_1_153' title='bbox 747 2161 875 2211; x_wconf 88' lang='lat' dir='ltr'>auctore</span> <span class='ocrx_word' id='word_1_154' title='bbox 893 2149 1027 2212; x_wconf 79' lang='lat' dir='ltr'>Thalete</span> <span class='ocrx_word' id='word_1_155' title='bbox 1048 2169 1094 2211; x_wconf 89' lang='lat' dir='ltr'>re·</span> 
     </span>
     <span class='ocr_line' id='line_1_19' title="bbox 95 2241 1096 2334; baseline 0.009 -30"><span class='ocrx_word' id='word_1_156' title='bbox 95 2241 135 2304; x_wconf 78' lang='lat' dir='ltr'>lert</span> <span class='ocrx_word' id='word_1_157' title='bbox 147 2249 306 2310; x_wconf 82' lang='lat' dir='ltr'>lrillotelea</span> <span class='ocrx_word' id='word_1_158' title='bbox 323 2271 352 2311; x_wconf 89' lang='lat' dir='ltr'>c.</span> <span class='ocrx_word' id='word_1_159' title='bbox 376 2251 401 2312; x_wconf 92' lang='lat' dir='ltr'>l.</span> <span class='ocrx_word' id='word_1_160' title='bbox 454 2249 539 2311; x_wconf 88' lang='lat' dir='ltr'>Loca</span> <span class='ocrx_word' id='word_1_161' title='bbox 556 2251 655 2310; x_wconf 89' lang='lat' dir='ltr'>multa</span> <span class='ocrx_word' id='word_1_162' title='bbox 677 2249 765 2310; x_wconf 86' lang='lat' dir='ltr'>dedit</span> <span class='ocrx_word' id='word_1_163' title='bbox 782 2249 905 2333; x_wconf 76' lang='lat' dir='ltr'>Lipsius</span> <span class='ocrx_word' id='word_1_164' title='bbox 919 2254 951 2310; x_wconf 88' lang='lat' dir='ltr'>in</span> <span class='ocrx_word' id='word_1_165' title='bbox 969 2251 1096 2334; x_wconf 79' lang='lat' dir='ltr'>physio·</span> 
     </span>
     <span class='ocr_line' id='line_1_20' title="bbox 95 2346 1096 2432; baseline 0.002 -20"><span class='ocrx_word' id='word_1_166' title='bbox 95 2346 152 2428; x_wconf 63' lang='lat' dir='ltr'>logia</span> <span class='ocrx_word' id='word_1_167' title='bbox 170 2351 343 2412; x_wconf 86' lang='lat' dir='ltr'>Stoicorum</span> <span class='ocrx_word' id='word_1_168' title='bbox 366 2350 429 2412; x_wconf 91' lang='lat' dir='ltr'>lib.</span> <span class='ocrx_word' id='word_1_169' title='bbox 448 2367 480 2414; x_wconf 81' lang='lat'>2.</span> <span class='ocrx_word' id='word_1_170' title='bbox 500 2350 617 2412; x_wconf 81' lang='lat' dir='ltr'>differt.</span> <span class='ocrx_word' id='word_1_171' title='bbox 643 2365 697 2425; x_wconf 81' lang='lat'>17.</span> <span class='ocrx_word' id='word_1_172' title='bbox 751 2351 836 2412; x_wconf 89' lang='lat' dir='ltr'>Hinc</span> <span class='ocrx_word' id='word_1_173' title='bbox 860 2349 957 2432; x_wconf 82' lang='lat' dir='ltr'>ipsam</span> <span class='ocrx_word' id='word_1_174' title='bbox 982 2365 1096 2414; x_wconf 87' lang='lat' dir='ltr'>terram</span> 
     </span>
     <span class='ocr_line' id='line_1_21' title="bbox 95 2449 1095 2522; baseline 0.009 -17"><span class='ocrx_word' id='word_1_175' title='bbox 95 2449 294 2512; x_wconf 85' lang='lat' dir='ltr'>uoltiinlulam</span> <span class='ocrx_word' id='word_1_176' title='bbox 309 2465 452 2522; x_wconf 81' lang='lat' dir='ltr'>vocant,</span> <span class='ocrx_word' id='word_1_177' title='bbox 480 2463 515 2510; x_wconf 88' lang='lat' dir='ltr'>ut</span> <span class='ocrx_word' id='word_1_178' title='bbox 529 2451 643 2514; x_wconf 87' lang='lat' dir='ltr'>Cicero</span> <span class='ocrx_word' id='word_1_179' title='bbox 660 2451 700 2513; x_wconf 87' lang='lat' dir='ltr'>de</span> <span class='ocrx_word' id='word_1_180' title='bbox 717 2451 790 2514; x_wconf 85' lang='lat' dir='ltr'>Nat.</span> <span class='ocrx_word' id='word_1_181' title='bbox 808 2455 906 2514; x_wconf 85' lang='lat' dir='ltr'>Deor.</span> <span class='ocrx_word' id='word_1_182' title='bbox 931 2469 970 2522; x_wconf 83' lang='lat'>2.-</span> <span class='ocrx_word' id='word_1_183' title='bbox 981 2455 1039 2517; x_wconf 88' lang='lat'>66.</span> <span class='ocrx_word' id='word_1_184' title='bbox 1061 2455 1095 2514; x_wconf 89' lang='lat' dir='ltr'>in</span> 
     </span>
     <span class='ocr_line' id='line_1_22' title="bbox 95 2547 1095 2634; baseline 0.006 -26"><span class='ocrx_word' id='word_1_185' title='bbox 95 2547 259 2634; x_wconf 77' lang='lat' dir='ltr'>Somnsdp.</span> <span class='ocrx_word' id='word_1_186' title='bbox 277 2573 305 2614; x_wconf 93' lang='lat' dir='ltr'>c.</span> <span class='ocrx_word' id='word_1_187' title='bbox 325 2555 362 2616; x_wconf 88' lang='lat'>6.</span> <span class='ocrx_word' id='word_1_188' title='bbox 391 2553 432 2614; x_wconf 85' lang='lat' dir='ltr'>ad</span> <span class='ocrx_word' id='word_1_189' title='bbox 448 2571 545 2634; x_wconf 87' lang='lat' dir='ltr'>quem</span> <span class='ocrx_word' id='word_1_190' title='bbox 561 2549 600 2614; x_wconf 82' lang='lat' dir='ltr'>ci.</span> <span class='ocrx_word' id='word_1_191' title='bbox 618 2551 799 2615; x_wconf 75' lang='lat' dir='ltr'>Macrobioe</span> <span class='ocrx_word' id='word_1_192' title='bbox 816 2569 848 2621; x_wconf 78' lang='lat'>2.</span> <span class='ocrx_word' id='word_1_193' title='bbox 864 2572 898 2632; x_wconf 89' lang='lat'>9.</span> <span class='ocrx_word' id='word_1_194' title='bbox 929 2555 1041 2616; x_wconf 85' lang='lat' dir='ltr'>Strabo</span> <span class='ocrx_word' id='word_1_195' title='bbox 1066 2576 1095 2624; x_wconf 87' lang='grc' dir='ltr'>ι,</span> 
     </span>
     <span class='ocr_line' id='line_1_23' title="bbox 94 2649 1098 2734; baseline 0.004 -22"><span class='ocrx_word' id='word_1_196' title='bbox 94 2667 116 2726; x_wconf 84' lang='lat' dir='ltr'>p.</span> <span class='ocrx_word' id='word_1_197' title='bbox 128 2663 152 2726; x_wconf 80' lang='lat'>5.</span> <span class='ocrx_word' id='word_1_198' title='bbox 171 2649 189 2714; x_wconf 86' lang='lat' dir='ltr'>l.</span> <span class='ocrx_word' id='word_1_199' title='bbox 205 2665 235 2732; x_wconf 85' lang='lat'>5.</span> <span class='ocrx_word' id='word_1_200' title='bbox 269 2652 413 2734; x_wconf 81' lang='lat' dir='ltr'>Dionys.</span> <span class='ocrx_word' id='word_1_201' title='bbox 439 2675 473 2716; x_wconf 77' lang='lat' dir='ltr'>v.</span> <span class='ocrx_word' id='word_1_202' title='bbox 495 2665 530 2732; x_wconf 71' lang='lat'>4.</span> <span class='ocrx_word' id='word_1_203' title='bbox 562 2667 655 2716; x_wconf 82' lang='lat' dir='ltr'>etex</span> <span class='ocrx_word' id='word_1_204' title='bbox 682 2673 720 2715; x_wconf 85' lang='lat' dir='ltr'>eo</span> <span class='ocrx_word' id='word_1_205' title='bbox 744 2653 919 2714; x_wconf 81' lang='lat' dir='ltr'>Priscianua</span> <span class='ocrx_word' id='word_1_206' title='bbox 943 2676 975 2715; x_wconf 85' lang='lat' dir='ltr'>v.</span> <span class='ocrx_word' id='word_1_207' title='bbox 1000 2671 1033 2734; x_wconf 87' lang='lat'>9.</span> <span class='ocrx_word' id='word_1_208' title='bbox 1065 2669 1098 2716; x_wconf 83' lang='lat' dir='ltr'>et</span> 
     </span>
     <span class='ocr_line' id='line_1_24' title="bbox 95 2750 1099 2818; baseline 0.005 -8"><span class='ocrx_word' id='word_1_209' title='bbox 95 2750 205 2815; x_wconf 76' lang='lat' dir='ltr'>lrieuua</span> <span class='ocrx_word' id='word_1_210' title='bbox 228 2775 262 2815; x_wconf 84' lang='lat' dir='ltr'>v.</span> <span class='ocrx_word' id='word_1_211' title='bbox 288 2771 350 2818; x_wconf 72' lang='grc' dir='ltr'><strong>η.</strong></span> <span class='ocrx_word' id='word_1_212' title='bbox 405 2755 478 2816; x_wconf 82' lang='lat' dir='ltr'>vid.</span> <span class='ocrx_word' id='word_1_213' title='bbox 503 2753 628 2816; x_wconf 82' lang='lat' dir='ltr'>Politua</span> <span class='ocrx_word' id='word_1_214' title='bbox 650 2756 684 2814; x_wconf 92' lang='lat' dir='ltr'>in</span> <span class='ocrx_word' id='word_1_215' title='bbox 707 2753 913 2815; x_wconf 80' lang='lat' dir='ltr'>animadvers.</span> <span class='ocrx_word' id='word_1_216' title='bbox 938 2757 971 2814; x_wconf 89' lang='lat' dir='ltr'>in</span> <span class='ocrx_word' id='word_1_217' title='bbox 995 2757 1099 2817; x_wconf 84' lang='lat' dir='ltr'>Eusta-</span> 
     </span>
     <span class='ocr_line' id='line_1_25' title="bbox 96 2849 1100 2940; baseline 0.012 -32"><span class='ocrx_word' id='word_1_218' title='bbox 96 2849 172 2912; x_wconf 79' lang='lat' dir='ltr'>niun</span> <span class='ocrx_word' id='word_1_219' title='bbox 189 2855 225 2916; x_wconf 85' lang='lat' dir='ltr'>ad</span> <span class='ocrx_word' id='word_1_220' title='bbox 244 2854 386 2938; x_wconf 78' lang='lat' dir='ltr'>Dionys.</span> <span class='ocrx_word' id='word_1_221' title='bbox 409 2855 465 2918; x_wconf 89' lang='lat' dir='ltr'>lib.</span> <span class='ocrx_word' id='word_1_222' title='bbox 488 2869 523 2918; x_wconf 77' lang='lat' dir='ltr'>a.</span> <span class='ocrx_word' id='word_1_223' title='bbox 542 2873 570 2918; x_wconf 88' lang='lat' dir='ltr'>c.</span> <span class='ocrx_word' id='word_1_224' title='bbox 588 2875 618 2918; x_wconf 89' lang='grc' dir='ltr'><strong>ι.</strong></span> <span class='ocrx_word' id='word_1_225' title='bbox 639 2875 672 2940; x_wconf 91' lang='lat' dir='ltr'>p.</span> <span class='ocrx_word' id='word_1_226' title='bbox 693 2856 775 2920; x_wconf 80' lang='lat'>162.</span> <span class='ocrx_word' id='word_1_227' title='bbox 802 2869 834 2918; x_wconf 87' lang='lat' dir='ltr'>et</span> <span class='ocrx_word' id='word_1_228' title='bbox 858 2876 939 2940; x_wconf 85' lang='lat' dir='ltr'>quae</span> <span class='ocrx_word' id='word_1_229' title='bbox 958 2854 1038 2918; x_wconf 82' lang='lat' dir='ltr'>infra</span> <span class='ocrx_word' id='word_1_230' title='bbox 1061 2859 1100 2920; x_wconf 88' lang='lat' dir='ltr'>ad</span> 
     </span>
     <span class='ocr_line' id='line_1_26' title="bbox 96 2951 331 3030; baseline 0.013 -13"><span class='ocrx_word' id='word_1_231' title='bbox 96 2951 155 3030; x_wconf 71' lang='grc'><strong>65.</strong></span> <span class='ocrx_word' id='word_1_232' title='bbox 173 2968 331 3020; x_wconf 81' lang='lat' dir='ltr'>notamur.</span> 
     </span>
    </p>
   </div>
   <div class='ocr_carea' id='block_1_3' title="bbox 100 3156 1105 3745">
    <p class='ocr_par' dir='ltr' id='par_1_3' title="bbox 100 3156 1105 3745">
     <span class='ocr_line' id='line_1_27' title="bbox 149 3156 1103 3244; baseline 0.002 -28"><span class='ocrx_word' id='word_1_233' title='bbox 149 3156 382 3244; x_wconf 81' lang='lat' dir='ltr'>eodemque)</span> <span class='ocrx_word' id='word_1_234' title='bbox 430 3158 628 3221; x_wconf 79' lang='lat' dir='ltr'>Sententiam</span> <span class='ocrx_word' id='word_1_235' title='bbox 642 3158 813 3240; x_wconf 85' lang='lat' dir='ltr'>explicavit</span> <span class='ocrx_word' id='word_1_236' title='bbox 828 3157 949 3240; x_wconf 80' lang='lat' dir='ltr'>Lipsius</span> <span class='ocrx_word' id='word_1_237' title='bbox 968 3159 1002 3218; x_wconf 93' lang='lat' dir='ltr'>in</span> <span class='ocrx_word' id='word_1_238' title='bbox 1017 3159 1103 3238; x_wconf 85' lang='lat' dir='ltr'>Phy-</span> 
     </span>
     <span class='ocr_line' id='line_1_28' title="bbox 100 3251 1104 3342; baseline 0.007 -27"><span class='ocrx_word' id='word_1_239' title='bbox 100 3251 197 3341; x_wconf 79' lang='lat' dir='ltr'>iologia</span> <span class='ocrx_word' id='word_1_240' title='bbox 212 3261 400 3324; x_wconf 87' lang='lat' dir='ltr'>Stoicorum</span> <span class='ocrx_word' id='word_1_241' title='bbox 419 3258 476 3322; x_wconf 89' lang='lat' dir='ltr'>lib.</span> <span class='ocrx_word' id='word_1_242' title='bbox 495 3277 525 3320; x_wconf 82' lang='lat' dir='ltr'>o.</span> <span class='ocrx_word' id='word_1_243' title='bbox 542 3257 607 3321; x_wconf 82' lang='lat' dir='ltr'>dili.</span> <span class='ocrx_word' id='word_1_244' title='bbox 629 3273 684 3334; x_wconf 81' lang='lat'>17.</span> <span class='ocrx_word' id='word_1_245' title='bbox 737 3258 864 3342; x_wconf 81' lang='lat' dir='ltr'>Nempe</span> <span class='ocrx_word' id='word_1_246' title='bbox 885 3273 999 3321; x_wconf 84' lang='lat' dir='ltr'>terram</span> <span class='ocrx_word' id='word_1_247' title='bbox 1022 3261 1104 3322; x_wconf 74' lang='lat' dir='ltr'>‹lice-</span> 
     </span>
     <span class='ocr_line' id='line_1_29' title="bbox 100 3351 1104 3444; baseline 0.007 -29"><span class='ocrx_word' id='word_1_248' title='bbox 100 3351 153 3416; x_wconf 77' lang='lat' dir='ltr'>htnt</span> <span class='ocrx_word' id='word_1_249' title='bbox 169 3359 283 3442; x_wconf 86' lang='lat' dir='ltr'>duplici</span> <span class='ocrx_word' id='word_1_250' title='bbox 309 3361 443 3424; x_wconf 85' lang='lat' dir='ltr'>Oceano</span> <span class='ocrx_word' id='word_1_251' title='bbox 466 3360 570 3421; x_wconf 83' lang='lat' dir='ltr'>dividi</span> <span class='ocrx_word' id='word_1_252' title='bbox 592 3372 625 3422; x_wconf 86' lang='lat' dir='ltr'>et</span> <span class='ocrx_word' id='word_1_253' title='bbox 646 3357 737 3422; x_wconf 84' lang='lat' dir='ltr'>velut</span> <span class='ocrx_word' id='word_1_254' title='bbox 763 3359 932 3434; x_wconf 84' lang='lat' dir='ltr'>decuffari;</span> <span class='ocrx_word' id='word_1_255' title='bbox 965 3361 1104 3444; x_wconf 82' lang='lat' dir='ltr'>priorem</span> 
     </span>
     <span class='ocr_line' id='line_1_30' title="bbox 101 3456 1105 3546; baseline 0.005 -29"><span class='ocrx_word' id='word_1_256' title='bbox 101 3456 141 3518; x_wconf 80' lang='lat' dir='ltr'>ele</span> <span class='ocrx_word' id='word_1_257' title='bbox 153 3460 246 3541; x_wconf 84' lang='lat' dir='ltr'>ipsum</span> <span class='ocrx_word' id='word_1_258' title='bbox 259 3481 380 3525; x_wconf 80' lang='lat' dir='ltr'>rerum</span> <span class='ocrx_word' id='word_1_259' title='bbox 394 3481 547 3546; x_wconf 86' lang='lat' dir='ltr'>magnum</span> <span class='ocrx_word' id='word_1_260' title='bbox 564 3460 747 3532; x_wconf 81' lang='lat' dir='ltr'>Oceanum,</span> <span class='ocrx_word' id='word_1_261' title='bbox 773 3463 827 3542; x_wconf 91' lang='lat' dir='ltr'>qui</span> <span class='ocrx_word' id='word_1_262' title='bbox 848 3475 959 3523; x_wconf 82' lang='lat' dir='ltr'>terram</span> <span class='ocrx_word' id='word_1_263' title='bbox 979 3461 1017 3522; x_wconf 86' lang='lat' dir='ltr'>ab</span> <span class='ocrx_word' id='word_1_264' title='bbox 1034 3475 1105 3524; x_wconf 87' lang='lat' dir='ltr'>ortu</span> 
     </span>
     <span class='ocr_line' id='line_1_31' title="bbox 102 3555 1105 3652; baseline -0.001 -28"><span class='ocrx_word' id='word_1_265' title='bbox 102 3557 128 3614; x_wconf 61' lang='lat' dir='ltr'>td</span> <span class='ocrx_word' id='word_1_266' title='bbox 143 3559 270 3624; x_wconf 67' lang='lat' dir='ltr'>mium</span> <span class='ocrx_word' id='word_1_267' title='bbox 295 3559 361 3652; x_wconf 87' lang='lat' dir='ltr'>[ci.</span> <span class='ocrx_word' id='word_1_268' title='bbox 377 3577 410 3624; x_wconf 87' lang='lat' dir='ltr'>et</span> <span class='ocrx_word' id='word_1_269' title='bbox 425 3561 581 3626; x_wconf 87' lang='lat' dir='ltr'>Herodot.</span> <span class='ocrx_word' id='word_1_270' title='bbox 599 3573 633 3645; x_wconf 79' lang='grc'>4,</span> <span class='ocrx_word' id='word_1_271' title='bbox 651 3555 708 3647; x_wconf 76' lang='grc'><strong>8.]</strong></span> <span class='ocrx_word' id='word_1_272' title='bbox 732 3565 870 3624; x_wconf 84' lang='lat' dir='ltr'>mediam</span> <span class='ocrx_word' id='word_1_273' title='bbox 892 3563 1023 3632; x_wconf 87' lang='lat' dir='ltr'>dividit,</span> <span class='ocrx_word' id='word_1_274' title='bbox 1051 3563 1105 3624; x_wconf 85' lang='lat' dir='ltr'>iub</span> 
     </span>
     <span class='ocr_line' id='line_1_32' title="bbox 104 3655 1105 3745; baseline 0.001 -21"><span class='ocrx_word' id='word_1_275' title='bbox 104 3655 147 3734; x_wconf 67' lang='lat' dir='ltr'>ipit</span> <span class='ocrx_word' id='word_1_276' title='bbox 162 3681 234 3726; x_wconf 84' lang='lat' dir='ltr'>zona</span> <span class='ocrx_word' id='word_1_277' title='bbox 252 3665 392 3734; x_wconf 85' lang='lat' dir='ltr'>torrida,</span> <span class='ocrx_word' id='word_1_278' title='bbox 425 3665 448 3726; x_wconf 91' lang='lat' dir='ltr'>i.</span> <span class='ocrx_word' id='word_1_279' title='bbox 465 3683 494 3724; x_wconf 84' lang='lat' dir='ltr'>e.</span> <span class='ocrx_word' id='word_1_280' title='bbox 515 3661 571 3724; x_wconf 85' lang='lat' dir='ltr'>lob</span> <span class='ocrx_word' id='word_1_281' title='bbox 592 3677 777 3744; x_wconf 69' lang='lat' dir='ltr'>aequatoraz</span> <span class='ocrx_word' id='word_1_282' title='bbox 813 3665 962 3734; x_wconf 82' lang='lat' dir='ltr'>alterum,</span> <span class='ocrx_word' id='word_1_283' title='bbox 989 3667 1041 3745; x_wconf 85' lang='lat' dir='ltr'>qui</span> <span class='ocrx_word' id='word_1_284' title='bbox 1066 3665 1105 3725; x_wconf 85' lang='lat' dir='ltr'>ab</span> 
     </span>
    </p>
   </div>
   <div class='ocr_carea' id='block_1_4' title="bbox 52 3755 1111 4150">
    <p class='ocr_par' dir='ltr' id='par_1_4' title="bbox 52 3755 1111 4150">
     <span class='ocr_line' id='line_1_33' title="bbox 105 3755 1106 3846; baseline 0.007 -27"><span class='ocrx_word' id='word_1_285' title='bbox 105 3755 143 3819; x_wconf 76' lang='lat' dir='ltr'>illo</span> <span class='ocrx_word' id='word_1_286' title='bbox 161 3777 239 3828; x_wconf 83' lang='lat' dir='ltr'>ortua</span> <span class='ocrx_word' id='word_1_287' title='bbox 261 3766 400 3827; x_wconf 82' lang='lat' dir='ltr'>eandem</span> <span class='ocrx_word' id='word_1_288' title='bbox 425 3778 540 3826; x_wconf 84' lang='lat' dir='ltr'>terram</span> <span class='ocrx_word' id='word_1_289' title='bbox 563 3780 650 3846; x_wconf 82' lang='lat' dir='ltr'>parte</span> <span class='ocrx_word' id='word_1_290' title='bbox 676 3765 769 3826; x_wconf 88' lang='lat' dir='ltr'>altera</span> <span class='ocrx_word' id='word_1_291' title='bbox 799 3766 937 3824; x_wconf 86' lang='lat' dir='ltr'>mediam</span> <span class='ocrx_word' id='word_1_292' title='bbox 965 3763 1043 3826; x_wconf 80' lang='lat' dir='ltr'>locat</span> <span class='ocrx_word' id='word_1_293' title='bbox 1068 3765 1106 3826; x_wconf 86' lang='lat' dir='ltr'>ab</span> 
     </span>
     <span class='ocr_line' id='line_1_34' title="bbox 106 3861 1107 3948; baseline 0.002 -24"><span class='ocrx_word' id='word_1_294' title='bbox 106 3861 181 3924; x_wconf 70' lang='lat' dir='ltr'>²ultro</span> <span class='ocrx_word' id='word_1_295' title='bbox 194 3868 224 3926; x_wconf 88' lang='lat' dir='ltr'>in</span> <span class='ocrx_word' id='word_1_296' title='bbox 239 3866 492 3948; x_wconf 74' lang='lat' dir='ltr'>septemtriones.</span> <span class='ocrx_word' id='word_1_297' title='bbox 543 3867 653 3946; x_wconf 86' lang='lat' dir='ltr'>Itaque</span> <span class='ocrx_word' id='word_1_298' title='bbox 675 3865 793 3947; x_wconf 85' lang='lat' dir='ltr'>duplici</span> <span class='ocrx_word' id='word_1_299' title='bbox 814 3863 875 3925; x_wconf 88' lang='lat' dir='ltr'>hoc</span> <span class='ocrx_word' id='word_1_300' title='bbox 892 3865 1019 3926; x_wconf 84' lang='lat' dir='ltr'>Oceano</span> <span class='ocrx_word' id='word_1_301' title='bbox 1042 3879 1107 3927; x_wconf 85' lang='lat' dir='ltr'>tota</span> 
     </span>
     <span class='ocr_line' id='line_1_35' title="bbox 52 3955 1108 4048; baseline 0.005 -25"><span class='ocrx_word' id='word_1_302' title='bbox 52 3955 53 3984; x_wconf 62' lang='lat'>¹</span> <span class='ocrx_word' id='word_1_303' title='bbox 107 3969 165 4023; x_wconf 73' lang='lat' dir='ltr'>lau</span> <span class='ocrx_word' id='word_1_304' title='bbox 181 3964 326 4028; x_wconf 87' lang='lat' dir='ltr'>lcinditur</span> <span class='ocrx_word' id='word_1_305' title='bbox 342 3969 377 4028; x_wconf 88' lang='lat' dir='ltr'>in</span> <span class='ocrx_word' id='word_1_306' title='bbox 397 3981 500 4048; x_wconf 79' lang='lat' dir='ltr'>parter</span> <span class='ocrx_word' id='word_1_307' title='bbox 515 3981 664 4047; x_wconf 89' lang='lat' dir='ltr'>quatuor,</span> <span class='ocrx_word' id='word_1_308' title='bbox 689 3966 711 4028; x_wconf 90' lang='lat' dir='ltr'>i.</span> <span class='ocrx_word' id='word_1_309' title='bbox 726 3986 755 4029; x_wconf 86' lang='lat' dir='ltr'>e.</span> <span class='ocrx_word' id='word_1_310' title='bbox 775 3967 911 4028; x_wconf 85' lang='lat' dir='ltr'>totidem</span> <span class='ocrx_word' id='word_1_311' title='bbox 934 3963 1063 4038; x_wconf 81' lang='lat' dir='ltr'>insulas,</span> <span class='ocrx_word' id='word_1_312' title='bbox 1089 3987 1108 4028; x_wconf 89' lang='lat' dir='ltr'>e</span> 
     </span>
     <span class='ocr_line' id='line_1_36' title="bbox 52 4063 1111 4150; baseline 0 -20"><span class='ocrx_word' id='word_1_313' title='bbox 52 4133 60 4150; x_wconf 42' lang='lat'>⁸</span> <span class='ocrx_word' id='word_1_314' title='bbox 106 4063 192 4138; x_wconf 69' lang='lat' dir='ltr'>‘itibus</span> <span class='ocrx_word' id='word_1_315' title='bbox 204 4087 300 4132; x_wconf 82' lang='lat' dir='ltr'>unam</span> <span class='ocrx_word' id='word_1_316' title='bbox 316 4069 469 4134; x_wconf 79' lang='lat' dir='ltr'>dmrtaxat</span> <span class='ocrx_word' id='word_1_317' title='bbox 484 4087 543 4132; x_wconf 81' lang='lat' dir='ltr'>nor</span> <span class='ocrx_word' id='word_1_318' title='bbox 564 4067 754 4131; x_wconf 71' lang='lat' dir='ltr'>habitamus.</span> <span class='ocrx_word' id='word_1_319' title='bbox 805 4067 889 4130; x_wconf 87' lang='lat' dir='ltr'>Loca</span> <span class='ocrx_word' id='word_1_320' title='bbox 908 4079 1054 4130; x_wconf 85' lang='lat' dir='ltr'>veterum</span> <span class='ocrx_word' id='word_1_321' title='bbox 1077 4081 1111 4130; x_wconf 85' lang='lat' dir='ltr'>et</span> 
     </span>
    </p>
   </div>
   <div class='ocr_carea' id='block_1_5' title="bbox 0 0 1424 4966">
    <p class='ocr_par' dir='ltr' id='par_1_5' title="bbox 0 0 1424 4966">
     <span class='ocr_line' id='line_1_37' title="bbox 0 0 1424 4966; baseline 0 0"><span class='ocrx_word' id='word_1_322' title='bbox 0 0 1424 4966; x_wconf 95' lang='lat' dir='ltr'> </span> 
     </span>
    </p>
   </div>
  </div>
 </body>
</html>
