<?xml version="1.0" encoding="UTF-8"?>
<!DOCTYPE html PUBLIC "-//W3C//DTD XHTML 1.0 Transitional//EN"
    "http://www.w3.org/TR/xhtml1/DTD/xhtml1-transitional.dtd">
<html xmlns="http://www.w3.org/1999/xhtml" xml:lang="en" lang="en">
 <head>
  <title>
</title>
<meta http-equiv="Content-Type" content="text/html;charset=utf-8" />
  <meta name='ocr-system' content='tesseract 3.04.00' />
  <meta name='ocr-capabilities' content='ocr_page ocr_carea ocr_par ocr_line ocrx_word'/>
</head>
<body>
  <div class='ocr_page' id='page_1' title='image "./pomponiimelaede06melagoog_0242.png"; bbox 0 0 2764 4958; ppageno 0'>
   <div class='ocr_carea' id='block_1_1' title="bbox 346 390 1117 462">
    <p class='ocr_par' dir='ltr' id='par_1_1' title="bbox 346 390 1117 462">
     <span class='ocr_line' id='line_1_1' title="bbox 346 390 1117 462; baseline 0.022 -20"><span class='ocrx_word' id='word_1_1' title='bbox 346 390 425 462; x_wconf 46' lang='grc' dir='ltr'>α54γ</span> <span class='ocrx_word' id='word_1_2' title='bbox 614 391 773 452; x_wconf 73' lang='lat' dir='ltr'>uorsa</span> <span class='ocrx_word' id='word_1_3' title='bbox 814 397 1117 460; x_wconf 81' lang='lat' dir='ltr'>axaoarrcsa</span> 
     </span>
    </p>
   </div>
   <div class='ocr_carea' id='block_1_2' title="bbox 267 555 1363 4186">
    <p class='ocr_par' dir='ltr' id='par_1_2' title="bbox 267 555 1363 2376">
     <span class='ocr_line' id='line_1_2' title="bbox 342 555 1363 658; baseline 0.014 -38"><span class='ocrx_word' id='word_1_4' title='bbox 342 555 466 635; x_wconf 88' lang='lat' dir='ltr'>tendit,</span> <span class='ocrx_word' id='word_1_5' title='bbox 489 557 623 646; x_wconf 79' lang='lat' dir='ltr'>Augilas</span> <span class='ocrx_word' id='word_1_6' title='bbox 642 565 702 626; x_wconf 88' lang='lat' dir='ltr'>esse</span> <span class='ocrx_word' id='word_1_7' title='bbox 719 566 938 644; x_wconf 81' lang='lat' dir='ltr'>Nasamonea3</span> <span class='ocrx_word' id='word_1_8' title='bbox 965 569 1082 656; x_wconf 80' lang='lat' dir='ltr'>Augila</span> <span class='ocrx_word' id='word_1_9' title='bbox 1099 569 1187 636; x_wconf 87' lang='lat' dir='ltr'>enim</span> <span class='ocrx_word' id='word_1_10' title='bbox 1203 572 1262 636; x_wconf 84' lang='lat' dir='ltr'>esse</span> <span class='ocrx_word' id='word_1_11' title='bbox 1281 570 1363 658; x_wconf 87' lang='lat' dir='ltr'>oppi-</span> 
     </span>
     <span class='ocr_line' id='line_1_3' title="bbox 342 659 1363 759; baseline 0.015 -39"><span class='ocrx_word' id='word_1_12' title='bbox 342 659 423 722; x_wconf 87' lang='lat' dir='ltr'>dum</span> <span class='ocrx_word' id='word_1_13' title='bbox 443 662 681 738; x_wconf 81' lang='lat' dir='ltr'>Nasamonum,</span> <span class='ocrx_word' id='word_1_14' title='bbox 715 664 871 754; x_wconf 85' lang='lat' dir='ltr'>idemque</span> <span class='ocrx_word' id='word_1_15' title='bbox 894 669 970 734; x_wconf 87' lang='lat' dir='ltr'>satia</span> <span class='ocrx_word' id='word_1_16' title='bbox 994 695 1033 735; x_wconf 87' lang='lat' dir='ltr'>ex</span> <span class='ocrx_word' id='word_1_17' title='bbox 1056 677 1225 737; x_wconf 81' lang='lat' dir='ltr'>Herodoto</span> <span class='ocrx_word' id='word_1_18' title='bbox 1251 673 1363 759; x_wconf 86' lang='lat' dir='ltr'>conligi</span> 
     </span>
     <span class='ocr_line' id='line_1_4' title="bbox 340 761 1363 856; baseline 0.014 -33"><span class='ocrx_word' id='word_1_19' title='bbox 340 761 439 845; x_wconf 87' lang='lat' dir='ltr'>polle.</span> <span class='ocrx_word' id='word_1_20' title='bbox 490 763 589 828; x_wconf 89' lang='lat' dir='ltr'>Certe</span> <span class='ocrx_word' id='word_1_21' title='bbox 606 765 722 850; x_wconf 79' lang='lat' dir='ltr'>Augila</span> <span class='ocrx_word' id='word_1_22' title='bbox 741 768 875 856; x_wconf 83' lang='lat' dir='ltr'>utrique</span> <span class='ocrx_word' id='word_1_23' title='bbox 895 776 1019 856; x_wconf 90' lang='lat' dir='ltr'>populo</span> <span class='ocrx_word' id='word_1_24' title='bbox 1035 773 1153 838; x_wconf 85' lang='lat' dir='ltr'>tribuit</span> <span class='ocrx_word' id='word_1_25' title='bbox 1167 777 1363 839; x_wconf 78' lang='lat' dir='ltr'>Ptolemaeus</span> 
     </span>
     <span class='ocr_line' id='line_1_5' title="bbox 340 863 1362 962; baseline 0.014 -38"><span class='ocrx_word' id='word_1_26' title='bbox 340 871 377 940; x_wconf 76' lang='grc'>4,</span> <span class='ocrx_word' id='word_1_27' title='bbox 398 875 431 941; x_wconf 84' lang='grc'>5.</span> <span class='ocrx_word' id='word_1_28' title='bbox 458 879 491 926; x_wconf 89' lang='lat' dir='ltr'>et</span> <span class='ocrx_word' id='word_1_29' title='bbox 510 863 628 950; x_wconf 82' lang='lat' dir='ltr'>Augila</span> <span class='ocrx_word' id='word_1_30' title='bbox 650 869 849 950; x_wconf 73' lang='lat' dir='ltr'>Nasamonas</span> <span class='ocrx_word' id='word_1_31' title='bbox 873 875 999 956; x_wconf 90' lang='lat' dir='ltr'>palmas</span> <span class='ocrx_word' id='word_1_32' title='bbox 1019 877 1224 960; x_wconf 86' lang='lat' dir='ltr'>decerptum,</span> <span class='ocrx_word' id='word_1_33' title='bbox 1251 875 1362 962; x_wconf 85' lang='lat' dir='ltr'>quibus</span> 
     </span>
     <span class='ocr_line' id='line_1_6' title="bbox 338 959 1361 1060; baseline 0.017 -36"><span class='ocrx_word' id='word_1_34' title='bbox 338 959 395 1025; x_wconf 87' lang='lat' dir='ltr'>ille</span> <span class='ocrx_word' id='word_1_35' title='bbox 418 985 494 1047; x_wconf 82' lang='lat' dir='ltr'>ager</span> <span class='ocrx_word' id='word_1_36' title='bbox 510 969 672 1048; x_wconf 82' lang='lat' dir='ltr'>abundet,</span> <span class='ocrx_word' id='word_1_37' title='bbox 699 975 932 1056; x_wconf 87' lang='lat' dir='ltr'>comprobante</span> <span class='ocrx_word' id='word_1_38' title='bbox 950 973 986 1036; x_wconf 90' lang='lat' dir='ltr'>id</span> <span class='ocrx_word' id='word_1_39' title='bbox 1003 998 1109 1060; x_wconf 82' lang='lat' dir='ltr'>nuper</span> <span class='ocrx_word' id='word_1_40' title='bbox 1125 980 1361 1050; x_wconf 86' lang='lat' dir='ltr'>Hornemanno.</span> 
     </span>
     <span class='ocr_line' id='line_1_7' title="bbox 337 1065 1362 1162; baseline 0.016 -38"><span class='ocrx_word' id='word_1_41' title='bbox 337 1079 465 1149; x_wconf 80' lang='lat' dir='ltr'>petere.</span> <span class='ocrx_word' id='word_1_42' title='bbox 494 1065 645 1132; x_wconf 86' lang='lat' dir='ltr'>adfirmat</span> <span class='ocrx_word' id='word_1_43' title='bbox 661 1073 867 1146; x_wconf 84' lang='lat' dir='ltr'>Herodotus,</span> <span class='ocrx_word' id='word_1_44' title='bbox 894 1097 994 1160; x_wconf 90' lang='lat' dir='ltr'>quam</span> <span class='ocrx_word' id='word_1_45' title='bbox 1011 1075 1147 1162; x_wconf 87' lang='lat' dir='ltr'>quidem</span> <span class='ocrx_word' id='word_1_46' title='bbox 1163 1077 1280 1142; x_wconf 88' lang='lat' dir='ltr'>erroris</span> <span class='ocrx_word' id='word_1_47' title='bbox 1294 1100 1362 1142; x_wconf 88' lang='lat' dir='ltr'>cau·</span> 
     </span>
     <span class='ocr_line' id='line_1_8' title="bbox 337 1165 1361 1249; baseline 0.013 -21"><span class='ocrx_word' id='word_1_48' title='bbox 337 1165 404 1228; x_wconf 90' lang='lat' dir='ltr'>sam</span> <span class='ocrx_word' id='word_1_49' title='bbox 420 1168 528 1230; x_wconf 80' lang='lat' dir='ltr'>Melae</span> <span class='ocrx_word' id='word_1_50' title='bbox 541 1167 633 1232; x_wconf 85' lang='lat' dir='ltr'>suillo</span> <span class='ocrx_word' id='word_1_51' title='bbox 652 1168 780 1237; x_wconf 91' lang='lat' dir='ltr'>iudicat</span> <span class='ocrx_word' id='word_1_52' title='bbox 794 1173 984 1249; x_wconf 75' lang='lat' dir='ltr'>Pitumnus,</span> <span class='ocrx_word' id='word_1_53' title='bbox 1012 1199 1088 1242; x_wconf 90' lang='lat' dir='ltr'>cum</span> <span class='ocrx_word' id='word_1_54' title='bbox 1105 1178 1222 1243; x_wconf 81' lang='lat' dir='ltr'>diversa</span> <span class='ocrx_word' id='word_1_55' title='bbox 1235 1178 1282 1242; x_wconf 94' lang='lat' dir='ltr'>illi</span> <span class='ocrx_word' id='word_1_56' title='bbox 1300 1180 1361 1242; x_wconf 90' lang='lat' dir='ltr'>sue·</span> 
     </span>
     <span class='ocr_line' id='line_1_9' title="bbox 336 1265 1361 1362; baseline 0.012 -33"><span class='ocrx_word' id='word_1_57' title='bbox 336 1265 419 1347; x_wconf 87' lang='lat' dir='ltr'>rint,</span> <span class='ocrx_word' id='word_1_58' title='bbox 447 1271 501 1329; x_wconf 85' lang='lat' dir='ltr'>etsr</span> <span class='ocrx_word' id='word_1_59' title='bbox 516 1269 734 1348; x_wconf 84' lang='lat' dir='ltr'>contermini,</span> <span class='ocrx_word' id='word_1_60' title='bbox 761 1277 851 1361; x_wconf 87' lang='lat' dir='ltr'>quod</span> <span class='ocrx_word' id='word_1_61' title='bbox 867 1279 1001 1362; x_wconf 87' lang='lat' dir='ltr'>adparet</span> <span class='ocrx_word' id='word_1_62' title='bbox 1015 1301 1055 1342; x_wconf 81' lang='lat' dir='ltr'>ex</span> <span class='ocrx_word' id='word_1_63' title='bbox 1074 1281 1274 1345; x_wconf 85' lang='lat' dir='ltr'>Ptolemaeo.</span> <span class='ocrx_word' id='word_1_64' title='bbox 1307 1277 1361 1342; x_wconf 87' lang='lat' dir='ltr'>Vix</span> 
     </span>
     <span class='ocr_line' id='line_1_10' title="bbox 335 1364 1360 1468; baseline 0.014 -40"><span class='ocrx_word' id='word_1_65' title='bbox 335 1364 439 1452; x_wconf 82' lang='lat' dir='ltr'>igitur</span> <span class='ocrx_word' id='word_1_66' title='bbox 460 1366 687 1455; x_wconf 82' lang='lat' dir='ltr'>indiligentiae</span> <span class='ocrx_word' id='word_1_67' title='bbox 710 1373 869 1439; x_wconf 87' lang='lat' dir='ltr'>immunis</span> <span class='ocrx_word' id='word_1_68' title='bbox 893 1380 954 1442; x_wconf 88' lang='lat' dir='ltr'>elle</span> <span class='ocrx_word' id='word_1_69' title='bbox 972 1379 1105 1444; x_wconf 75' lang='lat' dir='ltr'>violetur</span> <span class='ocrx_word' id='word_1_70' title='bbox 1126 1383 1248 1456; x_wconf 83' lang='lat' dir='ltr'>noster,</span> <span class='ocrx_word' id='word_1_71' title='bbox 1278 1381 1360 1468; x_wconf 88' lang='lat' dir='ltr'>quod</span> 
     </span>
     <span class='ocr_line' id='line_1_11' title="bbox 335 1467 1359 1548; baseline 0.013 -19"><span class='ocrx_word' id='word_1_72' title='bbox 335 1485 369 1530; x_wconf 87' lang='lat' dir='ltr'>et</span> <span class='ocrx_word' id='word_1_73' title='bbox 398 1467 524 1534; x_wconf 88' lang='lat' dir='ltr'>censuit</span> <span class='ocrx_word' id='word_1_74' title='bbox 553 1475 796 1539; x_wconf 82' lang='lat' dir='ltr'>Wernstlorfius</span> <span class='ocrx_word' id='word_1_75' title='bbox 829 1476 866 1540; x_wconf 92' lang='lat' dir='ltr'>in</span> <span class='ocrx_word' id='word_1_76' title='bbox 896 1482 1033 1544; x_wconf 87' lang='lat' dir='ltr'>excursu</span> <span class='ocrx_word' id='word_1_77' title='bbox 1059 1505 1112 1548; x_wconf 84' lang='lat' dir='ltr'>ao.</span> <span class='ocrx_word' id='word_1_78' title='bbox 1145 1484 1188 1546; x_wconf 88' lang='lat' dir='ltr'>ad</span> <span class='ocrx_word' id='word_1_79' title='bbox 1211 1479 1359 1546; x_wconf 80' lang='lat' dir='ltr'>Prisciani</span> 
     </span>
     <span class='ocr_line' id='line_1_12' title="bbox 333 1567 1359 1665; baseline 0.01 -30"><span class='ocrx_word' id='word_1_80' title='bbox 333 1567 458 1654; x_wconf 82' lang='lat' dir='ltr'>perieg.</span> <span class='ocrx_word' id='word_1_81' title='bbox 479 1594 511 1656; x_wconf 87' lang='lat' dir='ltr'>p.</span> <span class='ocrx_word' id='word_1_82' title='bbox 529 1583 613 1650; x_wconf 80' lang='lat'><em>582.</em></span> <span class='ocrx_word' id='word_1_83' title='bbox 670 1579 829 1641; x_wconf 87' lang='lat' dir='ltr'>Aecurate</span> <span class='ocrx_word' id='word_1_84' title='bbox 852 1580 956 1665; x_wconf 88' lang='lat' dir='ltr'>magis</span> <span class='ocrx_word' id='word_1_85' title='bbox 977 1583 1121 1647; x_wconf 88' lang='lat' dir='ltr'>versatus</span> <span class='ocrx_word' id='word_1_86' title='bbox 1146 1581 1203 1648; x_wconf 90' lang='lat' dir='ltr'>hic</span> <span class='ocrx_word' id='word_1_87' title='bbox 1225 1585 1268 1647; x_wconf 82' lang='lat' dir='ltr'>est</span> <span class='ocrx_word' id='word_1_88' title='bbox 1288 1587 1359 1646; x_wconf 89' lang='lat' dir='ltr'>Ter·</span> 
     </span>
     <span class='ocr_line' id='line_1_13' title="bbox 332 1669 1358 1750; baseline 0.014 -19"><span class='ocrx_word' id='word_1_89' title='bbox 332 1669 509 1736; x_wconf 86' lang='lat' dir='ltr'>tullianus.&#39;</span> <span class='ocrx_word' id='word_1_90' title='bbox 576 1674 682 1739; x_wconf 87' lang='lat' dir='ltr'>Aliam</span> <span class='ocrx_word' id='word_1_91' title='bbox 723 1679 965 1744; x_wconf 80' lang='lat' dir='ltr'>accusationem</span> <span class='ocrx_word' id='word_1_92' title='bbox 1005 1706 1044 1746; x_wconf 86' lang='lat' dir='ltr'>ex</span> <span class='ocrx_word' id='word_1_93' title='bbox 1084 1702 1268 1750; x_wconf 86' lang='lat' dir='ltr'>memorato</span> <span class='ocrx_word' id='word_1_94' title='bbox 1298 1705 1358 1746; x_wconf 91' lang='lat' dir='ltr'>ma·</span> 
     </span>
     <span class='ocr_line' id='line_1_14' title="bbox 331 1775 1358 1873; baseline 0.008 -35"><span class='ocrx_word' id='word_1_95' title='bbox 331 1775 428 1842; x_wconf 87' lang='lat' dir='ltr'>nium</span> <span class='ocrx_word' id='word_1_96' title='bbox 457 1777 549 1842; x_wconf 91' lang='lat' dir='ltr'>cultu</span> <span class='ocrx_word' id='word_1_97' title='bbox 572 1775 687 1840; x_wconf 86' lang='lat' dir='ltr'>divino</span> <span class='ocrx_word' id='word_1_98' title='bbox 715 1777 843 1844; x_wconf 82' lang='lat' dir='ltr'>instruit</span> <span class='ocrx_word' id='word_1_99' title='bbox 869 1782 1082 1858; x_wconf 76' lang='lat' dir='ltr'>ciacconius,</span> <span class='ocrx_word' id='word_1_100' title='bbox 1116 1785 1242 1873; x_wconf 83' lang='lat' dir='ltr'>quippe</span> <span class='ocrx_word' id='word_1_101' title='bbox 1268 1806 1358 1872; x_wconf 87' lang='lat' dir='ltr'>quem</span> 
     </span>
     <span class='ocr_line' id='line_1_15' title="bbox 331 1883 1357 1970; baseline -0.001 -21"><span class='ocrx_word' id='word_1_102' title='bbox 331 1883 433 1950; x_wconf 86' lang='lat' dir='ltr'>etiam</span> <span class='ocrx_word' id='word_1_103' title='bbox 447 1888 488 1948; x_wconf 85' lang='lat' dir='ltr'>fic</span> <span class='ocrx_word' id='word_1_104' title='bbox 503 1883 633 1970; x_wconf 87' lang='lat' dir='ltr'>ignoret</span> <span class='ocrx_word' id='word_1_105' title='bbox 647 1885 846 1956; x_wconf 85' lang='lat' dir='ltr'>Herodotus,</span> <span class='ocrx_word' id='word_1_106' title='bbox 871 1901 904 1947; x_wconf 89' lang='lat' dir='ltr'>et</span> <span class='ocrx_word' id='word_1_107' title='bbox 919 1884 1123 1970; x_wconf 89' lang='lat' dir='ltr'>optimorum</span> <span class='ocrx_word' id='word_1_108' title='bbox 1137 1905 1265 1951; x_wconf 89' lang='lat' dir='ltr'>tantum</span> <span class='ocrx_word' id='word_1_109' title='bbox 1278 1885 1357 1950; x_wconf 90' lang='lat' dir='ltr'>viro·</span> 
     </span>
     <span class='ocr_line' id='line_1_16' title="bbox 330 1983 1357 2075; baseline -0.003 -23"><span class='ocrx_word' id='word_1_110' title='bbox 330 2011 406 2052; x_wconf 85' lang='lat' dir='ltr'>rum</span> <span class='ocrx_word' id='word_1_111' title='bbox 429 2004 462 2050; x_wconf 92' lang='lat' dir='ltr'>et</span> <span class='ocrx_word' id='word_1_112' title='bbox 482 1983 724 2049; x_wconf 74' lang='lat' dir='ltr'>iustissimorum</span> <span class='ocrx_word' id='word_1_113' title='bbox 745 1983 917 2048; x_wconf 81' lang='lat' dir='ltr'>animabus</span> <span class='ocrx_word' id='word_1_114' title='bbox 941 1986 1080 2061; x_wconf 88' lang='lat' dir='ltr'>tribuat,</span> <span class='ocrx_word' id='word_1_115' title='bbox 1116 1991 1208 2075; x_wconf 87' lang='lat' dir='ltr'>quod</span> <span class='ocrx_word' id='word_1_116' title='bbox 1230 1987 1357 2075; x_wconf 85' lang='lat' dir='ltr'>quidem</span> 
     </span>
     <span class='ocr_line' id='line_1_17' title="bbox 329 2083 1357 2182; baseline -0.002 -28"><span class='ocrx_word' id='word_1_117' title='bbox 329 2093 453 2154; x_wconf 74' lang='lat' dir='ltr'>Vossius</span> <span class='ocrx_word' id='word_1_118' title='bbox 468 2085 567 2150; x_wconf 91' lang='lat' dir='ltr'>nimis</span> <span class='ocrx_word' id='word_1_119' title='bbox 587 2104 739 2170; x_wconf 86' lang='lat' dir='ltr'>argutum</span> <span class='ocrx_word' id='word_1_120' title='bbox 755 2087 873 2159; x_wconf 82' lang='lat' dir='ltr'>censet,</span> <span class='ocrx_word' id='word_1_121' title='bbox 893 2103 964 2149; x_wconf 86' lang='lat' dir='ltr'>turn</span> <span class='ocrx_word' id='word_1_122' title='bbox 979 2087 1140 2163; x_wconf 90' lang='lat' dir='ltr'>Plinium,</span> <span class='ocrx_word' id='word_1_123' title='bbox 1166 2089 1224 2178; x_wconf 89' lang='lat' dir='ltr'>qui</span> <span class='ocrx_word' id='word_1_124' title='bbox 1245 2083 1357 2182; x_wconf 65' lang='lat' dir='ltr'>sepserat</span> 
     </span>
     <span class='ocr_line' id='line_1_18' title="bbox 329 2187 1355 2272; baseline -0.003 -17"><span class='ocrx_word' id='word_1_125' title='bbox 329 2190 386 2255; x_wconf 91' lang='lat' dir='ltr'>hic</span> <span class='ocrx_word' id='word_1_126' title='bbox 411 2187 547 2253; x_wconf 90' lang='lat' dir='ltr'>omnino</span> <span class='ocrx_word' id='word_1_127' title='bbox 572 2187 718 2272; x_wconf 88' lang='lat' dir='ltr'>posuerit</span> <span class='ocrx_word' id='word_1_128' title='bbox 736 2209 796 2272; x_wconf 90' lang='lat' dir='ltr'>pro</span> <span class='ocrx_word' id='word_1_129' title='bbox 821 2187 993 2262; x_wconf 87' lang='lat' dir='ltr'>manibus,</span> <span class='ocrx_word' id='word_1_130' title='bbox 1029 2207 1145 2254; x_wconf 90' lang='lat' dir='ltr'>contra</span> <span class='ocrx_word' id='word_1_131' title='bbox 1175 2193 1355 2255; x_wconf 84' lang='lat' dir='ltr'>Salmasrum</span> 
     </span>
     <span class='ocr_line' id='line_1_19' title="bbox 267 2290 1355 2376; baseline -0.004 -19"><span class='ocrx_word' id='word_1_132' title='bbox 267 2342 270 2348; x_wconf 79' lang='grc'><strong>-</strong></span> <span class='ocrx_word' id='word_1_133' title='bbox 331 2295 373 2358; x_wconf 84' lang='lat' dir='ltr'>ad</span> <span class='ocrx_word' id='word_1_134' title='bbox 395 2290 499 2356; x_wconf 87' lang='lat' dir='ltr'>Solin.</span> <span class='ocrx_word' id='word_1_135' title='bbox 516 2315 547 2376; x_wconf 88' lang='lat' dir='ltr'>p.</span> <span class='ocrx_word' id='word_1_136' title='bbox 563 2312 607 2351; x_wconf 90' lang='lat' dir='ltr'>m.</span> <span class='ocrx_word' id='word_1_137' title='bbox 627 2307 707 2370; x_wconf 75' lang='lat'>293.</span> <span class='ocrx_word' id='word_1_138' title='bbox 727 2305 853 2363; x_wconf 87' lang='lat' dir='ltr'>tuetur,</span> <span class='ocrx_word' id='word_1_139' title='bbox 879 2312 956 2353; x_wconf 91' lang='lat' dir='ltr'>cum</span> <span class='ocrx_word' id='word_1_140' title='bbox 970 2291 1034 2354; x_wconf 86' lang='lat' dir='ltr'>Dii</span> <span class='ocrx_word' id='word_1_141' title='bbox 1056 2315 1165 2356; x_wconf 76' lang='lat' dir='ltr'>martes</span> <span class='ocrx_word' id='word_1_142' title='bbox 1186 2303 1219 2356; x_wconf 84' lang='lat' dir='ltr'>et</span> <span class='ocrx_word' id='word_1_143' title='bbox 1235 2295 1295 2356; x_wconf 81' lang='lat' dir='ltr'>Dii</span> <span class='ocrx_word' id='word_1_144' title='bbox 1313 2294 1355 2354; x_wconf 86' lang='lat' dir='ltr'>in·</span> 
     </span>
    </p>

    <p class='ocr_par' dir='ltr' id='par_1_3' title="bbox 296 2386 1355 4186">
     <span class='ocr_line' id='line_1_20' title="bbox 296 2386 1355 2487; baseline 0.001 -31"><span class='ocrx_word' id='word_1_145' title='bbox 296 2437 303 2448; x_wconf 86' lang='lat'><strong>·</strong></span> <span class='ocrx_word' id='word_1_146' title='bbox 325 2389 392 2487; x_wconf 82' lang='lat' dir='ltr'>feri</span> <span class='ocrx_word' id='word_1_147' title='bbox 413 2391 597 2478; x_wconf 89' lang='lat' dir='ltr'>promiscue</span> <span class='ocrx_word' id='word_1_148' title='bbox 612 2387 646 2450; x_wconf 89' lang='lat' dir='ltr'>in</span> <span class='ocrx_word' id='word_1_149' title='bbox 667 2387 833 2474; x_wconf 85' lang='lat' dir='ltr'>lapidibus</span> <span class='ocrx_word' id='word_1_150' title='bbox 849 2407 1041 2464; x_wconf 86' lang='lat' dir='ltr'>occurrant,</span> <span class='ocrx_word' id='word_1_151' title='bbox 1067 2393 1193 2479; x_wconf 79' lang='lat' dir='ltr'>Diiqua</span> <span class='ocrx_word' id='word_1_152' title='bbox 1205 2386 1314 2487; x_wconf 85' lang='lat' dir='ltr'>superi</span> <span class='ocrx_word' id='word_1_153' title='bbox 1325 2405 1355 2457; x_wconf 87' lang='lat' dir='ltr'>et</span> 
     </span>
     <span class='ocr_line' id='line_1_21' title="bbox 327 2488 1353 2582; baseline -0.005 -24"><span class='ocrx_word' id='word_1_154' title='bbox 327 2488 427 2582; x_wconf 73' lang='lat' dir='ltr'>itrferi</span> <span class='ocrx_word' id='word_1_155' title='bbox 447 2492 482 2556; x_wconf 89' lang='lat' dir='ltr'>in</span> <span class='ocrx_word' id='word_1_156' title='bbox 503 2489 692 2556; x_wconf 87' lang='lat' dir='ltr'>auctoribus</span> <span class='ocrx_word' id='word_1_157' title='bbox 719 2489 896 2574; x_wconf 79' lang='lat' dir='ltr'>saepisume</span> <span class='ocrx_word' id='word_1_158' title='bbox 919 2495 1140 2579; x_wconf 88' lang='lat' dir='ltr'>obponantur.</span> <span class='ocrx_word' id='word_1_159' title='bbox 1194 2497 1259 2559; x_wconf 85' lang='lat' dir='ltr'>Sed</span> <span class='ocrx_word' id='word_1_160' title='bbox 1279 2496 1353 2556; x_wconf 89' lang='lat' dir='ltr'>haec</span> 
     </span>
     <span class='ocr_line' id='line_1_22' title="bbox 325 2575 1351 2684; baseline -0.002 -26"><span class='ocrx_word' id='word_1_161' title='bbox 325 2575 488 2684; x_wconf 76' lang='lat' dir='ltr'>prolixius</span> <span class='ocrx_word' id='word_1_162' title='bbox 509 2593 673 2679; x_wconf 88' lang='lat' dir='ltr'>disputata</span> <span class='ocrx_word' id='word_1_163' title='bbox 697 2593 738 2654; x_wconf 86' lang='lat' dir='ltr'>ad</span> <span class='ocrx_word' id='word_1_164' title='bbox 759 2591 861 2654; x_wconf 91' lang='lat' dir='ltr'>Plinii</span> <span class='ocrx_word' id='word_1_165' title='bbox 887 2597 999 2657; x_wconf 91' lang='lat' dir='ltr'>locum</span> <span class='ocrx_word' id='word_1_166' title='bbox 1020 2593 1176 2679; x_wconf 84' lang='lat' dir='ltr'>proxime</span> <span class='ocrx_word' id='word_1_167' title='bbox 1199 2595 1285 2660; x_wconf 90' lang='lat' dir='ltr'>dieta</span> <span class='ocrx_word' id='word_1_168' title='bbox 1303 2614 1351 2656; x_wconf 85' lang='lat' dir='ltr'>va·</span> 
     </span>
     <span class='ocr_line' id='line_1_23' title="bbox 326 2692 1351 2782; baseline -0.005 -21"><span class='ocrx_word' id='word_1_169' title='bbox 326 2703 406 2762; x_wconf 86' lang='lat' dir='ltr'>lent.</span> <span class='ocrx_word' id='word_1_170' title='bbox 444 2695 647 2760; x_wconf 77' lang='lat' dir='ltr'>rzscnimxa.</span> <span class='ocrx_word' id='word_1_171' title='bbox 711 2697 832 2780; x_wconf 85' lang='lat' dir='ltr'>Quales</span> <span class='ocrx_word' id='word_1_172' title='bbox 853 2697 913 2757; x_wconf 81' lang='lat' dir='ltr'>sant</span> <span class='ocrx_word' id='word_1_173' title='bbox 933 2717 1047 2758; x_wconf 87' lang='lat' dir='ltr'>manes</span> <span class='ocrx_word' id='word_1_174' title='bbox 1066 2694 1145 2768; x_wconf 82' lang='lat' dir='ltr'>Dii,</span> <span class='ocrx_word' id='word_1_175' title='bbox 1176 2715 1265 2782; x_wconf 87' lang='lat' dir='ltr'>patet</span> <span class='ocrx_word' id='word_1_176' title='bbox 1284 2692 1351 2758; x_wconf 88' lang='lat' dir='ltr'>satis</span> 
     </span>
     <span class='ocr_line' id='line_1_24' title="bbox 325 2793 1351 2882; baseline -0.008 -18"><span class='ocrx_word' id='word_1_177' title='bbox 325 2804 413 2864; x_wconf 86' lang='lat' dir='ltr'>clare</span> <span class='ocrx_word' id='word_1_178' title='bbox 432 2795 488 2861; x_wconf 90' lang='lat' dir='ltr'>hic</span> <span class='ocrx_word' id='word_1_179' title='bbox 504 2817 543 2858; x_wconf 86' lang='lat' dir='ltr'>ex</span> <span class='ocrx_word' id='word_1_180' title='bbox 558 2793 728 2859; x_wconf 90' lang='lat' dir='ltr'>mentione</span> <span class='ocrx_word' id='word_1_181' title='bbox 747 2798 968 2870; x_wconf 88' lang='lat' dir='ltr'>tumulorum,</span> <span class='ocrx_word' id='word_1_182' title='bbox 1002 2797 1091 2882; x_wconf 89' lang='lat' dir='ltr'>quod</span> <span class='ocrx_word' id='word_1_183' title='bbox 1108 2795 1178 2862; x_wconf 87' lang='lat' dir='ltr'>scil.</span> <span class='ocrx_word' id='word_1_184' title='bbox 1195 2797 1264 2862; x_wconf 89' lang='lat' dir='ltr'>illic</span> <span class='ocrx_word' id='word_1_185' title='bbox 1285 2799 1351 2860; x_wconf 88' lang='lat' dir='ltr'>dor·</span> 
     </span>
     <span class='ocr_line' id='line_1_25' title="bbox 324 2895 1350 2986; baseline -0.007 -21"><span class='ocrx_word' id='word_1_186' title='bbox 324 2899 466 2965; x_wconf 86' lang='lat' dir='ltr'>mientes</span> <span class='ocrx_word' id='word_1_187' title='bbox 489 2897 717 2971; x_wconf 81' lang='lat' dir='ltr'>crediderunt,</span> <span class='ocrx_word' id='word_1_188' title='bbox 750 2899 811 2960; x_wconf 89' lang='lat' dir='ltr'>else</span> <span class='ocrx_word' id='word_1_189' title='bbox 833 2897 929 2972; x_wconf 81' lang='lat' dir='ltr'>instar</span> <span class='ocrx_word' id='word_1_190' title='bbox 951 2895 1084 2980; x_wconf 84' lang='lat' dir='ltr'>templi,</span> <span class='ocrx_word' id='word_1_191' title='bbox 1121 2895 1267 2986; x_wconf 91' lang='lat' dir='ltr'>inquo,</span> <span class='ocrx_word' id='word_1_192' title='bbox 1299 2910 1350 2959; x_wconf 88' lang='lat' dir='ltr'>aut</span> 
     </span>
     <span class='ocr_line' id='line_1_26' title="bbox 324 2997 1348 3088; baseline -0.008 -22"><span class='ocrx_word' id='word_1_193' title='bbox 324 3001 413 3068; x_wconf 88' lang='lat' dir='ltr'>cirea</span> <span class='ocrx_word' id='word_1_194' title='bbox 429 3002 520 3086; x_wconf 83' lang='lat' dir='ltr'>quotl</span> <span class='ocrx_word' id='word_1_195' title='bbox 535 2997 569 3061; x_wconf 92' lang='lat' dir='ltr'>hi</span> <span class='ocrx_word' id='word_1_196' title='bbox 586 3003 833 3084; x_wconf 86' lang='lat' dir='ltr'>qualescunque</span> <span class='ocrx_word' id='word_1_197' title='bbox 847 2997 904 3061; x_wconf 93' lang='lat' dir='ltr'>Dii</span> <span class='ocrx_word' id='word_1_198' title='bbox 927 2999 1154 3074; x_wconf 83' lang='lat' dir='ltr'>versarentur,</span> <span class='ocrx_word' id='word_1_199' title='bbox 1189 3021 1270 3088; x_wconf 87' lang='lat' dir='ltr'>quos</span> <span class='ocrx_word' id='word_1_200' title='bbox 1287 3018 1348 3061; x_wconf 91' lang='lat' dir='ltr'>non</span> 
     </span>
     <span class='ocr_line' id='line_1_27' title="bbox 322 3099 1348 3193; baseline -0.006 -28"><span class='ocrx_word' id='word_1_201' title='bbox 322 3104 489 3193; x_wconf 85' lang='lat' dir='ltr'>possumus</span> <span class='ocrx_word' id='word_1_202' title='bbox 513 3099 594 3164; x_wconf 88' lang='lat' dir='ltr'>alios</span> <span class='ocrx_word' id='word_1_203' title='bbox 619 3099 819 3184; x_wconf 83' lang='lat' dir='ltr'>intelligere,</span> <span class='ocrx_word' id='word_1_204' title='bbox 850 3122 949 3186; x_wconf 91' lang='lat' dir='ltr'>quam</span> <span class='ocrx_word' id='word_1_205' title='bbox 970 3119 1052 3186; x_wconf 86' lang='lat' dir='ltr'>quoa</span> <span class='ocrx_word' id='word_1_206' title='bbox 1075 3101 1220 3164; x_wconf 84' lang='lat' dir='ltr'>llomani</span> <span class='ocrx_word' id='word_1_207' title='bbox 1244 3099 1348 3164; x_wconf 87' lang='lat' dir='ltr'>dixere</span> 
     </span>
     <span class='ocr_line' id='line_1_28' title="bbox 314 3197 1346 3302; baseline -0.008 -35"><span class='ocrx_word' id='word_1_208' title='bbox 314 3200 379 3302; x_wconf 79' lang='lat' dir='ltr'>stab</span> <span class='ocrx_word' id='word_1_209' title='bbox 404 3203 522 3267; x_wconf 79' lang='lat' dir='ltr'>umbris</span> <span class='ocrx_word' id='word_1_210' title='bbox 551 3217 762 3275; x_wconf 66' lang='lat' dir='ltr'>mortuorum</span> <span class='ocrx_word' id='word_1_211' title='bbox 803 3223 887 3286; x_wconf 89' lang='lat' dir='ltr'>quae</span> <span class='ocrx_word' id='word_1_212' title='bbox 913 3199 1028 3286; x_wconf 89' lang='lat' dir='ltr'>opinio</span> <span class='ocrx_word' id='word_1_213' title='bbox 1055 3199 1228 3266; x_wconf 77' lang='lat' dir='ltr'>clarissima</span> <span class='ocrx_word' id='word_1_214' title='bbox 1251 3202 1292 3265; x_wconf 88' lang='lat' dir='ltr'>est</span> <span class='ocrx_word' id='word_1_215' title='bbox 1314 3197 1346 3260; x_wconf 88' lang='lat' dir='ltr'>in</span> 
     </span>
     <span class='ocr_line' id='line_1_29' title="bbox 322 3299 1347 3391; baseline -0.006 -21"><span class='ocrx_word' id='word_1_216' title='bbox 322 3303 458 3391; x_wconf 77' lang='lat' dir='ltr'>ararique</span> <span class='ocrx_word' id='word_1_217' title='bbox 474 3300 689 3387; x_wconf 85' lang='lat' dir='ltr'>inscriptione</span> <span class='ocrx_word' id='word_1_218' title='bbox 712 3303 800 3386; x_wconf 91' lang='lat' dir='ltr'>apud</span> <span class='ocrx_word' id='word_1_219' title='bbox 817 3301 979 3387; x_wconf 90' lang='lat' dir='ltr'>Sponium</span> <span class='ocrx_word' id='word_1_220' title='bbox 996 3299 1032 3364; x_wconf 90' lang='lat' dir='ltr'>in</span> <span class='ocrx_word' id='word_1_221' title='bbox 1046 3301 1185 3367; x_wconf 86' lang='lat' dir='ltr'>Miscell.</span> <span class='ocrx_word' id='word_1_222' title='bbox 1207 3299 1347 3367; x_wconf 87' lang='lat' dir='ltr'>eruditae</span> 
     </span>
     <span class='ocr_line' id='line_1_30' title="bbox 321 3397 1344 3498; baseline -0.009 -26"><span class='ocrx_word' id='word_1_223' title='bbox 321 3405 447 3493; x_wconf 89' lang='lat' dir='ltr'>antiqu.</span> <span class='ocrx_word' id='word_1_224' title='bbox 461 3428 493 3490; x_wconf 90' lang='lat' dir='ltr'>p.</span> <span class='ocrx_word' id='word_1_225' title='bbox 506 3419 589 3482; x_wconf 84' lang='lat'><strong>333.</strong></span> <span class='ocrx_word' id='word_1_226' title='bbox 613 3400 670 3466; x_wconf 92' lang='lat' dir='ltr'>ubi</span> <span class='ocrx_word' id='word_1_227' title='bbox 686 3401 804 3488; x_wconf 90' lang='lat' dir='ltr'>aliquis</span> <span class='ocrx_word' id='word_1_228' title='bbox 822 3401 990 3467; x_wconf 88' lang='lat' dir='ltr'>dedicavit</span> <span class='ocrx_word' id='word_1_229' title='bbox 1006 3420 1241 3470; x_wconf 79' lang='lat' dir='ltr'>monumentum</span> <span class='ocrx_word' id='word_1_230' title='bbox 1255 3397 1344 3498; x_wconf 84' lang='lat' dir='ltr'>suum</span> 
     </span>
     <span class='ocr_line' id='line_1_31' title="bbox 313 3497 1344 3605; baseline -0.009 -32"><span class='ocrx_word' id='word_1_231' title='bbox 313 3503 539 3605; x_wconf 72' lang='lat' dir='ltr'>fimpitemum</span> <span class='ocrx_word' id='word_1_232' title='bbox 562 3505 642 3568; x_wconf 76' lang='lat' dir='ltr'>Diu</span> <span class='ocrx_word' id='word_1_233' title='bbox 664 3503 807 3566; x_wconf 77' lang='lat' dir='ltr'>mortibus</span> <span class='ocrx_word' id='word_1_234' title='bbox 822 3497 904 3598; x_wconf 80' lang='lat' dir='ltr'>suis.</span> <span class='ocrx_word' id='word_1_235' title='bbox 967 3505 1004 3566; x_wconf 89' lang='lat' dir='ltr'>ld</span> <span class='ocrx_word' id='word_1_236' title='bbox 1028 3507 1118 3591; x_wconf 89' lang='lat' dir='ltr'>quod</span> <span class='ocrx_word' id='word_1_237' title='bbox 1144 3504 1251 3591; x_wconf 83' lang='lat' dir='ltr'>magis</span> <span class='ocrx_word' id='word_1_238' title='bbox 1274 3503 1344 3566; x_wconf 77' lang='lat' dir='ltr'>inde</span> 
     </span>
     <span class='ocr_line' id='line_1_32' title="bbox 319 3602 1343 3696; baseline -0.004 -28"><span class='ocrx_word' id='word_1_239' title='bbox 319 3625 470 3696; x_wconf 70' lang='lat' dir='ltr'>apparet,</span> <span class='ocrx_word' id='word_1_240' title='bbox 498 3607 604 3693; x_wconf 81' lang='lat' dir='ltr'>quod,</span> <span class='ocrx_word' id='word_1_241' title='bbox 631 3627 708 3670; x_wconf 89' lang='lat' dir='ltr'>cum</span> <span class='ocrx_word' id='word_1_242' title='bbox 722 3602 895 3690; x_wconf 89' lang='lat' dir='ltr'>Philippus</span> <span class='ocrx_word' id='word_1_243' title='bbox 916 3603 1002 3669; x_wconf 87' lang='lat' dir='ltr'>cirea</span> <span class='ocrx_word' id='word_1_244' title='bbox 1019 3609 1163 3670; x_wconf 79' lang='lat' dir='ltr'>Athenas</span> <span class='ocrx_word' id='word_1_245' title='bbox 1178 3604 1343 3670; x_wconf 85' lang='lat' dir='ltr'>disiecillet</span> 
     </span>
     <span class='ocr_line' id='line_1_33' title="bbox 318 3705 1342 3796; baseline -0.012 -20"><span class='ocrx_word' id='word_1_246' title='bbox 318 3713 466 3796; x_wconf 88' lang='lat' dir='ltr'>sepulcra</span> <span class='ocrx_word' id='word_1_247' title='bbox 487 3727 566 3793; x_wconf 87' lang='lat' dir='ltr'>prae</span> <span class='ocrx_word' id='word_1_248' title='bbox 580 3705 640 3780; x_wconf 84' lang='lat' dir='ltr'>ira,</span> <span class='ocrx_word' id='word_1_249' title='bbox 669 3723 702 3769; x_wconf 88' lang='lat' dir='ltr'>et</span> <span class='ocrx_word' id='word_1_250' title='bbox 718 3705 930 3770; x_wconf 86' lang='lat' dir='ltr'>Athenienses</span> <span class='ocrx_word' id='word_1_251' title='bbox 946 3707 987 3768; x_wconf 80' lang='lat' dir='ltr'>tle</span> <span class='ocrx_word' id='word_1_252' title='bbox 1003 3709 1117 3772; x_wconf 86' lang='lat' dir='ltr'>haere</span> <span class='ocrx_word' id='word_1_253' title='bbox 1134 3721 1342 3794; x_wconf 85' lang='lat' dir='ltr'>quererentur</span> 
     </span>
     <span class='ocr_line' id='line_1_34' title="bbox 318 3803 1341 3898; baseline -0.011 -22"><span class='ocrx_word' id='word_1_254' title='bbox 318 3812 407 3898; x_wconf 86' lang='lat' dir='ltr'>apud</span> <span class='ocrx_word' id='word_1_255' title='bbox 426 3813 611 3890; x_wconf 81' lang='lat' dir='ltr'>Romanos,</span> <span class='ocrx_word' id='word_1_256' title='bbox 646 3805 763 3870; x_wconf 85' lang='lat' dir='ltr'>dieunt</span> <span class='ocrx_word' id='word_1_257' title='bbox 784 3809 925 3870; x_wconf 73' lang='lat' dir='ltr'>ntidatos</span> <span class='ocrx_word' id='word_1_258' title='bbox 945 3807 1036 3872; x_wconf 77' lang='lat' dir='ltr'>Deos</span> <span class='ocrx_word' id='word_1_259' title='bbox 1058 3829 1166 3872; x_wconf 78' lang='lat' dir='ltr'>matres</span> <span class='ocrx_word' id='word_1_260' title='bbox 1188 3809 1273 3894; x_wconf 83' lang='lat' dir='ltr'>apud</span> <span class='ocrx_word' id='word_1_261' title='bbox 1292 3803 1341 3868; x_wconf 89' lang='lat' dir='ltr'>Li·</span> 
     </span>
     <span class='ocr_line' id='line_1_35' title="bbox 316 3907 1340 3990; baseline -0.008 -16"><span class='ocrx_word' id='word_1_262' title='bbox 316 3911 411 3976; x_wconf 88' lang='lat' dir='ltr'>vium</span> <span class='ocrx_word' id='word_1_263' title='bbox 429 3929 486 3990; x_wconf 82' lang='lat'>31.</span> <span class='ocrx_word' id='word_1_264' title='bbox 505 3927 563 3986; x_wconf 79' lang='lat'>30,</span> <span class='ocrx_word' id='word_1_265' title='bbox 584 3923 617 3988; x_wconf 88' lang='lat'>5.</span> <span class='ocrx_word' id='word_1_266' title='bbox 651 3929 675 3971; x_wconf 88' lang='lat'>1.</span> <span class='ocrx_word' id='word_1_267' title='bbox 702 3928 898 3972; x_wconf 81' lang='lat' dir='ltr'>onouovtvs</span> <span class='ocrx_word' id='word_1_268' title='bbox 917 3911 990 3972; x_wconf 77' lang='lat' dir='ltr'>MS.</span> <span class='ocrx_word' id='word_1_269' title='bbox 1041 3908 1266 3981; x_wconf 84' lang='lat' dir='ltr'>Manifestum,</span> <span class='ocrx_word' id='word_1_270' title='bbox 1291 3907 1340 3967; x_wconf 83' lang='lat' dir='ltr'>cle·</span> 
     </span>
     <span class='ocr_line' id='line_1_36' title="bbox 319 4007 1350 4099; baseline -0.008 -23"><span class='ocrx_word' id='word_1_271' title='bbox 319 4011 434 4099; x_wconf 78' lang='lat' dir='ltr'>signari</span> <span class='ocrx_word' id='word_1_272' title='bbox 452 4010 508 4073; x_wconf 92' lang='lat' dir='ltr'>hic</span> <span class='ocrx_word' id='word_1_273' title='bbox 521 4029 687 4074; x_wconf 87' lang='lat' dir='ltr'>certorum</span> <span class='ocrx_word' id='word_1_274' title='bbox 701 4025 829 4072; x_wconf 86' lang='lat' dir='ltr'>tantum</span> <span class='ocrx_word' id='word_1_275' title='bbox 844 4007 1030 4083; x_wconf 86' lang='lat' dir='ltr'>hominum,</span> <span class='ocrx_word' id='word_1_276' title='bbox 1052 4008 1110 4096; x_wconf 92' lang='lat' dir='ltr'>qui</span> <span class='ocrx_word' id='word_1_277' title='bbox 1123 4009 1247 4076; x_wconf 87' lang='lat' dir='ltr'>mortui</span> <span class='ocrx_word' id='word_1_278' title='bbox 1262 4011 1350 4078; x_wconf 64' lang='lat' dir='ltr'>sunel</span> 
     </span>
     <span class='ocr_line' id='line_1_37' title="bbox 316 4108 1349 4186; baseline -0.012 -5"><span class='ocrx_word' id='word_1_279' title='bbox 316 4113 422 4181; x_wconf 78' lang='lat' dir='ltr'>veluti</span> <span class='ocrx_word' id='word_1_280' title='bbox 446 4110 688 4178; x_wconf 80' lang='lat' dir='ltr'>iuuitumorum</span> <span class='ocrx_word' id='word_1_281' title='bbox 709 4126 743 4175; x_wconf 86' lang='lat' dir='ltr'>et</span> <span class='ocrx_word' id='word_1_282' title='bbox 762 4108 1010 4182; x_wconf 74' lang='lat' dir='ltr'>fortissimorum</span> <span class='ocrx_word' id='word_1_283' title='bbox 1035 4110 1227 4186; x_wconf 86' lang='lat' dir='ltr'>bominum.</span> <span class='ocrx_word' id='word_1_284' title='bbox 1256 4127 1292 4176; x_wconf 88' lang='lat' dir='ltr'>ut</span> <span class='ocrx_word' id='word_1_285' title='bbox 1309 4121 1349 4177; x_wconf 49' lang='lat' dir='ltr'>etl</span> 
     </span>
    </p>
   </div>
   <div class='ocr_carea' id='block_1_3' title="bbox 0 0 1386 4958">
    <p class='ocr_par' dir='ltr' id='par_1_4' title="bbox 0 0 1386 4958">
     <span class='ocr_line' id='line_1_38' title="bbox 0 0 1386 4958; baseline 0 9"><span class='ocrx_word' id='word_1_286' title='bbox 0 0 1386 4958; x_wconf 95' lang='lat' dir='ltr'> </span> 
     </span>
    </p>
   </div>
  </div>
 </body>
</html>
