2756 4964
336 417 397 468 m
603 401 765 462 NOTAE
804 397 1103 456 uxnuuatctu

404 570 436 672 s
436 575 480 640 ed
503 575 549 640 M
553 576 644 640 auri
650 575 669 658 )
707 572 793 635 Hinc
808 583 904 654 patet.
929 569 1059 634 Memor
1074 568 1134 634 esse
1150 581 1305 634 extremos
1319 587 1355 632 ex

336 681 487 766 gentibue
503 679 624 760 Libyco
638 675 716 738 mari
730 671 954 737 adiacentibue.
985 691 1010 735 1.
1028 685 1223 735 onouortve
1236 670 1310 734 MS.

414 871 624 974 expositi)
672 876 744 938 Hoc
761 875 822 948 eii,
854 893 921 936 non
942 885 1066 936 tantum
1087 873 1193 936 noslro
1213 873 1290 936 meri
1310 869 1357 933 ed·

339 993 459 1059 iacent,
492 983 545 1048 sed
571 997 669 1064 ueque
692 977 730 1038 ad
752 977 946 1038 Atlanticum
968 977 1064 1038 etiam
1091 957 1263 1058 pertinent.
1310 973 1357 1036 Sic

341 1113 407 1173 cap.
426 1090 459 1154 6.
476 1087 522 1149 in.
555 1097 766 1146 ereccourve.
827 1077 924 1140 Plane
950 1077 1065 1139 eodem
1090 1076 1167 1147 situ.
1204 1093 1267 1158 quo
1292 1071 1359 1136 Indi

339 1213 408 1259 non
422 1187 519 1252 modo
535 1181 757 1254 maroneum,
783 1175 835 1242 sed
850 1192 883 1241 et
897 1177 1108 1240 meridianum
1124 1175 1264 1260 spectent
1280 1173 1360 1254 super

341 1298 375 1358 in
396 1300 564 1373 cap.n,3.
598 1304 623 1347 r.
645 1299 839 1344 onortovrvo
862 1278 938 1342 MS.
961 1292 997 1342 Ω.
1046 1273 1241 1368 Expofitum
1265 1273 1360 1338 noslro

340 1396 384 1460 est
405 1405 530 1474 patene,
556 1381 678 1449 extensa
696 1383 729 1442 in
745 1379 945 1442 latitudinem
959 1379 1011 1442 vel
1030 1379 1277 1462 longitudinem.
1313 1370 1360 1438 Cs.

347 1519 377 1568 ι,
395 1507 428 1572 5,
449 1503 482 1570 5.
510 1490 544 1562 6,
565 1508 593 1549 1.
632 1485 685 1563 Sic
699 1481 836 1545 Ovidiue
852 1478 965 1544 Fauor.
979 1489 1014 1560 4,
1033 1480 1116 1560 565.
1136 1478 1196 1541 ubi
1211 1477 1277 1541 vid.
1291 1475 1361 1538 Bur·

339 1613 487 1660 mannus·

416 1788 636 1876 Nigritae)
685 1787 759 1851 vid.
779 1784 818 1848 erl
844 1795 877 1865 5,
907 1803 961 1855 ιο,
984 1790 1020 1865 4.
1049 1781 1089 1843 de
1109 1779 1266 1846 Pheruliis
1282 1777 1319 1841 ad
1335 1789 1362 1856 3.

348 1921 402 1970 ro,
426 1913 457 1976 3.
485 1897 524 1957 de
542 1889 752 1972 Aethiopibus
769 1901 801 1966 3,
826 1905 881 1948 ro.
898 1886 944 1948 io.
999 1883 1095 1944 Ultra
1114 1883 1159 1946 eil
1180 1880 1286 1946 versue
1304 1896 1363 1942 me·

341 2001 475 2070 ridienr3
501 1995 620 2079 reliqua
640 1993 731 2054 tutus
749 1987 790 2052 sc.
812 1983 962 2051 adaunot
980 1984 1094 2048 litorio.

412 2192 443 2294 s
441 2209 584 2280 pectere
591 2195 610 2278 )
645 2194 697 2258 stc
708 2191 828 2263 Graeci,
850 2190 953 2252 veluti
966 2184 1088 2258 Strabo,
1110 2179 1259 2262 βλέπειν.
1281 2175 1362 2271 ipsit.

344 2305 450 2368 Latini
476 2299 514 2361 lic
540 2296 627 2378 saepe
645 2285 802 2384 spectare,
833 2281 1042 2382 prospectore,
1076 2277 1246 2377 adspicere,
1275 2285 1363 2346 etiam

344 2395 598 2494 prospectare-in
622 2393 764 2456 notando
786 2391 845 2453 situ
866 2389 975 2454 versuo
990 2388 1068 2451 coeli
1085 2388 1211 2471 plegem
1234 2399 1364 2448 terraeve

345 2519 477 2590 partem.
530 2497 602 2560 vid.
625 2497 755 2556 Tacitus
782 2493 821 2554 de
842 2491 950 2554 Germ.
973 2509 1039 2571 cap.
1059 2498 1093 2566 5.
1129 2486 1259 2550 omnm
1282 2503 1311 2554 1,
1333 2497 1362 2544 Ω.

345 2627 379 2690 p.
396 2619 452 2684 5¹·
468 2601 602 2662 Haverc.
628 2609 661 2657 et
680 2595 737 2676 qui
755 2593 899 2673 exempla
919 2591 1008 2672 plura
1028 2588 1233 2652 contulerunt
1252 2587 1277 2649 1.
1294 2584 1364 2646 Gro-

346 2726 424 2770 nov.
448 2700 526 2764 inira
545 2699 584 2760 ad
603 2715 634 2768 e,
652 2710 685 2776 3,
702 2695 735 2758 6.
764 2692 972 2775 Oudendorp.
986 2691 1026 2754 ad
1047 2689 1166 2753 Lucan.
1183 2703 1218 2760 a,
1233 2695 1315 2771 429.
1335 2691 1368 2744 et.

346 2809 524 2872 Burmann.
539 2800 578 2863 ad
595 2797 731 2862 Phaedr.
749 2812 781 2868 u,
797 2803 831 2873 5,
852 2812 907 2858 ro.

423 2997 542 3099 Asiae
566 2991 787 3092 confinia)
822 2995 874 3058 Ad
888 2995 1065 3080 Aegyption
1085 3011 1186 3076 utque
1204 2977 1368 3055 etArrbari

384 3223 386 3228 ·
512 3207 541 3284 §.
570 3209 603 3284 4.
649 3191 821 3291 snper)
854 3195 1070 3257 'Enumeratio
1095 3193 1263 3278 gentibue,
1293 3202 1368 3269 quae

350 3329 436 3375 mare
454 3306 596 3369 noslrum
610 3315 643 3364 et
661 3301 826 3364 Oceanum
845 3299 1023 3380 attingunt,
1053 3296 1205 3356 interiora
1225 3303 1365 3355 terrarum

352 3410 506 3476 describit.
539 3420 751 3466 ereccortrve.
803 3399 852 3460 De
868 3416 948 3458 voce
962 3386 1061 3486 super
1079 3392 1119 3457 ci.
1133 3396 1172 3458 ed
1192 3414 1222 3466 ι,
1239 3412 1269 3465 n.
1285 3401 1315 3469 5.
1335 3387 1366 3446 iu

351 3526 485 3594 utroque
501 3505 678 3587 volumine,
703 3502 784 3565 etin
803 3499 902 3582 priori
922 3498 963 3559 de
981 3515 1060 3559 voce
1080 3493 1214 3558 abluere.

427 3707 578 3792 Libyes
597 3699 821 3786 Aegyptii)
853 3698 977 3760 Plinius
993 3707 1026 3775 5,
1043 3707 1078 3774 8.
1093 3697 1138 3759 in.
1154 3693 1260 3757 versus
1276 3689 1368 3771 super·

353 3833 414 3896 que
438 3811 591 3872 Gaetulos
611 3808 720 3890 ponit;
757 3800 958 3864 Ptolemaeus
983 3807 1017 3880 4.
1043 3809 1078 3875 5.
1103 3798 1184 3860 inter
1207 3795 1319 3858 Orsuae
1339 3795 1368 3847 et

353 3914 522 3994 Aethiopas
539 3908 591 3970 sub
612 3912 768 3989 Aegypto.
818 3899 1010 3984 Adtigerunt
1028 3901 1135 3960 aulem
1153 3897 1272 3959 Onitae
1287 3889 1368 3950 siloe⁴

354 4015 430 4076 ridie
452 4014 555 4072 lacum
577 4005 684 4070 versus
707 4001 980 4086 septemtrionem,
1014 3999 1100 4080 quod
1123 4001 1219 4061 etiam
1240 4015 1278 4058 ex
1295 3992 1368 4052 snr-

354 4115 439 4178 bone
454 4112 509 4175 lib.
529 4125 584 4188 17.
601 4129 635 4194 p.
653 4118 736 4187 559.
750 4101 773 4167 s.
788 4113 873 4181 813.
895 4098 1041 4172 discitur,
1066 4097 1122 4184 qui
1143 4111 1234 4162 vocet
1251 4090 1368 4158 teilibua
