2764 4954
262 369 383 451 wat
492 397 496 405 ·
592 375 754 434 noran
791 374 1095 436 axaoarrcta

319 545 434 614 Strabo
449 567 476 610 c.
494 546 516 612 l.
545 547 680 611 Diodor.
699 568 726 613 c.
743 548 764 612 1.
789 568 830 612 ex
843 549 1073 614 recentioribua
1089 551 1124 612 in
1138 549 1245 635 primia
1258 549 1339 612 Tem·

320 651 474 734 plamonn
494 649 534 712 ad
558 647 694 712 Norden
718 647 834 713 lieilen
859 671 891 733 p.
917 663 999 730 ¹5⁰·
1040 651 1190 716 Pococlte
1210 653 1297 714 Tortt.
1316 669 1339 710 r.

257 793 259 798 ,
321 773 355 836 p.
371 766 418 832 97
433 748 497 834 sqq.
520 750 665 814 Larcher.
679 752 718 813 ad
735 751 893 816 Herodot.
908 769 941 823 9,
961 763 1042 836 ι49.
1062 754 1103 816 T.
1119 771 1153 819 9.
1166 775 1198 838 p.
1213 773 1256 815 m.
1268 763 1341 831 431.

322 867 375 923 et,
409 854 464 934 qui
489 851 530 914 de
555 871 595 916 en
626 854 917 916 commentationea
941 853 1114 916 emiserunt
1139 855 1297 918 d'Anville
1317 867 1343 912 at

322 953 448 1016 Gibert.
471 953 565 1032 (vid.
584 951 761 1016 Memoitea
779 983 830 998 -
849 955 889 1016 de
905 954 991 1018 Paria
1006 957 1075 1018 Vol.
1091 967 1149 1036 98.
1164 978 1198 1040 p.
1213 968 1276 1038 ¹49
1291 953 1342 1036 qu.

226 1099 229 1106 -
321 1069 356 1119 et
374 1067 444 1134 995
460 1052 544 1136 qu.)
594 1055 685 1118 Duae
702 1055 782 1118 olim
798 1056 832 1116 in
847 1056 904 1118 illo
920 1069 1041 1120 erectae
1056 1057 1208 1120 steterunt
1224 1055 1344 1140 pyrami·

323 1157 395 1228 dea,
419 1154 598 1237 (Herodot.
618 1171 652 1228 9,
675 1158 778 1236 949.)
803 1177 879 1238 quaa
897 1155 1049 1220 tamense
1066 1177 1133 1220 non
1149 1159 1257 1221 vidille
1271 1157 1347 1232 adfir-

322 1271 390 1322 mat
412 1258 528 1330 Lucet,
567 1275 693 1341 voyage
714 1259 792 1320 dana
816 1258 845 1320 la
867 1259 1009 1341 Turquie
1036 1261 1134 1322 Tour.
1162 1277 1195 1323 9.
1222 1281 1253 1342 p.
1275 1271 1347 1338 997.

322 1360 454 1420 Veteres
469 1357 600 1420 laudant
614 1359 685 1420 eiua
699 1371 732 1420 et
750 1360 1008 1444 magnitudinem
1025 1373 1058 1424 et
1074 1361 1255 1424 utilitatem.
1290 1358 1349 1421 Nili

322 1461 412 1524 enim
426 1457 647 1542 exsuperantet
666 1479 779 1543 aquea.
804 1480 847 1524 rte
867 1459 1058 1546 stagnarent,
1084 1463 1135 1525 vel
1157 1477 1278 1547 praeter
1291 1477 1350 1522 nto

322 1561 402 1624 dum
419 1557 633 1645 adsurgerent.
658 1561 793 1644 excepit,
819 1575 853 1624 et
869 1582 1018 1646 magnam
1034 1565 1213 1626 inultorum
1229 1561 1350 1646 piscium

323 1666 449 1745 copiam
464 1661 560 1732 aluit.
585 1662 672 1724 unde
687 1662 823 1747 vectigal
842 1663 1057 1744 pendebatur.
1086 1666 1135 1727 uti
1158 1678 1283 1728 narrant
1297 1663 1351 1726 lle·

323 1765 504 1828 rodotuaet
519 1761 694 1827 Diodorua.
746 1763 829 1848 Quia
844 1763 881 1824 fit
903 1764 1017 1837 hodie,
1044 1767 1246 1848 dicceptarur.
1297 1764 1352 1828 tttt

323 1863 446 1928 diversa
465 1865 594 1946 quidem
610 1865 707 1927 etiam
723 1861 872 1946 scriptura
888 1884 962 1926 eum
978 1865 1152 1952 agnoscunt
1168 1869 1204 1930 in
1218 1867 1246 1930 ie
1262 1865 1310 1929 loe
1322 1864 1354 1924 da

323 1968 411 2029 Kern
432 1965 454 2030 1.
474 1967 620 2037 Caroun.
646 1963 669 2030 1.
688 1965 727 2026 ele
745 1967 875 2037 Fir'ium,
900 1971 914 2046 (
921 1966 960 2028 ab
983 1967 1064 2031 urbe
1083 1970 1208 2046 vicina)
1233 1969 1301 2038 vel,
1325 1977 1356 2025 ut

324 2069 449 2131 accolae
468 2067 623 2139 efferunt,
647 2067 735 2148 (vid.
757 2068 856 2130 Lucae
871 2069 912 2130 Τ.
927 2085 961 2132 9.
978 2089 1010 2152 p.
1028 2071 1113 2149 946.
1131 2089 1157 2132 c.
1174 2069 1219 2149 1.)
1248 2070 1357 2152 Birqne

326 2169 493 2266 Quartam·
524 2169 578 2230 alii
592 2186 692 2252 prope
706 2167 776 2230 Nili
790 2167 898 2230 foliam
915 2170 950 2233 h.
964 2169 1059 2234 Boltr
1072 2172 1179 2234 Buten
1195 2181 1354 2254 quaerunt.

324 2271 472 2336 Priorem
488 2267 676 2333 sententiam
693 2268 866 2352 lequuntur
879 2269 1011 2334 Samson
1032 2271 1072 2334 rie
1092 2272 1111 2334 l’
1123 2271 1182 2334 lale
1198 2273 1233 2336 in
1251 2272 1355 2334 tabulia

325 2371 451 2434 Maillet
470 2391 540 2456 pag.
560 2372 644 2436 966.
681 2371 781 2434 Lucae
803 2390 927 2456 voyage
948 2374 1026 2434 dant
1047 2373 1075 2434 la
1092 2367 1193 2436 Grioe
1211 2403 1259 2418 -
1275 2373 1310 2434 P.
1328 2389 1356 2434 9.

325 2492 359 2556 p.
373 2483 422 2553 49
441 2471 503 2554 sqq.
528 2472 634 2535 Sicani
649 2471 747 2536 Tom.
763 2489 796 2536 9.
810 2493 843 2555 p.
854 2474 939 2536 261.
960 2474 1085 2555 aliique.
1107 2476 1270 2557 inprimit
1285 2492 1357 2536 acer·

324 2575 427 2636 rimua
448 2575 516 2634 eiua
532 2569 677 2634 defensor
694 2571 805 2636 Gibert
818 2595 850 2656 p.
871 2586 955 2652 995.
973 2595 999 2636 c.
1016 2575 1037 2638 1.
1072 2575 1284 2640 Posteriorem
1299 2589 1358 2635 tue·

327 2691 380 2736 tur
400 2674 538 2734 maxime
558 2673 717 2735 d'einville
734 2695 766 2756 p.
790 2679 858 2752 154
873 2673 915 2756 tq.
945 2677 1002 2758 qui
1021 2689 1151 2759 propter
1171 2678 1326 2739 ambitum
1344 2693 1359 2734 a

326 2775 492 2840 veteribus
510 2775 664 2836 traditum
680 2775 785 2844 lacum
802 2777 894 2838 illum
914 2776 1107 2839 hodiernum
1122 2779 1263 2863 intelligi
1283 2773 1359 2861 polle

326 2890 436 2964 negat,
464 2875 618 2940 refutatus
640 2896 658 2938 a
679 2875 823 2940 Giberto.
861 2877 997 2940 Larcher
1014 2898 1041 2940 c.
1058 2879 1080 2942 l.
1099 2879 1191 2942 Boltr
1210 2881 1254 2960 (i.
1269 2900 1298 2944 e.
1319 2895 1360 2938 ca·

327 2980 424 3052 nelis,
456 2973 553 3061 iolla)
578 2967 680 3070 Jufif
699 2976 733 3042 lt.
759 2977 820 3040 alla
850 2977 965 3042 eenlet.
1017 2981 1158 3062 Adparet
1181 2995 1269 3044 certe
1293 2973 1361 3041 folia

300 3101 304 3110 ’
325 3081 420 3144 Baltr
435 3071 542 3171 Jttsefi
567 3081 665 3142 etiam
684 3077 789 3141 Calitz
804 3078 830 3141 il
843 3079 968 3150 Metilii.
993 3101 1072 3162 quae
1088 3080 1158 3142 Nili
1177 3101 1293 3165 aquam
1311 3095 1361 3161 pet

326 3185 422 3247 Fium
444 3182 577 3253 urbem.
610 3181 690 3243 olim
710 3179 883 3252 Arsinoen.
916 3183 951 3241 itt
977 3181 1082 3242 lacum
1103 3181 1217 3244 Birltet
1237 3182 1262 3245 il
1282 3181 1361 3244 Kem

328 3283 476 3354 devehit,
500 3283 572 3364 qui,
598 3301 673 3344 curn
688 3280 767 3342 aliua
788 3281 833 3341 ibi
854 3303 920 3344 nou
942 3283 1130 3366 reperiatur,
1157 3283 1198 3346 de
1215 3279 1362 3346 Moeridit

326 3387 398 3450 lucu
430 3385 568 3469 intelligi
600 3381 707 3446 debet.
758 3382 831 3444 vid.
867 3383 1017 3446 Wanaleb
1047 3382 1140 3448 lieile
1167 3386 1225 3464 (iu
1251 3383 1362 3446 Paulus

327 3487 583 3570 8997971993-
605 3484 643 3548 P.
661 3485 716 3564 3.)
745 3504 777 3566 p.
802 3479 887 3563 969.
907 3495 941 3545 et
963 3499 1047 3560 977.
1098 3485 1147 3546 Ex
1165 3487 1237 3550 aliia
1257 3485 1362 3548 eadent

329 3589 418 3650 tiabit
433 3588 610 3649 Hartmautt
624 3585 665 3648 ad
679 3583 794 3648 Edristi
809 3583 946 3647 Africam
967 3607 998 3668 p.
1014 3597 1061 3666 47
1072 3607 1101 3649 ι.
1153 3588 1289 3650 Videtur
1306 3581 1361 3644 uti·

329 3709 391 3772 qua
409 3687 568 3774 progrellu
588 3687 743 3768 temporie
762 3699 918 3757 mutatui,
946 3700 980 3748 et
995 3687 1048 3750 vel
1066 3687 1182 3768 partim
1203 3690 1239 3752 itt
1259 3683 1363 3750 iollam

330 3791 453 3862 abiiile.
480 3790 534 3852 val
556 3807 592 3850 ea
615 3788 720 3850 addita
736 3787 798 3849 hoc
814 3805 936 3850 nomen
955 3787 1024 3871 poli
1044 3787 1202 3871 accepille.
1245 3787 1363 3850 Pliniut

331 3893 420 3954 euim
435 3903 468 3968 5,
485 3909 519 3970 9.
541 3887 563 3951 1.
579 3901 615 3970 4.
641 3890 734 3950 Inter
747 3883 937 3979 Arfinoiten,
965 3891 1080 3973 inquit.
1111 3911 1151 3950 oc
1166 3889 1362 3967 Memphiten

332 3992 421 4055 lacus
436 3983 517 4083 fuit
538 4017 586 4035 ·-
609 3989 767 4052 Moeridis
794 3987 985 4070 capellatus.
1033 3991 1078 4052 Et
1101 3990 1166 4052 ttlio
1189 3991 1260 4054 loco
1283 3986 1361 4072 (35t

337 4091 430 4160 ι6.1.
449 4090 515 4180 aa)
535 4083 672 4184 ubifuit
686 4089 843 4154 Moeridis
854 4089 951 4184 locut,
970 4091 1031 4155 laco
1044 4089 1100 4187 ‘st’
1114 4083 1213 4184 soffia
1224 4087 1362 4176 grandis.
