2828 4966
972 191 987 224 Ι

337 415 376 462 ait
602 405 763 464 NOTAE
804 407 1104 472 EXEGETiflAE

330 577 455 640 Plinius
477 578 510 638 in
532 597 683 664 panegyr.
702 591 759 657 25,
782 600 810 642 1.
850 580 940 664 Quae
958 593 1063 642 tamen
1081 579 1120 640 fic
1137 580 1331 653 differunt,
1360 601 1377 644 rt

330 679 461 741 iirictim
486 682 651 763 epitomen
678 681 824 746 historiae
852 695 1040 763 perpernae.
1075 683 1207 762 qualem
1240 682 1377 746 confeci

330 782 524 862 Eutropius.
550 785 681 850 innuat,
707 795 740 844 et
763 783 798 842 fit
816 783 899 865 quoii
915 772 951 849 ἐξ
967 777 1134 869 ἐπιτομῆς,
1157 787 1316 864 carptim
1341 803 1377 848 an

329 895 414 952 tent,
448 885 482 942 in
504 878 609 966 gioffie
634 875 831 969 ἑκλογᾶδην,
864 885 991 966 proprie
1014 886 1051 946 ad
1074 898 1175 964 partes
1198 885 1290 946 hinc
1314 887 1375 946 ind

329 984 511 1064 depromtae
529 973 664 1066 spectet,
692 988 731 1046 tie
754 1005 835 1066 quio,
861 1007 901 1047 ne
922 986 1011 1066 plora
1033 983 1171 1046 adieram
1186 987 1264 1048 vid,
1285 987 1374 1050 Cort

330 1087 366 1146 ad
390 1084 512 1148 Salinii.
537 1087 628 1148 Catii.
654 1097 690 1166 4,
715 1103 747 1150 2.
778 1086 834 1147 ubi
858 1083 940 1154 fere.
972 1102 1009 1148 ut
1037 1085 1157 1150 noster:
1183 1085 1317 1180 statui
1343 1109 1377 1148 re

318 1185 432 1378 pestes
448 1188 488 1248 P.
505 1187 550 1250 R.
579 1201 615 1250 ut
628 1207 769 1273 quaeqtu
785 1189 932 1250 ntemort'a
955 1186 1055 1270 digna
1075 1184 1290 1260 videbantur,
1319 1211 1377 1272 per

343 1285 467 1348 cribere.

408 1487 582 1573 Totius)
630 1489 715 1556 Cum
739 1489 872 1554 inferior
893 1485 948 1580 [r.
969 1511 997 1562 r,
1019 1483 1075 1578 n]
1101 1505 1217 1554 terram
1245 1492 1378 1556 univer

326 1589 390 1653 farn
407 1592 440 1652 in
462 1593 604 1673 qninqne
619 1594 721 1658 Zonae
734 1593 912 1678 distinguat,
936 1613 1108 1675 earunrqne
1125 1613 1225 1654 unam
1246 1607 1378 1654 tanturn

325 1713 343 1756 a
366 1691 460 1754 nobie
482 1691 615 1754 habitari
637 1695 752 1770 tradat,
785 1708 890 1756 ternen
912 1715 983 1756 eam
1005 1714 1090 1756 nnnc
1112 1709 1239 1776 partem
1267 1707 1378 1758 toturn

326 1791 428 1856 orbem
450 1795 601 1874 appellat,
637 1793 769 1859 inferius
789 1815 867 1858 vero
891 1791 947 1884 [r‚
971 1817 999 1866 ι,
1017 1790 1073 1881 6.]
1097 1785 1314 1886 preversum
1349 1805 1378 1856 et

327 1893 469 1976 superins
493 1891 545 1984 [io
566 1889 687 1982 praei]
707 1895 829 1972 orheim
853 1909 890 1957 ut
909 1917 975 1978 cop.
992 1907 1027 1974 4.
1044 1893 1066 1958 i.
1119 1897 1250 1958 Pliniue
1274 1897 1378 1958 etiarn

325 1995 382 2058 lib.
403 2010 435 2076 3.
451 1997 496 2058 in.
526 1997 699 2068 Terrarum.
723 1985 838 2082 inquit.
861 1995 945 2060 orbis
965 1986 1128 2086 universus
1148 1997 1181 2057 a'rr
1202 2010 1273 2058 tres
1292 1997 1378 2058 divt'ae

325 2096 414 2160 ditor
428 2099 553 2161 Partes.
604 2101 721 2162 Seneca
738 2121 814 2164 vero
827 2119 897 2160 earn
914 2114 1011 2160 terrae
1027 2099 1209 2179 portionem
1226 2099 1378 2182 appellat

325 2200 449 2268 enoria,
482 2200 513 2259 in
537 2200 819 2264 declamationibus
841 2199 921 2278 [r.]
946 2201 1012 2267 ita,
1042 2200 1162 2280 inquit,
1191 2197 1237 2290 est
1264 2219 1378 2260 rerum

206 2337 211 2350 ι
324 2313 463 2372 nattum·
487 2297 557 2388 post
572 2301 680 2360 omnia
695 2319 828 2361 oceanus
834 2321 847 2372 ,¹
871 2297 943 2391 post
959 2321 1108 2359 oceanum
1123 2300 1220 2372 nitio·
1247 2314 1285 2362 et
1303 2299 1378 2360 uni·

320 2391 415 2490 versa
437 2401 469 2461 in
486 2399 613 2482 Quaest.
629 2401 833 2462 naturalibos.
865 2401 930 2462 Sed
947 2399 1049 2460 adhoc
1064 2400 1222 2484 angustius
1234 2401 1376 2464 l’iiniue

324 2512 478 2562 terrarum
502 2497 603 2560 orbem
627 2501 726 2562 Anam
747 2515 838 2564 vocat
858 2501 911 2561 lib.
932 2502 965 2564 6.
989 2521 1054 2582 cap.
1080 2522 1135 2564 ιι.
1160 2497 1201 2587 [f.
1225 2493 1310 2586 rm]
1339 2512 1374 2562 et

326 2621 392 2683 cap.
418 2623 446 2666 r.
472 2602 614 2664 einedern
631 2602 703 2662 libri
724 2603 765 2664 de
782 2600 944 2683 Bosporie:
971 2603 1089 2664 Alitum
1109 2604 1226 2684 qnippe
1244 2614 1373 2664 caereus

324 2723 498 2786 euntemque
520 2703 659 2764 latratos
680 2705 713 2764 r'rr
734 2705 831 2766 vicent
853 2701 1043 2764 artdinntrnn·
1073 2705 1160 2764 vocis
1182 2705 1282 2764 etiam
1310 2705 1371 2765 hre-

326 2825 441 2866 manae
463 2807 663 2874 commercia,
697 2806 779 2866 inter
802 2802 881 2864 dnos
907 2800 996 2864 orbes
1025 2815 1169 2864 manente
1193 2805 1369 2888 colloquio,

325 2904 498 2986 [maraon]
527 2907 561 2965 ui
574 2926 586 2966 ι
608 2925 677 2966 carm
697 2905 732 2966 td
758 2895 859 2994 ipsum
887 2895 1041 2991 cirferunt
1062 2905 1161 2966 verttt'.
1213 2907 1370 2967 Lucanus

323 3025 403 3068 vero
422 3007 517 3068 etiam
533 2999 589 3092 [5.
609 3000 714 3094 545]
736 3003 837 3069 orbem
852 3003 1003 3070 Hiberum
1014 3003 1197 3087 Hispaniam
1211 3007 1367 3089 appellat.

324 3125 540 3172 craccomvs.

291 3307 296 3314 '
402 3328 547 3394 quo-
567 3307 706 3392 modo)
737 3306 1161 3388 SicTacitnaAnnal.4.6.
1184 3325 1364 3389 congruens

326 3409 506 3472 crediderim
544 3401 694 3501 recensere
723 3423 841 3472 cereres
871 3429 992 3491 qnoque
1024 3407 1206 3489 reipublicae
1236 3423 1359 3490 partes,

324 3508 439 3593 qttr'hus
455 3512 559 3574 modis
579 3512 623 3572 nd
644 3533 712 3572 earn
734 3512 814 3572 divor
839 3509 964 3572 habitae
981 3507 1066 3600 fleat.
1115 3510 1234 3574 Sallust.
1259 3509 1360 3573 Catil.

328 3623 361 3688 5.
381 3625 460 3674 extr.
492 3613 646 3694 quomodo
671 3633 732 3674 rem
754 3611 912 3693 poeticam
937 3609 1119 3680 habuerint.
1152 3611 1207 3672 ubi
1233 3625 1359 3693 praeter

323 3711 382 3774 alia
403 3723 437 3772 et
456 3713 595 3776 nostrum
617 3715 724 3776 locum
746 3709 892 3794 adposuit
913 3711 1053 3774 Cortina.
1104 3711 1257 3775 Ceterum
1279 3731 1357 3772 con·

325 3810 401 3872 ferri
415 3814 560 3878 cumbae
574 3815 677 3877 Melae
697 3813 893 3896 expofitione
910 3811 1009 3895 potest
1028 3813 1204 3876 Eumeniue
1223 3814 1256 3874 in
1273 3827 1353 3874 orat.

323 3929 382 3996 pro
404 3914 590 3978 restaurand.
614 3913 726 3976 scholia
751 3934 817 3994 cap.
841 3929 898 3980 ao,
924 3929 956 3992 3.
992 3913 1063 3973 utic
1086 3915 1140 3992 (in
1161 3912 1356 3996 porticibue)

325 4013 460 4076 oninium
475 4037 544 4076 eum
563 4012 741 4078 nontirrt'brar
754 4005 825 4110 saris
845 4013 981 4075 locorum
995 4011 1093 4106 fitur,
1109 4007 1234 4105 spatia.
1260 4017 1354 4074 inter·

323 4111 410 4176 vaila
434 4107 596 4210 descripte
612 4107 714 4211 sunta
746 4115 902 4198 quidquid
927 4113 1038 4200 ubique
1056 4110 1230 4206 fluminum
1255 4115 1355 4179 oritur
