2756 4964
281 377 376 462 '104
578 381 740 448 uotae
779 385 1081 447 EXEGETchE
1152 337 1155 344 Ι
1190 330 1194 338 Ι

305 571 493 644 'nunquam
517 553 725 623 invenerunt.
786 560 851 622 Sed
875 562 940 624 hoc
971 575 1159 644 potuerunt
1187 559 1372 632 affirmare.

323 656 372 724 ibi
394 662 583 744 perplures
605 659 728 726 diense
750 659 888 745 potuisse
915 659 1087 745 progredi,
1122 683 1212 726 cum
1236 668 1295 726 vel
1319 685 1372 747 per

323 758 571 835 Mauritaniam,
596 765 649 824 vel
664 783 723 846 per
738 757 945 846 Carthaginis
962 759 1157 846 imperium,
1184 761 1264 838 nbi,
1289 762 1372 826 inter

325 882 466 947 parvum
485 878 614 948 ternpus
634 859 819 924 incidentes
834 860 869 924 in
887 883 1000 925 arenae
1018 884 1058 926 ac
1076 864 1214 926 deserta
1238 879 1275 927 et
1298 863 1372 928 serit

325 960 446 1025 belluis
465 963 611 1047 possessa,
637 961 820 1052 nequibant
834 959 871 1028 iu
886 969 1015 1030 tantum
1029 962 1208 1052 progredi.
1246 985 1274 1032 1.
1295 985 1372 1030 ooo

326 1081 456 1130 novrva
478 1064 555 1130 Ma.

404 1231 540 1316 thue
569 1231 663 1297 inde
692 1233 910 1318 procedit)
962 1237 1053 1300 Solet
1082 1237 1197 1308 Mela,
1236 1235 1372 1322 quando

323 1351 517 1427 magnarum
532 1333 621 1398 orbis
634 1333 778 1418 partium
795 1333 1048 1420 descriptionem
1064 1338 1267 1420 generalem
1283 1356 1372 1420 prae

324 1429 439 1504 mittit,
453 1434 575 1497 nonde
590 1433 742 1498 litoribus
758 1457 873 1499 eorum
888 1452 1025 1512 tanmm,
1043 1439 1096 1500 sed
1110 1439 1153 1500 de
1167 1453 1244 1500 tota
1258 1457 1372 1500 earum

324 1531 508 1616 superficie,
535 1551 655 1620 quanta
675 1554 797 1622 quanta
812 1537 855 1599 est
870 1535 974 1622 loqui,
1002 1554 1044 1610 et,
1070 1535 1107 1600 in
1122 1559 1234 1623 quam
1251 1533 1372 1600 mundi

324 1635 455 1719 plagam
476 1653 663 1718 procurrat,
699 1635 819 1722 quibua
842 1659 881 1700 ex
902 1636 1056 1701 litoribus
1078 1637 1187 1700 maria
1215 1635 1372 1721 recipiat,

326 1749 361 1797 et
390 1732 453 1797 alia
486 1734 590 1799 huius
617 1736 745 1820 generis
774 1754 941 1801 annotare.
1003 1740 1077 1802 Hoc
1107 1740 1237 1801 eodem
1269 1737 1372 1800 modo

325 1829 385 1900 lib.
406 1858 435 1896 1.
454 1855 481 1898 c.
501 1855 532 1899 o.
551 1833 587 1900 iu
602 1836 694 1899 brevi
711 1839 798 1901 Asrae
817 1835 1046 1922 descriptione,
1071 1839 1253 1926 postquam
1268 1841 1372 1902 Asram

325 1929 456 2017 ingenti
472 1957 511 1999 ac
531 1954 689 2022 perpetua
704 1938 811 2002 fronte
827 1939 869 2002 ad
890 1937 1051 2002 orientem
1073 1940 1206 2002 versam
1229 1937 1372 2010 dixerat,

327 2033 439 2122 pergit
460 2039 517 2102 stc:
545 2039 627 2100 Inde
643 2061 714 2102 eum
734 2041 935 2124 aliquatenus
944 2033 1055 2132 solido
1071 2036 1236 2133 proceffit,
1260 2041 1372 2120 recipit

327 2159 369 2200 ex
394 2159 511 2200 oceano
533 2140 647 2202 Indico
669 2139 848 2205 Arabicum.
900 2141 1004 2202 Verba
1034 2138 1136 2224 igitur
1167 2154 1273 2224 utque
1298 2137 1372 2200 inda

324 2238 470 2321 procedit
493 2235 594 2304 totius
617 2237 746 2304 Africae
761 2237 840 2304 inde
855 2260 874 2303 a
887 2238 965 2303 Nilo
988 2240 1030 2302 ad
1052 2241 1209 2304 occasum
1231 2257 1369 2324 procur·

323 2353 454 2404 rentem
482 2336 686 2422 superficiem
717 2340 891 2415 denotant,
926 2337 963 2404 in
992 2361 1056 2428 qua
1082 2339 1198 2404 media
1226 2356 1369 2422 magnoa

321 2435 433 2502 attolli
448 2435 531 2502 dicit
543 2455 683 2514 montee,
711 2459 793 2528 quoa
810 2439 930 2504 deinde
947 2439 983 2502 in
1004 2439 1082 2527 iuga
1101 2439 1308 2507 coniunctos
1326 2437 1367 2499 ad

324 2539 478 2605 occasum
497 2559 701 2626 procurrere.
733 2563 914 2607 naacarva
940 2564 969 2607 r.
990 2543 1013 2608 l.

405 2707 589 2792 madia)
637 2707 802 2773 Vedianua
829 2711 871 2774 ad
898 2707 1077 2773 Numidiae
1102 2708 1187 2774 linea
1212 2709 1372 2792 duosque

327 2808 510 2876 Ptolemaei
524 2812 668 2874 Atlanteo
683 2809 720 2872 in
739 2809 855 2896 primia
876 2811 985 2874 refert.
1036 2814 1087 2874 De
1101 2797 1267 2884 Numidia
1289 2809 1372 2869 coni

327 2909 426 2975 sentit
448 2908 633 2984 olivn‘ms,
666 2909 724 2998 qui
747 2928 857 2975 tamen
881 2911 974 2974 addit
997 2909 1076 2974 inde
1101 2933 1118 2973 a
1141 2910 1362 2976 Catabathmo

327 3033 433 3096 usque
455 3011 496 3074 ad
517 3012 639 3074 fretum
660 3009 805 3076 Africam
828 3013 952 3096 semper
967 3013 1147 3096 exsurgere.
1199 3015 1245 3074 Et
1268 3011 1308 3070 src
1323 3023 1361 3065 ex

326 3112 499 3177 Herodoto
516 3121 552 3192 4,
582 3125 660 3190 181.
686 3113 784 3176 docet
813 3111 1013 3176 ciacconius
1038 3133 1105 3174 non
1131 3113 1173 3174 ad
1197 3113 1359 3174 Maureta·

325 3213 419 3279 niam
442 3229 569 3276 tantum
590 3209 723 3285 adtolli,
750 3213 804 3274 sed
824 3234 882 3298 per
903 3210 1049 3276 mediam
1065 3211 1196 3277 Africae
1219 3205 1359 3291 longitu-

326 3313 441 3380 dinem
458 3316 498 3377 ab
510 3316 656 3398 Aegypto
674 3313 714 3374 ad
732 3312 883 3377 Herculis
904 3317 1075 3378 columnae
1094 3311 1266 3376 montium
1289 3307 1359 3368 dor·

327 3417 399 3480 sum
422 3435 605 3480 excurrere.
653 3416 744 3478 Bene
765 3411 868 3498 igitur
882 3414 987 3477 noller
1010 3418 1085 3496 iuga
1103 3412 1204 3487 dicit,
1232 3427 1266 3474 et
1286 3419 1356 3489 apte

328 3513 481 3600 adiungit
498 3509 656 3608 exsurgit,
690 3530 728 3578 ut
747 3519 864 3599 planae
887 3518 1042 3599 obponat.
1095 3517 1227 3596 Surgere
1248 3525 1354 3572 autem

325 3615 464 3680 omnino
485 3619 650 3698 eleganter
669 3616 710 3678 de
724 3613 893 3679 montibus
899 3659 909 3688 ,
935 3613 985 3678 uti
1000 3617 1088 3698 apud
1107 3612 1205 3679 ovid.
1222 3614 1350 3675 Metam.

331 3741 363 3790 r,
386 3729 447 3801 44.
480 3712 635 3780 Taciturn
654 3717 769 3778 Annas.
793 3739 822 3788 r,
849 3719 907 3798 64.
938 3714 1068 3798 (iuga.)
1120 3713 1176 3778 Sic
1198 3713 1349 3780 noster3,

331 3840 388 3894 ro,
412 3844 441 3884 1.
483 3815 608 3882 Similia
624 3819 717 3881 locua
738 3815 837 3880 exllat
853 3835 885 3890 c,
899 3827 934 3896 4.
950 3814 997 3879 in.
1023 3813 1082 3878 ubi
1104 3813 1213 3901 posuit
1230 3805 1347 3877 adtolli.

399 3985 602 4070 incurva)
650 3989 673 4050 1·
694 4007 722 4050 e.
741 3987 850 4048 nulloa
866 3981 947 4050 sacit
963 3986 1064 4058 finua,
1087 3977 1147 4048 nio
1167 3985 1257 4046 volea
1279 3977 1345 4052 Syr·

324 4107 375 4156 tea
398 4093 564 4177 appellare
587 4089 682 4154 fioua.
716 4105 910 4153 curamve.
971 4087 1045 4151 Hoc
1068 4085 1129 4161 est,
1160 4081 1197 4148 in
1217 4077 1348 4147 modum
