2764 4954
388 410 452 490 ³⁶4
595 435 597 442 κ
647 413 818 472 morta
859 413 1163 473 uxaoa‘rrcaa

384 589 537 670 pellatam
555 583 643 649 baille
660 587 770 658 addit.
799 585 856 649 eth
875 584 1041 649 Salmafirts
1057 587 1095 648 ad
1115 599 1143 650 c.
1161 587 1184 650 l.
1205 601 1324 672 propter
1343 581 1374 646 td

389 692 470 751 iecra
485 689 522 750 ad
539 689 716 751 Phoenices
735 688 848 751 urbem
865 688 1026 750 inflectere
1047 690 1154 760 malit,
1179 703 1212 750 et
1230 691 1298 771 quia
1318 703 1374 747 neu

389 793 421 851 id
440 803 584 852 veterum
602 791 775 854 tradiderit.
826 789 869 851 At
884 789 951 850 vid.
969 789 1116 852 Bochart.
1132 792 1166 852 in
1182 791 1295 874 Phaleg
1307 799 1336 868 4,
1350 797 1374 867 ql

382 906 422 955 .et
445 893 478 952 iu
502 893 663 955 Charraan.
681 910 712 960 2.
734 909 767 954 Ω.
800 889 943 953 Holsten.
964 891 1001 950 ad
1025 891 1177 974 Stephan.
1191 911 1266 977 pag.
1283 902 1374 968 358.t

381 994 523 1056 -lleland
538 992 571 1053 in
588 993 756 1056 Palaestina
777 1013 806 1062 ι,
827 995 856 1052 ι.
874 988 895 1051 f.
946 990 1009 1054 Pro
1025 993 1189 1056 Phoenice
1210 1009 1311 1055 autem
1328 989 1374 1074 hep

388 1097 477 1174 Syria
489 1115 546 1176 per
561 1092 780 1173 lynecdochen
797 1093 942 1175 ponitur.
975 1093 1028 1155 Sic
1041 1113 1098 1175 per
1113 1097 1294 1157 continuam
1308 1091 1374 1154 leriet

388 1197 421 1256 in
448 1209 507 1258 act.
532 1188 706 1276 Apostolor.
732 1213 790 1265 or,
816 1211 849 1261 o.
875 1207 907 1274 5.
938 1194 1079 1276 adeoque
1112 1188 1131 1278 i,
1160 1193 1192 1260 ἐν
1219 1189 1374 1258 llulmurii

384 1293 497 1384 ¹Eopicr
520 1297 635 1357 dicitur
656 1299 745 1380 apud·
763 1294 878 1358 Euleb.
902 1296 936 1356 in
958 1315 1096 1380 praepar.
1115 1297 1239 1383 Evang.
1255 1309 1286 1374 8.
1306 1311 1351 1358 to.
1371 1315 1374 1352 t

389 1396 420 1461 oi
443 1394 474 1460 ἐν
495 1395 539 1484 'cp‘
560 1391 766 1484 Παλαιστίνη
788 1387 891 1484 Σύροι
910 1397 993 1480 apud
1016 1396 1141 1481 loseph.
1162 1401 1196 1460 in
1212 1400 1325 1478 antiqu.
1341 1397 1374 1456 lu

389 1511 424 1576 8,
444 1517 499 1571 ro,
518 1512 551 1577 3.
591 1499 796 1561 Palaestinam
811 1499 906 1560 etiam
921 1499 964 1560 ita
978 1499 1042 1560 dici
1057 1513 1148 1562 notat
1162 1500 1332 1584 Stephanus
1343 1495 1374 1557 ll

385 1595 487 1686 'lo‘rtrp
524 1599 549 1662 A
564 1601 653 1679 Syria
668 1613 701 1663 et
717 1604 863 1685 Aegypto
879 1614 987 1661 contra
1004 1599 1121 1681 separat
1135 1603 1247 1665 Strabo
1267 1618 1297 1663 a.
1311 1621 1339 1682 p.
1353 1591 1374 1673 8l

388 1700 412 1766 l.
428 1719 469 1764 re
475 1713 507 1780 5.
547 1702 643 1786 Fines
660 1705 728 1764 eius
743 1702 899 1782 urbesque
915 1699 1063 1762 describit
1078 1701 1203 1766 Plinius
1220 1714 1251 1781 5.
1266 1695 1374 1808 miri

387 1823 529 1886 quocum
546 1800 611 1864 fere
627 1803 784 1866 consentit
795 1803 998 1865 Ptolemaeus
1015 1813 1048 1878 5.
1071 1813 1125 1881 t5.
1175 1807 1263 1866 Tum
1277 1811 1374 1870 vernt

386 1906 513 1988 potiora
537 1903 685 1974 adferam.
711 1907 830 1987 reliqua
853 1903 1052 1988 Geographis
1072 1905 1248 1977 relicturus.
1277 1905 1313 1966 ad
1332 1899 1374 1963 oct

388 2005 457 2068 lum
479 2018 545 2068 erat
566 2025 651 2069 mare
672 2007 853 2078 internum,
887 2007 925 2066 ad
947 2005 1117 2067 meridiem
1135 2007 1256 2070 Aradus
1275 1997 1374 2066 itriolal

383 2107 582 2170 Eleutheros
603 2107 737 2179 fluvius,
762 2109 822 2170 alia
839 2105 1022 2169 includebat
1038 2107 1190 2172 Libanus.
1243 2087 1374 2174 Nolui

388 2207 484 2280 solet.
516 2211 633 2292 aliquas
654 2223 778 2271 tanturn
796 2209 890 2272 urbes
909 2209 1023 2270 eximit
1043 2227 1131 2270 oram
1147 2229 1188 2270 ex
1205 2227 1290 2272 more
1304 2197 1374 2290 lagei

316 2368 324 2376 ,
385 2331 484 2392 quam
500 2323 533 2372 et
547 2326 647 2393 paene
667 2324 733 2374 tota
754 2325 897 2393 occupat.
949 2309 1047 2392 Quod
1064 2311 1151 2371 enim
1169 2313 1263 2373 etiam
1280 2297 1374 2372 Herod

384 2427 440 2474 tur
458 2413 492 2487 7'.
509 2423 569 2492 89.
592 2413 704 2483 tradit,
737 2413 914 2474 Phoenices
932 2429 949 2472 a
968 2409 1065 2471 rubro
1087 2413 1166 2470 mari
1187 2405 1295 2498 egrell't
1310 2391 1374 2486 syrii

387 2514 545 2574 maritima
576 2527 759 2585 tenuerant,
797 2513 837 2575 de
862 2531 922 2594 qua
952 2512 1144 2596 migratione
1174 2512 1214 2576 cf.
1247 2483 1374 2588 lleynel

389 2613 525 2675 Guthrie
546 2613 673 2698 allgem.
689 2611 881 2700 Weltgelch.
899 2615 939 2676 T.
960 2631 989 2676 t.
1008 2633 1039 2694 p.
1058 2623 1144 2691 420.
1168 2627 1203 2676 et
1220 2595 1374 2676 Geinemri

386 2715 568 2798 prolufione
591 2735 619 2778 t.
643 2716 683 2778 de
705 2713 964 2800 navigationibus
985 2727 1070 2776 extra
1093 2715 1259 2778 columnae
1279 2705 1374 2776 llerul

385 2831 423 2893 ’5.
443 2834 475 2879 2.
504 2815 542 2877 ari
563 2816 677 2878 calceru
701 2817 824 2899 Orphei
844 2837 876 2899 p.
894 2824 979 2896 424.
1034 2815 1134 2900 Quod
1155 2818 1307 2900 praeiacet
1322 2825 1374 2872 mat

388 2917 601 2981 rauranum
624 2919 809 3001 arpennas.
839 2919 944 2996 (tarn.
963 2927 994 2992 5,
1016 2929 1072 2996 15.
1094 2913 1115 2978 t.
1143 2921 1223 2995 ια.)
1271 2901 1374 2978 oeterni

385 3039 467 3102 quae
482 3019 521 3080 ad
535 3019 733 3081 Phoenicum
748 3019 908 3080 historiam
928 3012 1074 3079 latiffime
1089 3017 1235 3081 diffusam
1251 3013 1374 3101 pertineri

387 3121 559 3203 diligenter
574 3121 714 3204 conlegit
729 3134 762 3182 et
779 3119 924 3201 pluribus
940 3121 1265 3183 commentationibus
1279 3101 1374 3198 expell

389 3221 519 3305 Miguot
535 3222 569 3280 in
584 3219 758 3282 Memoires
774 3221 814 3282 de
829 3221 1009 3283 l'academie
1024 3219 1079 3282 des
1092 3219 1201 3285 inlcrr.
1217 3251 1267 3270 ·-
1280 3220 1317 3282 tle
1328 3215 1374 3278 Ptl

388 3323 486 3386 Tom·
505 3330 563 3402 54·
586 3341 618 3404 r·
637 3323 839 3404 56-174·
865 3343 898 3406 r·
921 3333 1142 3402 ι95-375·

468 3521 618 3607 gertus)
668 3524 695 3588 Ι.
718 3543 747 3587 e.
771 3541 860 3610 gens.
911 3525 964 3587 Sic
985 3525 1071 3588 Plin.
1096 3537 1129 3604 5,
1154 3525 1320 3608 13.l.12.
1341 3503 1374 3604 till

387 3647 465 3710 geras
493 3625 684 3686 Phoenicum
709 3627 741 3686 t'rr
764 3645 881 3706 magua
905 3625 1008 3706 gloria
1035 3627 1198 3689 literarum
1221 3609 1374 3689 inventioni

388 3741 421 3789 et
457 3726 593 3796 uiarum.
620 3727 843 3809 navaliumque
856 3747 896 3787 ac
911 3723 1086 3789 bellicarum
1104 3731 1233 3791 artium.
1270 3709 1374 3788 Plurad

389 3829 453 3890 hoc
467 3829 556 3890 vocis
571 3826 628 3889 usu
646 3829 683 3888 arl
706 3849 734 3899 r,
756 3830 810 3896 ιδ,
832 3847 861 3891 ι.
903 3828 1050 3890 Sollertia
1069 3843 1186 3900 autem,
1212 3847 1287 3912 quae
1303 3819 1374 3904 [pecti

389 3943 443 3991 tur
475 3930 536 3990 acri
562 3941 596 3989 et
630 3943 725 3990 acuto
753 3931 882 4014 ingenio
913 3929 952 3990 ad
979 3929 1242 3997 res'verlandas.
1281 3913 1374 3987 marini

388 4031 529 4094 Sidoniis
547 4031 718 4100 tribuitur,
750 4049 830 4111 quos
847 4025 1070 4113 antiquiffirnis
1092 4031 1284 4114 temporibus
1306 4011 1374 4085 >rull

388 4127 528 4218 τέχνους
543 4129 633 4195 tutta
656 4151 696 4195 ex
711 4131 853 4197 Homero
875 4131 989 4218 probat
1011 4134 1108 4197 etiam
1124 4135 1234 4199 Strabo
1257 4151 1283 4192 ι.
1300 4145 1329 4209 p·
1347 4117 1374 4192 ti
