2852 4946
216 411 571 471 renouentur.
612 411 695 471 ιι.
736 413 855 476 uxr.
897 415 977 486 ιι.
1055 423 1120 494 tt*

78 591 166 654 tiano
186 587 266 670 cap.
287 587 343 650 lib.
361 589 395 652 6.
418 605 489 670 pag.
507 601 590 650 aao.
636 585 767 650 luverlo
793 589 906 652 ordine
932 589 1044 654 Strabo
1064 609 1120 656 ιι.
1153 573 1164 700 p

78 712 109 776 p.
130 703 215 773 353.
235 687 255 752 l
275 701 359 767 520.
392 689 513 752 Arrian.
538 689 571 748 in
594 689 666 754 lnd.
682 709 749 772 cap.
767 707 800 753 a.
832 709 849 752 a
868 692 963 772 Lycia
980 705 1014 754 et
1030 691 1123 758 Caria

79 796 149 856 eiua
164 793 334 855 exordium
352 792 485 853 ducunt.
523 789 577 854 Sic
593 791 708 854 dvieu.
723 792 756 852 in
770 793 889 878 perieg.
904 813 937 857 r.
956 807 1042 874 339.
1065 792 1124 885 Ast

80 892 191 988 Afiam
214 889 366 954 incumbit
389 889 482 985 vaslo
503 913 592 954 mous
611 913 724 974 aggere
750 893 879 960 Tmtnas.
910 892 1125 990 luterstntqtu

81 998 157 1079 iugo
184 993 338 1066 medium,
371 993 568 1078 Pamphylia
594 1013 708 1074 cumpo
736 991 811 1089 Qun
833 997 932 1068 int-et,
959 997 1124 1077 incipieus,

81 1101 122 1159 n'e
146 1097 279 1158 verticis
310 1093 415 1157 ardua
448 1093 537 1156 ducta
568 1095 720 1156 Indorum
752 1095 797 1156 nd
822 1097 969 1178 pelagus,
1004 1099 1126 1182 quippe

83 1197 207 1262 leonton
223 1197 276 1258 hio
291 1209 324 1258 et
337 1217 370 1258 v.
386 1208 491 1275 ¹⁰¹'t9-
519 1195 710 1276 Dionyfium
727 1195 817 1258 luum
835 1217 865 1260 v.
876 1197 960 1279 639.
986 1219 1127 1264 reecuv·

80 1319 162 1364 ιιι.
217 1297 343 1382 Nempe
360 1295 522 1379 supposuit
541 1311 660 1366 auctor.
686 1298 873 1361 confidunt
897 1300 1013 1364 debere
1032 1301 1127 1364 suum

78 1401 183 1466 nollri
204 1398 446 1481 hemisphaerii,
479 1411 517 1459 ut
538 1400 634 1462 iaceat
653 1397 692 1461 ab
713 1402 836 1462 oriente
858 1401 965 1464 verius
982 1403 1128 1466 occiden-

83 1517 164 1565 tem.
213 1502 291 1563 ldeo
312 1502 437 1562 Taurne
458 1519 553 1562 mona
577 1519 644 1562 non
667 1502 783 1584 occipit
809 1503 937 1565 initiunt
963 1507 996 1566 in
1022 1505 1127 1584 Lycia,

83 1603 138 1668 led
155 1605 192 1666 in
207 1603 343 1674 oriente,
368 1616 405 1662 ut
418 1601 453 1662 iu
469 1601 563 1680 Lycia
579 1603 708 1666 desinat.
734 1621 758 1665 ι.
778 1621 976 1668 unonovtve
995 1607 1070 1670 MS.

163 1771 316 1834 dextro
341 1767 499 1853 latere)
547 1771 582 1834 Si
603 1771 641 1832 ab
664 1771 732 1836 eiua
747 1785 819 1835 ortu
836 1775 869 1836 in
892 1773 1033 1836 oceasum
1056 1795 1130 1857 pro·

86 1874 212 1960 spiciaa.
230 1891 419 1936 vnurnuve.
453 1873 544 1936 ldem
557 1871 682 1936 Plinius
697 1893 723 1938 c.
741 1874 763 1937 l.
782 1875 823 1936 fio
839 1875 991 1938 declarat:
1014 1875 1131 1938 dextro

84 1977 188 2040 latere
213 1965 486 2068 ι[ηιιιιιιινίοιιὶιὶιί
511 2007 557 2022 -
592 1973 685 2036 laeuo
717 1975 948 2048 meridionalis.
990 1991 1022 2040 et
1048 1977 1131 2040 Soli·

85 2097 153 2142 uua
174 2096 204 2140 c.
230 2077 252 2138 l.
276 2073 413 2138 obiectus
427 2064 652 2166 J'eptemtrmui
673 2074 788 2138 dextro
815 2076 922 2142 latere.
970 2077 1132 2144 Olivariue

89 2181 242 2243 dextrum
262 2177 343 2240 latua
365 2177 403 2238 ad
419 2178 541 2238 Imaum
564 2173 676 2248 refert,
704 2175 856 2238 finlstrum
875 2179 912 2240 ad
930 2179 1131 2252 Damasrum,

87 2280 191 2342 Tauri
212 2292 409 2348 ramentum,
434 2296 532 2360 quem
549 2293 632 2340 tecto
648 2280 781 2340 nomine
797 2275 948 2342 refutavit
965 2280 1133 2344 Salmasius

89 2382 128 2444 ad
146 2380 251 2444 Solio.
267 2400 300 2462 p.
318 2400 363 2442 m.
380 2391 464 2458 552.
492 2377 620 2462 Nempe
637 2379 721 2442 Mela
736 2399 804 2442 non
821 2382 860 2444 de
873 2383 1024 2446 ramentis
1035 2383 1134 2446 Tauri

90 2483 255 2566 loquitur.
283 2479 332 2542 led
349 2481 389 2544 tle
406 2480 523 2542 eodem
542 2493 629 2542 recto
646 2496 679 2544 et
699 2495 854 2566 perpetuo
871 2485 965 2568 ingo.
990 2485 1075 2566 qnod
1094 2483 1134 2546 ab

91 2587 219 2650 onerate
233 2579 380 2646 exorsum
395 2595 501 2644 eontra
519 2582 718 2646 occidentem
733 2597 860 2668 pergat,
883 2585 972 2650 unde
989 2585 1082 2668 quale
1098 2585 1137 2650 fit

93 2686 249 2748 dextrum
270 2685 367 2754 latua,
397 2679 488 2745 facile
508 2682 715 2768 intelligitur.
741 2682 944 2767 frontemque
962 2690 1032 2751 eine
1054 2688 1137 2750 occi·

92 2786 187 2850 denti
208 2785 268 2848 effe
293 2781 469 2848 obversam.
520 2783 642 2846 Eadem
666 2805 744 2848 vero
769 2782 934 2872 diligentia
956 2807 1013 2870 per
1033 2801 1137 2870 partae

92 2888 234 2974 lingulae
247 2883 405 2970 descripto
422 2903 507 2946 mare
521 2886 683 2948 internum
698 2886 755 2952 lib.
773 2907 803 2948 r.
820 2907 887 2968 cap.
908 2907 936 2950 ι.
963 2887 1006 2950 ob
1022 2890 1137 2952 utrina·

91 3009 162 3072 que
191 3007 342 3074 magnam
372 2985 587 3050 celebritatem
617 2999 651 3050 et
678 2990 714 3050 iu
741 2989 888 3052 Romana
919 2988 1049 3066 historia
1078 2987 1138 3054 fae·

92 3103 253 3179 quentem
277 3087 382 3152 ulum.
935 3067 941 3087 ⁸

172 3251 382 3342 gentium‘)
431 3257 651 3340 Scythicarum
669 3271 702 3322 et
721 3257 914 3328 tunicarum,
940 3276 1082 3342 quaeque
1105 3261 1140 3322 ln

95 3359 244 3428 oceasum
265 3362 425 3443 utrimque
441 3363 528 3422 iuxta
546 3358 629 3424 suot.
662 3379 849 3423 nurture.
902 3360 1022 3424 Gentee
1043 3375 1075 3423 et
1095 3383 1141 3424 re·

96 3467 226 3550 giouea,
252 3481 329 3545 quaa
349 3461 457 3523 transrt
472 3463 607 3535 Taurus,
631 3459 792 3524 discuntur
808 3483 846 3526 ex
864 3463 1044 3524 narratione
1060 3464 1141 3526 Stra·

98 3567 200 3628 bouie
222 3585 276 3625 ιι.
299 3584 331 3646 p.
349 3575 434 3642 558.
449 3559 471 3632 l.
488 3576 572 3642 520.
625 3563 798 3648 Praecipue
815 3578 921 3625 autem
942 3565 1081 3626 notanda
1097 3563 1142 3628 est

99 3666 229 3737 divitie,
255 3685 350 3748 quam
366 3663 448 3734 facit,
475 3666 561 3728 Aliae
577 3667 611 3727 in
632 3661 920 3748 septemtrionalem
942 3679 975 3728 et
995 3667 1142 3729 meridia·

99 3787 195 3838 nam,
220 3768 304 3829 intra
324 3780 358 3829 et
379 3779 466 3829 extra
481 3767 642 3839 Taurum,
674 3769 714 3830 de
734 3786 796 3852 qua
809 3768 878 3832 vid.
892 3767 933 3830 ad
947 3768 1141 3852 Eutropium

100 3878 412 3986 spsppmfflh

178 4027 342 4130 dorsum
370 4035 490 4121 agit)
531 4037 584 4100 Ell
599 4036 701 4103 termo
718 4049 914 4103 metatomm
931 4053 965 4102 et
987 4039 1143 4124 agrimen-

103 4138 226 4215 lorum,
256 4153 355 4227 prout
370 4139 527 4210 ‚dixerunt
550 4161 641 4225 ogere
663 4141 858 4218 anniadum,
889 4159 981 4226 agere
1001 4141 1142 4216 umnam,
