2852 4946
191 391 245 450 ru
274 389 414 450 tour.
443 388 552 446 rtet„
592 389 672 446 nr.
716 389 851 448 extu.
893 389 971 462 ts.
1042 401 1106 470 4¹⁶

71 565 295 630 'declarandam
345 565 393 628 lta
418 583 536 646 nempe
561 561 669 626 verbio
693 565 819 648 generie
844 583 880 625 er
906 561 1106 638 substituunt.

71 689 145 750 quae
166 668 315 751 proxime
329 686 400 728 rem
414 665 585 747 expolitam
600 666 777 734 declarent,
802 665 934 746 eiueque
950 679 1105 740 naturam.

71 769 221 852 speciem,
248 765 404 837 sormam,
430 767 564 828 modum
582 764 716 828 seussbue
734 763 911 828 subiiciaut.
950 768 1105 850 Exempla

71 871 154 953 plura
180 863 322 954 congelli
350 871 384 928 in
407 867 620 930 dissertatione
642 869 683 930 de
706 865 791 929 Mela
812 887 878 950 cap.
897 883 931 945 7.
982 869 1105 933 Similia

71 971 280 1035 subministrat
293 971 390 1032 etiam
405 969 483 1032 haec
497 971 577 1032 autri
595 966 774 1053 descriptio.

141 1151 322 1203 orontem
330 1137 349 1221 )
396 1139 523 1202 Soliuue
538 1159 564 1200 c.
579 1139 601 1201 l.
625 1138 751 1218 Spectat,
776 1137 834 1222 qui
849 1149 985 1200 montem
1004 1139 1103 1220 impo-

64 1237 160 1334 suam
187 1243 272 1303 muri
293 1261 315 1300 o
330 1229 458 1332 summo
485 1253 584 1302 cavat
605 1241 736 1310 vertice,
768 1240 901 1319 patulus
924 1239 1016 1304 hiatu
1038 1263 1104 1304 arra·

69 1337 212 1436 plrffimo.
251 1343 300 1404 De
314 1339 382 1424 ipso
398 1355 508 1404 monte
523 1343 602 1405 adeo
622 1337 745 1404 dictum
767 1341 820 1404 esi.

139 1510 279 1593 clivo)
326 1507 519 1572 Descensurn
548 1509 681 1592 explicat
713 1509 765 1572 ltic
798 1509 974 1582 Olirariue,
1007 1533 1102 1594 quem

70 1611 139 1676 ideo
153 1611 362 1694 reprehendit
376 1611 539 1674 Salmasius
553 1613 591 1671 acl
606 1611 707 1672 Solio.
729 1632 760 1694 p.
779 1631 823 1674 ιιι.
841 1623 925 1692 544.
947 1611 1102 1695 subpresso

70 1715 197 1796 quirleru
215 1714 357 1784 nornine,
380 1711 435 1774 etsi
450 1709 514 1794 ipse
529 1713 568 1774 de
582 1709 728 1776 descensu
743 1713 903 1794 dici'pulle
917 1733 983 1774 uun
999 1731 1102 1800 negat,

69 1815 243 1898 probatque
263 1833 303 1874 err
324 1813 380 1875 Gr.
402 1805 517 1890 κλιτὺς
536 1827 568 1874 et
592 1813 766 1896 virgiliano
791 1813 862 1876 luco
885 1815 985 1898 eclog.
1009 1833 1043 1894 9,
1066 1828 1100 1893 8.

69 1916 137 1978 ubi:
171 1937 237 1998 qun
261 1913 291 1976 se
305 1905 480 2005 subducere
503 1913 595 1975 colles
616 1915 794 1994 incipiunt,
824 1915 969 1996 mollique
993 1917 1100 1996 iugum

70 2015 230 2078 demittere
249 2016 340 2078 cliuo.
400 2017 462 2077 Sed
484 2035 524 2076 ex
547 2035 633 2076 nexu
656 2015 725 2076 talia
749 2016 781 2075 in
804 2013 927 2077 diverso
945 2027 1044 2078 'motu
1070 2031 1102 2080 et

69 2115 237 2204 progressu,
262 2131 300 2176 ut
316 2117 444 2178 acclivis
460 2129 492 2178 et
510 2115 650 2184 declivis,
672 2131 836 2200 reguntur.
877 2117 988 2178 Clivus
1005 2119 1101 2180 etiam

70 2219 99 2279 in
120 2213 232 2304 gloslte
262 2217 316 2278 Gr.
341 2219 513 2297 explicatur
543 2211 711 2289 ἀνάβασις.
766 2217 980 2288 Graviores,
1014 2221 1102 2300 quud

71 2319 258 2382 Strabonem
282 2339 298 2380 a
323 2317 407 2379 Mela
428 2319 510 2378 male
533 2319 730 2379 intellectum
758 2318 817 2381 elle
841 2321 951 2391 iactat;
983 2341 1101 2402 nempe

69 2439 135 2482 cum
153 2423 208 2482 ille
222 2421 262 2480 ari
277 2435 322 2481 ou
340 2419 430 2480 stadia
447 2417 533 2500 supra
548 2419 706 2497 Corycum
721 2422 980 2503 promontorium
1002 2435 1101 2505 ponat

68 2521 125 2584 lroc
140 2539 290 2589 antrum.
319 2521 435 2580 Melam
459 2521 547 2581 idad
568 2519 670 2602 ipsum
686 2524 806 2583 muntia
830 2523 924 2584 huiue
948 2525 1100 2586 verticem

68 2623 215 2691 retulisse,
237 2636 270 2681 et
290 2641 460 2683 numerum
481 2621 639 2694 minuisse,
657 2623 729 2704 quia
746 2625 796 2684 illa
811 2625 946 2686 altitudo
967 2627 1100 2687 modum

69 2729 219 2786 excedere
246 2723 426 2793 videretur,
462 2727 538 2782 curri
564 2723 676 2784 Strabo
710 2737 833 2784 tautum
861 2728 961 2794 dicat,
997 2719 1100 2813 ὀφρῦς

68 2824 183 2899 ἱκαναῖς
206 2814 336 2908 ὑψηλὴ.
376 2828 416 2885 ut
436 2823 521 2904 quod
538 2837 649 2885 mouet
666 2820 797 2895 Voffitte,
821 2825 933 2888 Strabo
950 2827 989 2888 rie
1007 2827 1100 2908 ipsura

68 2929 143 2988 antri
167 2925 320 2987 lateribue
340 2925 498 3005 loquitur,
524 2924 640 3005 quibua
657 2925 690 2984 in
708 2925 847 3007 obposita
869 2931 990 2988 montis
1013 2941 1100 3010 parte

68 3025 174 3110 spectra
193 3028 247 3088 ille
264 3027 424 3106 utrimque
446 3027 675 3110 praecingitur;
708 3027 792 3088 Mela
814 3029 853 3088 de
875 3028 959 3088 clivo
980 3033 1100 3093 utuntie

67 3129 159 3192 edsito
180 3129 271 3188 mari.
307 3125 420 3208 Neque
437 3139 558 3188 tantum
574 3127 713 3188 aberrare
730 3149 746 3188 a
764 3149 837 3189 vera
852 3131 973 3190 ratione
989 3129 1099 3192 Nosler

66 3233 188 3311 potuit,
229 3243 267 3288 ut
298 3227 501 3288 intervallum
533 3227 571 3287 de
602 3228 768 3290 altitudine
795 3231 869 3290 clivi
897 3229 1097 3312 intelligeret.

65 3331 122 3392 Sed
146 3327 210 3412 ipsa
232 3329 314 3390 antri
335 3327 467 3411 speciae,
494 3347 572 3410 quae
590 3325 678 3390 luisse
694 3329 837 3401 videtur,
863 3328 934 3392 satia
952 3329 1039 3414 supra
1056 3332 1099 3396 est

64 3431 223 3494 declarata.

136 3597 278 3682 vitet)
327 3599 379 3662 Sic
405 3597 545 3660 llutiliue
561 3599 595 3660 in
617 3598 689 3661 itin.
716 3618 746 3669 ι,
772 3613 854 3681 233.
881 3601 963 3663 viret
993 3598 1098 3693 cleufis

64 3703 184 3764 oieirrr'a
209 3701 301 3762 lueis.
344 3701 513 3784 Eleganter
530 3719 605 3761 vero
620 3713 653 3762 et
666 3700 728 3762 ltoc
747 3721 804 3783 pro
821 3701 925 3773 habet,
949 3703 993 3764 ibi
1011 3703 1093 3767 sunt.

66 3803 136 3866 alio
163 3803 270 3864 colore
297 3801 337 3862 de
364 3801 527 3862 Trinacrio
560 3799 651 3882 specu
680 3801 845 3864 Gratianus
875 3805 909 3864 in
935 3803 1094 3889 Cyneget.

67 3923 97 3965 v.
115 3916 199 3985 431.
224 3903 357 3986 certique
377 3893 531 3992 introrsus
554 3901 688 3973 reditus,
723 3905 836 3964 circum
858 3918 949 3966 otroe
972 3908 1095 3968 moenia

57 4000 170 4091 siloae.
213 4007 262 4065 Dc
278 4003 416 4092 lectione
429 4003 492 4064 loci
513 4005 547 4064 iu
562 4001 669 4066 verbie
687 3989 893 4082 pendentilem
907 4020 941 4070 et
959 4019 1093 4069 coutem-

63 4105 146 4184 plarr'
164 4105 285 4170 consuli
304 4103 431 4188 poliunt
446 4117 540 4167 notae
557 4099 682 4168 criticae
699 4105 739 4168 ad
754 4105 787 4170 lr.
803 4105 825 4172 l.
