2764 4954
199 433 556 494 turoneum.
598 433 633 488 L.
655 435 679 488 1.
719 393 824 490 cnr.
865 432 943 506 ta.
1029 445 1092 508 505

51 611 151 674 tasin
168 607 300 672 censum
315 607 457 690 plurium
474 617 635 668 venerunt
651 617 684 666 et
704 605 783 668 olim
799 605 838 668 sd
853 605 988 670 Homer.
1004 607 1041 668 ll.
1063 627 1092 678 r,

53 725 138 790 250.
180 711 318 794 Quodsi
335 709 374 770 stc
388 709 470 771 intra
490 721 537 786 30
554 725 655 768 annos
669 703 852 778 substiteris,
881 723 998 786 13000
1017 709 1094 769 anni

51 817 241 898 redigentur
255 812 293 872 ad
310 823 426 872 aetates
442 819 528 890 433.
579 809 613 870 Si
636 809 865 870 Dicaearchum
885 811 991 870 audias
1007 808 1094 892 apud

51 917 161 980 Sclrol.
180 913 341 994 Apollonii
364 911 473 974 sibod.
488 911 526 971 ud
543 917 577 991 4,
594 911 678 984 076.
709 909 778 990 post
799 909 887 972 slidis
908 923 940 973 et
963 910 1093 972 Osiridis

52 1033 185 1099 ternpus
200 1034 256 1074 rer
274 1011 337 1074 suit
356 1009 574 1081 Sesonchosrs,
600 1009 695 1072 abeo
716 1011 753 1070 ad
774 1009 888 1072 Nilum
906 1009 1094 1074 eslluxerarit

50 1121 127 1180 anns
156 1130 269 1192 2500.
300 1115 376 1174 inde
402 1133 419 1174 a
445 1111 521 1174 Nilo
553 1112 592 1173 ad
618 1111 809 1192 Olympiada
840 1133 868 1176 t.
904 1115 979 1174 anni
1006 1113 1093 1194 436.

51 1221 192 1284 omuino
211 1217 323 1294 2936.
376 1216 442 1275 latu
459 1232 535 1274 vero
553 1211 704 1274 sinuatis
721 1212 802 1272 obiit
817 1211 1015 1296 Olympiadis
1033 1215 1093 1278 60.

51 1339 140 1383 anno
167 1332 202 1398 5.
231 1317 387 1398 (Diodor.
410 1337 438 1384 ι,
456 1317 514 1391 68.
530 1309 575 1395 s.)
600 1314 730 1376 adiectis
755 1315 854 1394 priori
877 1313 1018 1378 summae
1042 1315 1094 1378 his

51 1423 165 1490 annis,
194 1417 372 1480 esstcientur
392 1417 467 1476 inde
492 1427 589 1494 5179
607 1415 694 1476 suni.
737 1415 892 1476 Videntur
909 1429 1016 1478 auteur
1036 1419 1095 1478 Ae·

1 1529 2 1556 ¹
49 1525 159 1609 gyptii
177 1523 211 1581 in
234 1518 451 1599 computando
466 1517 579 1578 maiori
600 1516 754 1596 temporib
768 1513 865 1598 spatio
883 1517 964 1579 hanc
980 1539 1094 1580 vocem

1 1619 2 1630 ¹
50 1621 242 1686 adhibuisse.
305 1619 498 1680 Vetullatem
531 1616 628 1698 ipsam
665 1619 757 1678 aunis
787 1618 974 1680 declaratam
1008 1623 1095 1682 varie

51 1740 200 1787 auctores
223 1722 416 1804 producunt.
469 1720 522 1780 Sic
541 1718 631 1779 Plato
653 1720 686 1780 in
708 1719 841 1780 Timaeo
863 1741 894 1802 p.
916 1731 997 1800 294.
1020 1721 1094 1804 llip.

1 1831 2 1856 ¹
51 1829 201 1890 Saitanae
222 1823 309 1882 urbis
328 1841 377 1882 res
398 1822 473 1882 inde
491 1841 507 1880 a
523 1820 651 1880 Solonis
666 1833 766 1880 aetate
782 1821 862 1880 ultra
879 1833 974 1900 8⁰⁰9
995 1841 1095 1886 annos

51 1942 224 1999 remorsu
263 1923 445 1984 Macrobius
465 1923 510 1982 'in
536 1921 650 1982 Somn.
672 1923 755 2002 Scip.
775 1939 808 2000 9,
832 1937 865 1991 Ω,
892 1941 948 1984 ιο.
971 1924 1096 1986 infinita

1 2049 2 2062 ¹
53 2047 218 2091 annorum
244 2025 333 2085 milia
365 2013 401 2084 i'n
430 2024 666 2108 Aegyptiorum
693 2023 913 2086 monumentis
943 2023 1094 2106 librisque

50 2131 155 2215 relegi
182 2128 336 2190 adsumat.

137 2278 273 2339 certis
314 2272 562 2358 annalibus)
619 2271 705 2363 Ἱεροῖ
738 2268 940 2368 γράμματα,
981 2295 1095 2338 monu-

55 2395 184 2450 menta,
209 2378 333 2440 libriin
348 2390 424 2438 nota
444 2379 588 2458 proxima
607 2375 786 2442 adsuerunt.
823 2379 974 2442 Solebam
988 2395 1096 2440 antem

55 2481 225 2569 Aegyptii,
250 2480 337 2561 quod
359 2476 499 2540 sacerdos
512 2479 558 2539 ait
574 2479 657 2560 apud
675 2479 798 2540 Platon.
817 2481 851 2540 in
867 2482 1003 2542 Timaeo
1022 2500 1094 2564 pag.

59 2601 144 2664 292.
161 2583 236 2664 Bip.
254 2581 362 2641 omnia
373 2592 551 2640 memoratu
566 2579 661 2664 digna
677 2581 777 2642 literis
790 2582 902 2643 tradita
918 2583 952 2642 in
969 2583 1097 2662 templis

58 2684 263 2752 conservare,
297 2683 352 2763 qui
382 2699 454 2742 mos
475 2683 508 2740 in
533 2682 673 2742 iactanda
701 2684 805 2766 gentis
826 2681 977 2744 vetuslate
999 2685 1096 2744 eriam

58 2787 144 2869 apud
166 2785 247 2846 alios
270 2783 409 2865 populos
430 2780 621 2844 observatur.
674 2784 725 2844 Sic
745 2784 914 2862 babylonii
935 2795 1094 2864 47o,ooo

60 2906 220 2950 annorum
237 2885 457 2954 monumentis
472 2881 696 2966 comprehensa
712 2885 927 2955 continebant,
946 2887 994 2944 uti
1009 2887 1096 2946 adfir-

60 3003 151 3050 mant
167 2986 282 3050 Cicero
298 2985 528 3054 desivimus,
548 3003 603 3064 19·
629 2999 661 3054 2,
675 2987 735 3063 46.
762 2987 895 3048 Diodor.
912 2987 973 3049 Sic.
986 3001 1019 3056 u,
1037 3000 1094 3065 51.

63 3088 190 3172 aliique.
226 3084 469 3168 etquidem
492 3087 584 3148 docte
607 3087 708 3146 multa
730 3087 872 3170 disputat
893 3087 1039 3148 Perizon.
1061 3089 1097 3147 irr

63 3194 177 3277 origin.
190 3188 304 3267 Babyl.
322 3209 348 3249 c.
364 3209 393 3250 ι.
409 3207 441 3268 p.
454 3200 531 3264 10.ss
544 3185 583 3268 sq.
609 3189 690 3248 eoin
707 3189 859 3250 addendis
874 3209 905 3270 p.
917 3209 960 3250 m.
973 3199 1045 3268 554
1056 3185 1097 3269 sq.

62 3291 251 3360 Turdetani,
270 3303 397 3350 auctore
410 3287 563 3351 Strabone
580 3287 636 3350 lib.
654 3303 686 3366 5.
703 3309 734 3370 p.
751 3291 810 3368 96.
821 3288 843 3352 s.
859 3309 871 3348 ι
881 3305 940 3368 59.
964 3292 1098 3371 antiqui·

61 3397 133 3457 tatis
148 3403 362 3455 monumenta
379 3403 411 3451 et
428 3391 564 3451 carmina
582 3387 745 3452 servabant
761 3391 837 3453 inde
852 3411 869 3453 s
885 3392 981 3455 6000
1000 3409 1099 3453 anno·

58 3516 128 3557 rum
156 3493 268 3576 spati0.

218 3601 225 3626 s

136 3657 282 3729 qnater
306 3632 476 3732 cursus)
511 3643 654 3705 Prolinae
671 3641 742 3704 lunt
757 3643 901 3706 virorum
915 3645 1098 3717 doctorum,

64 3749 96 3809 in
111 3748 229 3832 primis
243 3745 390 3814 Vadisni,
416 3747 460 3804 de'
472 3763 549 3805 vero
566 3745 661 3808 buius
676 3747 738 3806 loci
756 3743 842 3806 sensu
855 3749 962 3827 reique
977 3748 1100 3810 ratione

64 3849 308 3932 disputationes,
333 3865 407 3926 quas
423 3865 482 3905 nec
499 3845 595 3914 lubet,
627 3866 686 3907 uec
700 3849 773 3906 licet
788 3862 940 3928 repetere.
992 3845 1100 3930 Respi-

63 3956 145 4013 citur
165 3951 232 4011 stne
246 3947 346 4008 dubio
361 3967 462 4007 annue
477 3947 531 4007 ille
546 3967 680 4030 magnus
703 3947 946 4030 astrologorum,
974 3949 1013 4010 tle
1034 3968 1099 4028 qno
1228 3987 1232 4004 .

63 4055 162 4114 multa
179 4051 270 4112 dalrit
286 4048 466 4111 Macrobius
489 4051 523 4108 in
544 4049 715 4110 Somnium
732 4050 816 4130 Scip.
835 4063 867 4118 Ω,
890 4067 945 4111 ιι.
971 4049 1100 4110 numda-

63 4178 138 4218 num
160 4165 265 4224 vocat,
290 4151 346 4234 qui
367 4163 496 4229 15‚ooo
515 4167 673 4212 annorum
691 4146 815 4212 essiciar.
853 4147 1007 4212 Describit
1023 4169 1099 4213 vero
