2756 4964
320 395 382 462 ²66
589 399 748 460 NOTAE
790 395 1095 456 nxnont'toon

394 563 628 666 Rusicade)
666 564 804 638 Ptolem.
821 582 856 654 4,
875 587 908 654 5.
925 576 970 636 in.
990 565 1199 640 ‘Pouoiuadn
1230 569 1342 634 Plinius

322 689 356 759 5,
375 662 406 740 ὁ.
421 675 441 738 s.
459 689 492 756 3.
527 675 592 736 tab.
609 674 758 760 Pautlng.
777 675 873 761 segm.
894 693 926 738 a.
954 673 1066 736 Vibiue
1080 674 1176 756 Sequ.
1190 692 1221 755 p.
1242 687 1292 752 19.
1315 681 1344 732 et

320 777 485 862 inscriptio
501 777 635 860 lapido,
662 797 759 858 qoam
774 778 923 839 exhibuit
938 777 1035 838 Shaw
1052 776 1093 836 T.
1116 795 1146 839 t.
1163 795 1196 858 p.
1216 785 1289 851 158.
1311 783 1345 832 ut

322 881 432 950 Mela,
462 875 640 968 Rrficader
679 875 730 938 sed
752 879 909 961 duplicia
934 877 1089 940 Antonin.
1111 879 1216 938 itiner.
1242 895 1271 956 p.
1294 889 1342 951 19.

322 977 507 1072 Rusiccade
531 979 657 1042 Orosius
685 999 714 1050 t,
739 995 771 1042 2.
811 999 842 1062 p.
873 993 931 1058 31.
956 979 1008 1041 ed.
1034 979 1172 1041 Havete.
1207 975 1262 1037 ubi
1283 973 1347 1034 libri

324 1081 427 1147 etiam
443 1077 619 1170 Ruficada.
666 1082 704 1140 ln
723 1080 840 1166 Gangr.
854 1083 1004 1144 Ravenn.
1020 1092 1053 1159 3,
1070 1080 1104 1142 6.
1124 1072 1294 1170 Ruffimda
1317 1086 1346 1134 et

325 1198 359 1263 5,
378 1193 414 1263 4.
431 1179 600 1273 Rrficade.
636 1181 764 1243 Orosius
780 1202 853 1243 cum
867 1183 1019 1266 Honne
1035 1180 1140 1264 Regio
1155 1181 1189 1241 in
1205 1175 1347 1240 Numidia

323 1287 435 1369 ponit,
463 1283 636 1344 distinctius
658 1296 733 1344 ante
750 1284 937 1366 Hipponem
953 1299 1053 1365 prope
1071 1281 1207 1364 Collopa
1224 1278 1243 1342 s.
1259 1277 1347 1341 Cullu

324 1387 545 1454 Ptolemaeus,
580 1384 719 1455 Plinius,
746 1385 947 1455 Antoninus,
980 1383 1192 1468 Geographue
1210 1382 1347 1444 ilat-erm.

271 1541 274 1550 .
325 1501 359 1550 et
379 1486 504 1558 tabula,
538 1482 712 1566 exquibus
734 1488 882 1568 adparet,
916 1485 1065 1548 ordinem
1093 1504 1209 1546 rerum
1234 1502 1251 1541 a
1273 1479 1348 1540 Mela

326 1589 511 1673 neglectum
541 1585 611 1648 else.
677 1588 823 1648 Dimidio
849 1601 960 1649 tamen
989 1587 1148 1648 maiorem
1181 1583 1350 1650 distantiam

301 1689 486 1754 'Antonini
518 1687 717 1749 itinerarium
751 1687 925 1771 adposuisse
958 1687 1115 1750 existimat
1145 1687 1243 1750 Shaw
1264 1685 1303 1745 T.
1325 1700 1351 1742 t.

325 1811 360 1876 p.
380 1805 462 1866 117.
488 1775 625 1870 eumque
646 1788 741 1851 secuti
763 1789 858 1874 Angli
880 1791 915 1850 in
944 1789 1051 1851 histor.
1073 1787 1193 1850 cathol.
1218 1785 1284 1848 Vol.
1304 1782 1351 1844 16.

305 1881 311 1891 ¹
326 1913 360 1976 p.
375 1893 455 1956 116.
487 1891 529 1953 At
543 1893 576 1952 in
590 1892 746 1953 Antonini
761 1889 857 1953 MSS.
878 1892 963 1952 utin
980 1890 1087 1952 tabula
1100 1908 1139 1951 ex
1152 1889 1204 1952 ed.
1214 1883 1355 1966 Scheybi't

326 2005 455 2054 tantum
472 1998 531 2069 50'.
549 1991 595 2055 M.
613 1993 649 2054 P.
672 2007 848 2074 ponuntur.
900 1992 1000 2077 Quod
1021 1990 1112 2052 addit
1131 1989 1242 2060 Shau,
1268 1985 1355 2048 hodie

327 2095 446 2156 dicitur
463 2095 611 2174 Spigata,
642 2095 724 2175 apud
747 2095 938 2156 recentiores
960 2093 1072 2163 Stura,
1106 2095 1196 2176 quod
1216 2103 1249 2154 et
1269 2084 1355 2150 resert

327 2195 438 2258 Poiret
461 2195 498 2258 P.
527 2215 556 2258 ι.
581 2214 652 2279 pag.
679 2211 759 2270 ¹7¹·
776 2215 804 2259 c.
825 2197 847 2257 l.
900 2192 952 2258 Cs.
976 2197 1076 2258 etiam
1108 2193 1251 2257 Orteliut
1273 2190 1306 2252 b.
1325 2207 1355 2247 v.

326 2294 492 2378 Thapsum
508 2291 544 2357 sl:
566 2297 654 2356 iuxta
676 2298 784 2378 ponit.
811 2298 864 2358 cui
880 2297 1015 2358 omnino
1038 2315 1098 2360 nec
1114 2295 1246 2357 tabulae
1259 2305 1355 2354 recen-¹

327 2398 427 2460 tiores
443 2409 640 2480 repugnant,
666 2416 726 2458 nec
740 2398 839 2461 Sbaw
854 2399 895 2462 T.
917 2418 947 2462 ι.
969 2417 1001 2480 p.
1024 2411 1106 2474 117.

408 2595 645 2680 Thabraca)
681 2598 827 2682 Plerique
844 2598 907 2663 line
925 2599 1138 2684 adspiratione
1156 2597 1310 2666 efferunt,
1329 2595 1355 2654 in

327 2698 369 2762 iit
387 2697 511 2762 Plinius
533 2711 565 2777 5.
589 2719 622 2764 n.
641 2698 661 2764 s.
682 2715 714 2781 5.
750 2704 864 2764 luten.
893 2722 947 2773 to,
980 2719 1033 2780 19,
1058 2712 1094 2781 4.
1132 2701 1303 2766 claudian.
1326 2695 1355 2756 de

328 2801 689 2882 laud.stttic.1‚357.
717 2803 833 2887 Geogr.
852 2804 1000 2866 slavenu.
1021 2817 1052 2882 3,
1071 2805 1105 2866 6.
1135 2811 1166 2878 5.
1195 2813 1229 2879 5.
1270 2799 1311 2862 Et
1329 2795 1355 2856 stt

334 2898 539 2993 Tabraccnsts
561 2903 724 2988 episcopua
745 2919 1017 2969 commemoratur
1045 2905 1079 2964 in
1103 2903 1225 2964 Norifii
1247 2897 1355 2984 operib

224 3047 227 3054 -
330 3005 428 3067 Tom.
448 3017 481 3083 5.
499 3025 530 3088 p.
550 3019 655 3085 1115.
707 3007 769 3068 Alii
793 3007 876 3066 inter
898 3019 1066 3087 utramque
1087 3003 1276 3086 scripturam
1295 3019 1355 3082 pen

331 3103 425 3173 dent.
451 3107 490 3166 de
506 3125 568 3186 quo
584 3108 697 3168 monui
712 3109 746 3168 in
762 3111 848 3170 notit
864 3107 988 3168 criticis.
1030 3101 1212 3166 Tabracsria
1227 3103 1270 3166 eil
1286 3099 1355 3183 apud

331 3205 485 3268 Martian.
500 3207 621 3288 Capell.
639 3209 672 3271 6.
689 3229 721 3290 p.
741 3207 822 3272 216.
862 3207 1029 3292 originem
1046 3207 1192 3270 nominie
1206 3223 1246 3266 ex
1264 3205 1355 3288 liugut

332 3309 462 3387 Syriaca
485 3309 536 3368 vel
558 3308 691 3370 arabica
718 3311 799 3390 petit
820 3309 998 3372 Bochartue
1018 3309 1052 3370 in
1075 3307 1238 3371 Cbanaan
1265 3325 1294 3376 ι,
1311 3311 1355 3381 24

333 3421 371 3468 nt
391 3409 426 3468 lit
438 3399 619 3500 frondosa,
649 3410 820 3492 testemque
849 3411 976 3494 adlegat
1003 3409 1193 3471 Iuvenalem
1215 3414 1355 3482 to‚195.

333 3510 390 3591 qui
398 3499 507 3600 saltus
522 3503 710 3602 umbriferos
727 3512 773 3574 ibi
787 3524 1033 3576 commemorat.
1067 3511 1193 3572 Plinius
1213 3507 1355 3590 oppidun

334 3610 456 3671 civium
469 3611 694 3674 Romanorum
710 3609 797 3684 dicit,
815 3613 1020 3676 Ptolemaeut
1035 3612 1212 3675 coloniam.
1236 3611 1355 3672 Portun

269 3745 281 3752 -
335 3711 407 3773 eiua
431 3725 525 3774 notat
556 3713 765 3778 Claudianae.
820 3715 943 3785 Hodie.
977 3717 1065 3796 quod
1090 3713 1244 3796 equidem
1268 3709 1355 3770 sciam

335 3809 537 3878 consentiunt
557 3817 591 3876 in
614 3818 748 3876 nomine
770 3814 920 3887 Tabarlta,
952 3817 1052 3879 Shaw
1072 3817 1114 3878 T.
1137 3835 1166 3876 r.
1193 3833 1271 3896 pag.
1291 3819 1355 3885 123

334 3913 443 3977 Pniret
460 3913 498 3976 P.
521 3933 550 3978 t.
574 3937 605 3998 p.
627 3927 706 3993 ¹8⁰·
724 3937 750 3978 c.
774 3918 795 3978 l.
822 3917 936 3979 rudera
956 3917 1001 3978 ibi
1023 3913 1162 3998 conspici
1190 3913 1355 3976 adfirmant

334 4026 368 4091 pt
384 4012 516 4098 vestigia
538 4037 721 4087 murorum,
746 4019 969 4080 columnarum
993 4016 1173 4080 eversarum
1189 4015 1355 4091 mutusqu

336 4112 499 4188 cisternae,
531 4134 572 4179 eu
594 4119 710 4202 quibua
735 4117 789 4182 bic
812 4121 968 4185 conficere
992 4117 1097 4187 lludet
1114 4118 1156 4181 ad
1174 4133 1267 4181 mare
1284 4113 1355 4177 litat
