<?xml version="1.0" encoding="UTF-8"?>
<!DOCTYPE html PUBLIC "-//W3C//DTD XHTML 1.0 Transitional//EN"
    "http://www.w3.org/TR/xhtml1/DTD/xhtml1-transitional.dtd">
<html xmlns="http://www.w3.org/1999/xhtml" xml:lang="en" lang="en">
 <head>
  <title>
</title>
<meta http-equiv="Content-Type" content="text/html;charset=utf-8" />
  <meta name='ocr-system' content='tesseract 3.04.00' />
  <meta name='ocr-capabilities' content='ocr_page ocr_carea ocr_par ocr_line ocrx_word'/>
</head>
<body>
  <div class='ocr_page' id='page_1' title='image "./pomponiimelaede06melagoog_0471.png"; bbox 0 0 2892 4950; ppageno 0'>
   <div class='ocr_carea' id='block_1_1' title="bbox 197 354 1109 436">
    <p class='ocr_par' dir='ltr' id='par_1_1' title="bbox 197 354 1109 436">
     <span class='ocr_line' id='line_1_1' title="bbox 197 354 1109 436; baseline 0.002 -20"><span class='ocrx_word' id='word_1_1' title='bbox 197 359 250 418; x_wconf 83' lang='lat' dir='ltr'>tu</span> <span class='ocrx_word' id='word_1_2' title='bbox 278 355 416 417; x_wconf 71' lang='lat' dir='ltr'>nour.</span> <span class='ocrx_word' id='word_1_3' title='bbox 446 355 555 414; x_wconf 74' lang='lat' dir='ltr'>mur.</span> <span class='ocrx_word' id='word_1_4' title='bbox 596 354 632 412; x_wconf 75' lang='lat' dir='ltr'>u.</span> <span class='ocrx_word' id='word_1_5' title='bbox 654 357 677 412; x_wconf 91' lang='lat' dir='ltr'>r.</span> <span class='ocrx_word' id='word_1_6' title='bbox 719 356 753 414; x_wconf 74' lang='lat' dir='ltr'>e.</span> <span class='ocrx_word' id='word_1_7' title='bbox 775 356 853 418; x_wconf 83' lang='lat' dir='ltr'>xvr.</span> <span class='ocrx_word' id='word_1_8' title='bbox 893 355 973 428; x_wconf 65' lang='lat' dir='ltr'>en.</span> <span class='ocrx_word' id='word_1_9' title='bbox 1044 357 1109 436; x_wconf 77' lang='lat'>4⁶⁵</span> 
     </span>
    </p>
   </div>
   <div class='ocr_carea' id='block_1_2' title="bbox 71 525 1108 922">
    <p class='ocr_par' dir='ltr' id='par_1_2' title="bbox 71 525 1108 922">
     <span class='ocr_line' id='line_1_2' title="bbox 71 525 1108 625; baseline -0.009 -22"><span class='ocrx_word' id='word_1_10' title='bbox 71 559 105 625; x_wconf 91' lang='lat' dir='ltr'>p.</span> <span class='ocrx_word' id='word_1_11' title='bbox 121 545 205 618; x_wconf 70' lang='lat'>254.</span> <span class='ocrx_word' id='word_1_12' title='bbox 223 553 252 598; x_wconf 83' lang='lat' dir='ltr'>c.</span> <span class='ocrx_word' id='word_1_13' title='bbox 271 533 294 598; x_wconf 91' lang='lat' dir='ltr'>l.</span> <span class='ocrx_word' id='word_1_14' title='bbox 318 533 356 594; x_wconf 80' lang='lat' dir='ltr'>ad</span> <span class='ocrx_word' id='word_1_15' title='bbox 380 529 510 614; x_wconf 79' lang='lat' dir='ltr'>sequeno</span> <span class='ocrx_word' id='word_1_16' title='bbox 530 525 757 620; x_wconf 73' lang='lat' dir='ltr'>Aphrodisium</span> <span class='ocrx_word' id='word_1_17' title='bbox 777 527 889 602; x_wconf 63' lang='lat' dir='ltr'>reform</span> <span class='ocrx_word' id='word_1_18' title='bbox 920 529 1002 592; x_wconf 85' lang='lat' dir='ltr'>nihii</span> <span class='ocrx_word' id='word_1_19' title='bbox 1017 533 1108 594; x_wconf 82' lang='lat' dir='ltr'>euim</span> 
     </span>
     <span class='ocr_line' id='line_1_3' title="bbox 71 633 1106 726; baseline -0.01 -24"><span class='ocrx_word' id='word_1_20' title='bbox 71 653 193 726; x_wconf 69' lang='lat' dir='ltr'>praeter</span> <span class='ocrx_word' id='word_1_21' title='bbox 208 656 262 704; x_wconf 77' lang='lat' dir='ltr'>ea,</span> <span class='ocrx_word' id='word_1_22' title='bbox 291 653 370 716; x_wconf 84' lang='lat' dir='ltr'>quee</span> <span class='ocrx_word' id='word_1_23' title='bbox 391 635 426 695; x_wconf 89' lang='lat' dir='ltr'>in</span> <span class='ocrx_word' id='word_1_24' title='bbox 441 634 526 696; x_wconf 79' lang='lat' dir='ltr'>notit</span> <span class='ocrx_word' id='word_1_25' title='bbox 540 633 655 694; x_wconf 71' lang='lat' dir='ltr'>criticis</span> <span class='ocrx_word' id='word_1_26' title='bbox 675 654 709 716; x_wconf 88' lang='lat' dir='ltr'>p.</span> <span class='ocrx_word' id='word_1_27' title='bbox 725 641 812 711; x_wconf 81' lang='grc'><strong>499.</strong></span> <span class='ocrx_word' id='word_1_28' title='bbox 835 633 1027 702; x_wconf 81' lang='lat' dir='ltr'>memoravi,</span> <span class='ocrx_word' id='word_1_29' title='bbox 1054 635 1106 694; x_wconf 80' lang='lat' dir='ltr'>ad·</span> 
     </span>
     <span class='ocr_line' id='line_1_4' title="bbox 71 727 1106 825; baseline -0.009 -21"><span class='ocrx_word' id='word_1_30' title='bbox 71 741 148 805; x_wconf 72' lang='lat' dir='ltr'>{etri</span> <span class='ocrx_word' id='word_1_31' title='bbox 162 737 299 822; x_wconf 78' lang='lat' dir='ltr'>poliunt.</span> <span class='ocrx_word' id='word_1_32' title='bbox 329 735 398 798; x_wconf 88' lang='lat' dir='ltr'>Nec</span> <span class='ocrx_word' id='word_1_33' title='bbox 413 735 453 796; x_wconf 82' lang='lat' dir='ltr'>de</span> <span class='ocrx_word' id='word_1_34' title='bbox 473 733 614 816; x_wconf 70' lang='lat' dir='ltr'>Tprnrr&#39;o,</span> <span class='ocrx_word' id='word_1_35' title='bbox 630 727 781 825; x_wconf 82' lang='lat' dir='ltr'>Buboffio</span> <span class='ocrx_word' id='word_1_36' title='bbox 796 745 830 796; x_wconf 85' lang='lat' dir='ltr'>et</span> <span class='ocrx_word' id='word_1_37' title='bbox 846 735 1011 798; x_wconf 70' lang='lat' dir='ltr'>ceretium</span> <span class='ocrx_word' id='word_1_38' title='bbox 1029 733 1106 796; x_wconf 79' lang='lat' dir='ltr'>cm·-</span> 
     </span>
     <span class='ocr_line' id='line_1_5' title="bbox 72 835 658 922; baseline -0.01 -17"><span class='ocrx_word' id='word_1_39' title='bbox 72 843 147 905; x_wconf 73' lang='lat' dir='ltr'>dum</span> <span class='ocrx_word' id='word_1_40' title='bbox 164 859 264 922; x_wconf 82' lang='lat' dir='ltr'>utque</span> <span class='ocrx_word' id='word_1_41' title='bbox 284 837 373 922; x_wconf 86' lang='lat' dir='ltr'>qnod</span> <span class='ocrx_word' id='word_1_42' title='bbox 389 837 520 908; x_wconf 73' lang='lat' dir='ltr'>addam,</span> <span class='ocrx_word' id='word_1_43' title='bbox 544 835 658 900; x_wconf 83' lang='lat' dir='ltr'>habeo.</span> 
     </span>
    </p>
   </div>
   <div class='ocr_carea' id='block_1_3' title="bbox 151 946 1241 1072">
    <p class='ocr_par' dir='ltr' id='par_1_3' title="bbox 151 946 1241 1072">
     <span class='ocr_line' id='line_1_6' title="bbox 151 946 1241 1072; baseline -0.006 -16"><span class='ocrx_word' id='word_1_44' title='bbox 151 987 336 1072; x_wconf 80' lang='lat' dir='ltr'>Cnidus)</span> <span class='ocrx_word' id='word_1_45' title='bbox 386 988 442 1052; x_wconf 83' lang='lat' dir='ltr'>Gr.</span> <span class='ocrx_word' id='word_1_46' title='bbox 467 983 593 1060; x_wconf 78' lang='grc' dir='ltr'>Κνίδος.</span> <span class='ocrx_word' id='word_1_47' title='bbox 631 987 740 1049; x_wconf 80' lang='lat' dir='ltr'>lncoia</span> <span class='ocrx_word' id='word_1_48' title='bbox 766 983 911 1052; x_wconf 80' lang='lat' dir='ltr'>Cnidius.</span> <span class='ocrx_word' id='word_1_49' title='bbox 952 985 1108 1050; x_wconf 88' lang='lat' dir='ltr'>Condito·</span> <span class='ocrx_word' id='word_1_50' title='bbox 1239 946 1241 954; x_wconf 17' lang='lat' dir='ltr'>y</span> 
     </span>
    </p>
   </div>
   <div class='ocr_carea' id='block_1_4' title="bbox 72 1087 1127 4088">
    <p class='ocr_par' dir='ltr' id='par_1_4' title="bbox 72 1087 1127 4088">
     <span class='ocr_line' id='line_1_7' title="bbox 72 1087 1108 1172; baseline -0.007 -13"><span class='ocrx_word' id='word_1_51' title='bbox 72 1115 141 1159; x_wconf 88' lang='lat' dir='ltr'>rem</span> <span class='ocrx_word' id='word_1_52' title='bbox 163 1095 233 1156; x_wconf 80' lang='lat' dir='ltr'>eine</span> <span class='ocrx_word' id='word_1_53' title='bbox 254 1091 397 1172; x_wconf 79' lang='lat' dir='ltr'>Triopan</span> <span class='ocrx_word' id='word_1_54' title='bbox 419 1103 513 1152; x_wconf 73' lang='lat' dir='ltr'>vocat</span> <span class='ocrx_word' id='word_1_55' title='bbox 536 1087 666 1152; x_wconf 77' lang='lat' dir='ltr'>Panion.</span> <span class='ocrx_word' id='word_1_56' title='bbox 686 1108 739 1157; x_wconf 85' lang='lat' dir='ltr'>ro,</span> <span class='ocrx_word' id='word_1_57' title='bbox 760 1106 817 1152; x_wconf 84' lang='lat' dir='ltr'>tr.</span> <span class='ocrx_word' id='word_1_58' title='bbox 836 1089 881 1149; x_wconf 92' lang='lat' dir='ltr'>in.</span> <span class='ocrx_word' id='word_1_59' title='bbox 908 1107 1002 1171; x_wconf 78' lang='lat' dir='ltr'>aquo</span> <span class='ocrx_word' id='word_1_60' title='bbox 1025 1089 1108 1152; x_wconf 83' lang='lat' dir='ltr'>Trio·</span> 
     </span>
     <span class='ocr_line' id='line_1_8' title="bbox 72 1187 1106 1282; baseline -0.004 -26"><span class='ocrx_word' id='word_1_61' title='bbox 72 1201 162 1282; x_wconf 78' lang='lat' dir='ltr'>pium</span> <span class='ocrx_word' id='word_1_62' title='bbox 184 1196 219 1254; x_wconf 88' lang='lat' dir='ltr'>iu</span> <span class='ocrx_word' id='word_1_63' title='bbox 240 1191 357 1255; x_wconf 77' lang='lat' dir='ltr'>Cnidia</span> <span class='ocrx_word' id='word_1_64' title='bbox 378 1192 546 1253; x_wconf 89' lang='lat' dir='ltr'>conditum</span> <span class='ocrx_word' id='word_1_65' title='bbox 571 1192 657 1250; x_wconf 87' lang='lat' dir='ltr'>ducit</span> <span class='ocrx_word' id='word_1_66' title='bbox 678 1190 811 1254; x_wconf 85' lang='lat' dir='ltr'>Diodor.</span> <span class='ocrx_word' id='word_1_67' title='bbox 829 1201 861 1266; x_wconf 87' lang='lat'>5.</span> <span class='ocrx_word' id='word_1_68' title='bbox 879 1187 937 1254; x_wconf 78' lang='grc' dir='ltr'><strong>δι.</strong></span> <span class='ocrx_word' id='word_1_69' title='bbox 964 1210 1027 1271; x_wconf 91' lang='lat' dir='ltr'>quo</span> <span class='ocrx_word' id='word_1_70' title='bbox 1050 1210 1106 1252; x_wconf 89' lang='lat' dir='ltr'>uo·</span> 
     </span>
     <span class='ocr_line' id='line_1_9' title="bbox 73 1291 1110 1376; baseline -0.004 -20"><span class='ocrx_word' id='word_1_71' title='bbox 73 1301 163 1362; x_wconf 83' lang='lat' dir='ltr'>mine</span> <span class='ocrx_word' id='word_1_72' title='bbox 189 1293 451 1376; x_wconf 82' lang='lat' dir='ltr'>promontorium</span> <span class='ocrx_word' id='word_1_73' title='bbox 478 1293 597 1352; x_wconf 78' lang='lat' dir='ltr'>indicat</span> <span class='ocrx_word' id='word_1_74' title='bbox 621 1291 732 1370; x_wconf 75' lang='lat' dir='ltr'>Scylax</span> <span class='ocrx_word' id='word_1_75' title='bbox 758 1311 827 1375; x_wconf 83' lang='lat' dir='ltr'>pag.</span> <span class='ocrx_word' id='word_1_76' title='bbox 847 1305 906 1370; x_wconf 79' lang='lat'>59.</span> <span class='ocrx_word' id='word_1_77' title='bbox 923 1291 1022 1352; x_wconf 84' lang='lat' dir='ltr'>Hudi.</span> <span class='ocrx_word' id='word_1_78' title='bbox 1053 1293 1110 1374; x_wconf 88' lang='lat' dir='ltr'>qui</span> 
     </span>
     <span class='ocr_line' id='line_1_10' title="bbox 74 1387 1109 1482; baseline -0.004 -22"><span class='ocrx_word' id='word_1_79' title='bbox 74 1397 173 1482; x_wconf 69' lang='lat' dir='ltr'>ipsam</span> <span class='ocrx_word' id='word_1_80' title='bbox 194 1395 307 1457; x_wconf 84' lang='lat' dir='ltr'>urbem</span> <span class='ocrx_word' id='word_1_81' title='bbox 324 1393 466 1457; x_wconf 87' lang='lat' dir='ltr'>Cnidum</span> <span class='ocrx_word' id='word_1_82' title='bbox 486 1387 664 1476; x_wconf 75' lang='grc' dir='ltr'>Ἑλληνίδα</span> <span class='ocrx_word' id='word_1_83' title='bbox 684 1394 775 1462; x_wconf 81' lang='lat' dir='ltr'>dicit,</span> <span class='ocrx_word' id='word_1_84' title='bbox 801 1405 838 1452; x_wconf 88' lang='lat' dir='ltr'>ut</span> <span class='ocrx_word' id='word_1_85' title='bbox 858 1392 981 1456; x_wconf 76' lang='lat' dir='ltr'><strong>Plinius</strong></span> <span class='ocrx_word' id='word_1_86' title='bbox 998 1408 1029 1470; x_wconf 90' lang='lat'>5.</span> <span class='ocrx_word' id='word_1_87' title='bbox 1049 1411 1109 1473; x_wconf 79' lang='lat'>29.</span> 
     </span>
     <span class='ocr_line' id='line_1_11' title="bbox 75 1491 1111 1578; baseline -0.005 -15"><span class='ocrx_word' id='word_1_88' title='bbox 75 1499 97 1562; x_wconf 80' lang='lat' dir='ltr'>i.</span> <span class='ocrx_word' id='word_1_89' title='bbox 115 1510 174 1576; x_wconf 73' lang='lat' dir='ltr'>og.</span> <span class='ocrx_word' id='word_1_90' title='bbox 193 1493 332 1558; x_wconf 78' lang='lat' dir='ltr'><strong><em>liberam.</em></strong></span> <span class='ocrx_word' id='word_1_91' title='bbox 380 1496 430 1555; x_wconf 90' lang='lat' dir='ltr'>De</span> <span class='ocrx_word' id='word_1_92' title='bbox 445 1491 512 1578; x_wconf 81' lang='lat' dir='ltr'>ipio</span> <span class='ocrx_word' id='word_1_93' title='bbox 527 1495 661 1576; x_wconf 89' lang='lat' dir='ltr'>Triopiu</span> <span class='ocrx_word' id='word_1_94' title='bbox 678 1494 766 1576; x_wconf 81' lang='lat' dir='ltr'>plura</span> <span class='ocrx_word' id='word_1_95' title='bbox 781 1494 920 1578; x_wconf 84' lang='lat' dir='ltr'>conlegit</span> <span class='ocrx_word' id='word_1_96' title='bbox 935 1495 1111 1578; x_wconf 80' lang='lat' dir='ltr'>Spanhem.</span> 
     </span>
     <span class='ocr_line' id='line_1_12' title="bbox 73 1595 1111 1680; baseline -0.004 -16"><span class='ocrx_word' id='word_1_97' title='bbox 73 1603 112 1664; x_wconf 78' lang='lat' dir='ltr'>ed</span> <span class='ocrx_word' id='word_1_98' title='bbox 135 1597 320 1663; x_wconf 70' lang='lat' dir='ltr'>callimach.</span> <span class='ocrx_word' id='word_1_99' title='bbox 342 1597 375 1656; x_wconf 93' lang='lat' dir='ltr'>in</span> <span class='ocrx_word' id='word_1_100' title='bbox 393 1595 500 1658; x_wconf 83' lang='lat' dir='ltr'>Cerer.</span> <span class='ocrx_word' id='word_1_101' title='bbox 520 1614 553 1658; x_wconf 82' lang='lat' dir='ltr'>r.</span> <span class='ocrx_word' id='word_1_102' title='bbox 572 1609 630 1672; x_wconf 75' lang='lat'>31.</span> <span class='ocrx_word' id='word_1_103' title='bbox 680 1598 706 1656; x_wconf 80' lang='lat' dir='ltr'>A</span> <span class='ocrx_word' id='word_1_104' title='bbox 726 1595 831 1658; x_wconf 90' lang='lat' dir='ltr'>Cnido</span> <span class='ocrx_word' id='word_1_105' title='bbox 853 1595 1018 1680; x_wconf 76' lang='lat' dir='ltr'>distinguit</span> <span class='ocrx_word' id='word_1_106' title='bbox 1036 1599 1111 1660; x_wconf 90' lang='lat' dir='ltr'>Dio·</span> 
     </span>
     <span class='ocr_line' id='line_1_13' title="bbox 76 1693 1114 1763; baseline -0.004 0"><span class='ocrx_word' id='word_1_107' title='bbox 76 1703 174 1763; x_wconf 74' lang='lat' dir='ltr'>dorus</span> <span class='ocrx_word' id='word_1_108' title='bbox 190 1718 216 1760; x_wconf 88' lang='lat' dir='ltr'>c.</span> <span class='ocrx_word' id='word_1_109' title='bbox 228 1698 250 1760; x_wconf 91' lang='lat' dir='ltr'>l.</span> <span class='ocrx_word' id='word_1_110' title='bbox 273 1711 381 1760; x_wconf 81' lang='lat' dir='ltr'>contra</span> <span class='ocrx_word' id='word_1_111' title='bbox 397 1697 520 1758; x_wconf 76' lang='lat' dir='ltr'>Plinius</span> <span class='ocrx_word' id='word_1_112' title='bbox 534 1715 561 1758; x_wconf 83' lang='lat' dir='ltr'>c.</span> <span class='ocrx_word' id='word_1_113' title='bbox 578 1695 596 1756; x_wconf 89' lang='lat' dir='ltr'>i.</span> <span class='ocrx_word' id='word_1_114' title='bbox 623 1693 764 1758; x_wconf 90' lang='lat' dir='ltr'>Cnidum</span> <span class='ocrx_word' id='word_1_115' title='bbox 780 1697 897 1758; x_wconf 79' lang='lat' dir='ltr'>dictum</span> <span class='ocrx_word' id='word_1_116' title='bbox 913 1712 1002 1760; x_wconf 81' lang='lat' dir='ltr'>antea</span> <span class='ocrx_word' id='word_1_117' title='bbox 1019 1700 1114 1759; x_wconf 84' lang='lat' dir='ltr'>tradit</span> 
     </span>
     <span class='ocr_line' id='line_1_14' title="bbox 80 1789 1116 1888; baseline -0.003 -25"><span class='ocrx_word' id='word_1_118' title='bbox 80 1803 257 1881; x_wconf 83' lang='lat' dir='ltr'>Triopiarrr,</span> <span class='ocrx_word' id='word_1_119' title='bbox 283 1799 358 1859; x_wconf 83' lang='lat' dir='ltr'>dein</span> <span class='ocrx_word' id='word_1_120' title='bbox 374 1789 531 1888; x_wconf 82' lang='lat' dir='ltr'>Pegusam</span> <span class='ocrx_word' id='word_1_121' title='bbox 546 1810 579 1860; x_wconf 90' lang='lat' dir='ltr'>et</span> <span class='ocrx_word' id='word_1_122' title='bbox 595 1796 754 1868; x_wconf 76' lang='lat' dir='ltr'>Stadium,</span> <span class='ocrx_word' id='word_1_123' title='bbox 780 1817 860 1878; x_wconf 85' lang='lat' dir='ltr'>quae</span> <span class='ocrx_word' id='word_1_124' title='bbox 876 1795 958 1860; x_wconf 86' lang='lat' dir='ltr'>forte</span> <span class='ocrx_word' id='word_1_125' title='bbox 976 1799 1015 1860; x_wconf 83' lang='lat' dir='ltr'>stc</span> <span class='ocrx_word' id='word_1_126' title='bbox 1037 1819 1116 1860; x_wconf 69' lang='lat' dir='ltr'>con-</span> 
     </span>
     <span class='ocr_line' id='line_1_15' title="bbox 76 1897 1115 1982; baseline -0.005 -17"><span class='ocrx_word' id='word_1_127' title='bbox 76 1905 242 1972; x_wconf 77' lang='lat' dir='ltr'>odiantur,</span> <span class='ocrx_word' id='word_1_128' title='bbox 271 1914 309 1960; x_wconf 86' lang='lat' dir='ltr'>ut</span> <span class='ocrx_word' id='word_1_129' title='bbox 329 1899 452 1962; x_wconf 75' lang='lat' dir='ltr'>Cnidus</span> <span class='ocrx_word' id='word_1_130' title='bbox 467 1900 637 1982; x_wconf 88' lang='lat' dir='ltr'>Triopium</span> <span class='ocrx_word' id='word_1_131' title='bbox 659 1897 852 1969; x_wconf 79' lang='lat' dir='ltr'>exhauserit,</span> <span class='ocrx_word' id='word_1_132' title='bbox 879 1919 1062 1982; x_wconf 84' lang='lat' dir='ltr'>nomenque</span> <span class='ocrx_word' id='word_1_133' title='bbox 1078 1903 1115 1974; x_wconf 75' lang='lat' dir='ltr'>iu</span> 
     </span>
     <span class='ocr_line' id='line_1_16' title="bbox 77 1997 1114 2088; baseline -0.004 -24"><span class='ocrx_word' id='word_1_134' title='bbox 77 2002 302 2088; x_wconf 88' lang='lat' dir='ltr'>promontorio</span> <span class='ocrx_word' id='word_1_135' title='bbox 327 2001 435 2062; x_wconf 83' lang='lat' dir='ltr'>vicino</span> <span class='ocrx_word' id='word_1_136' title='bbox 464 1997 621 2061; x_wconf 82' lang='lat' dir='ltr'>serratum</span> <span class='ocrx_word' id='word_1_137' title='bbox 648 1997 805 2061; x_wconf 83' lang='lat' dir='ltr'>munierit.</span> <span class='ocrx_word' id='word_1_138' title='bbox 859 1999 1001 2062; x_wconf 85' lang='lat' dir='ltr'>Cnidum</span> <span class='ocrx_word' id='word_1_139' title='bbox 1023 2003 1114 2074; x_wconf 84' lang='lat' dir='ltr'>euim</span> 
     </span>
     <span class='ocr_line' id='line_1_17' title="bbox 78 2099 1118 2188; baseline 0.003 -23"><span class='ocrx_word' id='word_1_140' title='bbox 78 2108 219 2188; x_wconf 80' lang='lat' dir='ltr'>priorem</span> <span class='ocrx_word' id='word_1_141' title='bbox 237 2099 341 2170; x_wconf 83' lang='lat' dir='ltr'>fuiffe.</span> <span class='ocrx_word' id='word_1_142' title='bbox 368 2120 406 2162; x_wconf 84' lang='lat' dir='ltr'>ex</span> <span class='ocrx_word' id='word_1_143' title='bbox 422 2115 534 2162; x_wconf 79' lang='lat' dir='ltr'>notatu</span> <span class='ocrx_word' id='word_1_144' title='bbox 551 2101 685 2163; x_wconf 89' lang='lat' dir='ltr'>Diodori</span> <span class='ocrx_word' id='word_1_145' title='bbox 709 2100 779 2162; x_wconf 86' lang='lat' dir='ltr'>loco</span> <span class='ocrx_word' id='word_1_146' title='bbox 801 2099 939 2164; x_wconf 73' lang='lat' dir='ltr'>discitur.</span> <span class='ocrx_word' id='word_1_147' title='bbox 984 2104 1118 2172; x_wconf 63' lang='lat' dir='ltr'>Deditn,</span> 
     </span>
     <span class='ocr_line' id='line_1_18' title="bbox 78 2204 1114 2286; baseline -0.002 -18"><span class='ocrx_word' id='word_1_148' title='bbox 78 2204 112 2268; x_wconf 86' lang='lat' dir='ltr'>iu</span> <span class='ocrx_word' id='word_1_149' title='bbox 146 2216 223 2267; x_wconf 81' lang='lat' dir='ltr'>nota</span> <span class='ocrx_word' id='word_1_150' title='bbox 249 2204 403 2284; x_wconf 80' lang='lat' dir='ltr'>proxima.</span> <span class='ocrx_word' id='word_1_151' title='bbox 468 2204 558 2264; x_wconf 80' lang='lat' dir='ltr'>Duos</span> <span class='ocrx_word' id='word_1_152' title='bbox 592 2217 702 2282; x_wconf 75' lang='lat' dir='ltr'>portus</span> <span class='ocrx_word' id='word_1_153' title='bbox 736 2217 892 2263; x_wconf 88' lang='lat' dir='ltr'>memorat</span> <span class='ocrx_word' id='word_1_154' title='bbox 924 2204 1033 2266; x_wconf 83' lang='lat' dir='ltr'>Strabo</span> <span class='ocrx_word' id='word_1_155' title='bbox 1059 2213 1114 2286; x_wconf 83' lang='grc' dir='ltr'><strong>ι4.</strong></span> 
     </span>
     <span class='ocr_line' id='line_1_19' title="bbox 78 2301 1116 2390; baseline -0.003 -22"><span class='ocrx_word' id='word_1_156' title='bbox 78 2329 109 2390; x_wconf 92' lang='lat' dir='ltr'>p.</span> <span class='ocrx_word' id='word_1_157' title='bbox 127 2317 215 2386; x_wconf 72' lang='grc'><strong>451.</strong></span> <span class='ocrx_word' id='word_1_158' title='bbox 237 2301 257 2368; x_wconf 82' lang='lat' dir='ltr'>i.</span> <span class='ocrx_word' id='word_1_159' title='bbox 275 2305 357 2376; x_wconf 62' lang='lat'>6536.</span> <span class='ocrx_word' id='word_1_160' title='bbox 401 2303 551 2364; x_wconf 81' lang='lat' dir='ltr'>inclaruit</span> <span class='ocrx_word' id='word_1_161' title='bbox 567 2304 661 2365; x_wconf 78' lang='lat' dir='ltr'>variis</span> <span class='ocrx_word' id='word_1_162' title='bbox 676 2302 786 2372; x_wconf 76' lang='lat' dir='ltr'>rebus,</span> <span class='ocrx_word' id='word_1_163' title='bbox 811 2316 848 2362; x_wconf 88' lang='lat' dir='ltr'>ut</span> <span class='ocrx_word' id='word_1_164' title='bbox 865 2305 992 2368; x_wconf 75' lang='lat' dir='ltr'>Veneris</span> <span class='ocrx_word' id='word_1_165' title='bbox 1013 2305 1116 2378; x_wconf 79' lang='lat' dir='ltr'>cuitu.</span> 
     </span>
     <span class='ocr_line' id='line_1_20' title="bbox 79 2403 1118 2490; baseline 0.002 -24"><span class='ocrx_word' id='word_1_166' title='bbox 79 2428 158 2490; x_wconf 81' lang='lat' dir='ltr'>quae</span> <span class='ocrx_word' id='word_1_167' title='bbox 181 2405 258 2466; x_wconf 82' lang='lat' dir='ltr'>inde</span> <span class='ocrx_word' id='word_1_168' title='bbox 280 2403 420 2466; x_wconf 77' lang='lat' dir='ltr'>dictauit</span> <span class='ocrx_word' id='word_1_169' title='bbox 438 2403 572 2474; x_wconf 81' lang='lat' dir='ltr'>Cnidio,</span> <span class='ocrx_word' id='word_1_170' title='bbox 606 2417 638 2465; x_wconf 82' lang='lat' dir='ltr'>et</span> <span class='ocrx_word' id='word_1_171' title='bbox 662 2405 696 2464; x_wconf 92' lang='lat' dir='ltr'>iu</span> <span class='ocrx_word' id='word_1_172' title='bbox 721 2405 831 2464; x_wconf 82' lang='lat' dir='ltr'>multis</span> <span class='ocrx_word' id='word_1_173' title='bbox 853 2407 960 2468; x_wconf 81' lang='lat' dir='ltr'>nuruis</span> <span class='ocrx_word' id='word_1_174' title='bbox 979 2407 1118 2488; x_wconf 79' lang='lat' dir='ltr'>adpoiita</span> 
     </span>
     <span class='ocr_line' id='line_1_21' title="bbox 80 2501 1119 2589; baseline -0.001 -17"><span class='ocrx_word' id='word_1_175' title='bbox 80 2507 293 2589; x_wconf 78' lang='lat' dir='ltr'>conspicitur3</span> <span class='ocrx_word' id='word_1_176' title='bbox 330 2503 370 2568; x_wconf 85' lang='lat' dir='ltr'>cf.</span> <span class='ocrx_word' id='word_1_177' title='bbox 392 2503 522 2568; x_wconf 81' lang='lat' dir='ltr'>Fauian.</span> <span class='ocrx_word' id='word_1_178' title='bbox 543 2527 571 2574; x_wconf 83' lang='lat' dir='ltr'>r.</span> <span class='ocrx_word' id='word_1_179' title='bbox 591 2525 619 2574; x_wconf 84' lang='grc' dir='ltr'>ι,</span> <span class='ocrx_word' id='word_1_180' title='bbox 636 2519 668 2584; x_wconf 81' lang='lat'>3.</span> <span class='ocrx_word' id='word_1_181' title='bbox 695 2507 749 2586; x_wconf 89' lang='lat' dir='ltr'>qui</span> <span class='ocrx_word' id='word_1_182' title='bbox 766 2505 804 2566; x_wconf 81' lang='lat' dir='ltr'>ab</span> <span class='ocrx_word' id='word_1_183' title='bbox 826 2506 897 2588; x_wconf 82' lang='lat' dir='ltr'>ipfis</span> <span class='ocrx_word' id='word_1_184' title='bbox 913 2507 1038 2570; x_wconf 84' lang='lat' dir='ltr'>Cnidiis</span> <span class='ocrx_word' id='word_1_185' title='bbox 1054 2501 1119 2571; x_wconf 82' lang='lat' dir='ltr'>Ed·</span> 
     </span>
     <span class='ocr_line' id='line_1_22' title="bbox 79 2602 1117 2689; baseline -0.004 -15"><span class='ocrx_word' id='word_1_186' title='bbox 79 2607 204 2674; x_wconf 75' lang='grc' dir='ltr'>πλοιαν</span> <span class='ocrx_word' id='word_1_187' title='bbox 224 2607 411 2689; x_wconf 79' lang='lat' dir='ltr'>adpellatam</span> <span class='ocrx_word' id='word_1_188' title='bbox 430 2605 490 2668; x_wconf 82' lang='lat' dir='ltr'>elie</span> <span class='ocrx_word' id='word_1_189' title='bbox 510 2607 614 2678; x_wconf 61' lang='lat' dir='ltr'>addin</span> <span class='ocrx_word' id='word_1_190' title='bbox 650 2602 787 2686; x_wconf 56' lang='lat' dir='ltr'>(scriptu</span> <span class='ocrx_word' id='word_1_191' title='bbox 808 2607 848 2668; x_wconf 88' lang='lat' dir='ltr'>de</span> <span class='ocrx_word' id='word_1_192' title='bbox 868 2627 903 2668; x_wconf 80' lang='lat' dir='ltr'>ea</span> <span class='ocrx_word' id='word_1_193' title='bbox 923 2609 1061 2688; x_wconf 81' lang='lat' dir='ltr'>Bayerus</span> <span class='ocrx_word' id='word_1_194' title='bbox 1083 2612 1117 2670; x_wconf 90' lang='lat' dir='ltr'>iu</span> 
     </span>
     <span class='ocr_line' id='line_1_23' title="bbox 82 2705 1117 2792; baseline 0 -19"><span class='ocrx_word' id='word_1_195' title='bbox 82 2721 292 2773; x_wconf 77' lang='lat' dir='ltr'>commentar.</span> <span class='ocrx_word' id='word_1_196' title='bbox 317 2713 400 2769; x_wconf 84' lang='lat' dir='ltr'>acad.</span> <span class='ocrx_word' id='word_1_197' title='bbox 424 2705 576 2770; x_wconf 82' lang='lat' dir='ltr'>scientiar.</span> <span class='ocrx_word' id='word_1_198' title='bbox 598 2707 785 2788; x_wconf 83' lang='lat' dir='ltr'>Petropolit.</span> <span class='ocrx_word' id='word_1_199' title='bbox 804 2709 843 2770; x_wconf 88' lang='lat' dir='ltr'>T.</span> <span class='ocrx_word' id='word_1_200' title='bbox 858 2720 893 2786; x_wconf 90' lang='grc'><strong>4.</strong></span> <span class='ocrx_word' id='word_1_201' title='bbox 916 2730 945 2790; x_wconf 88' lang='lat' dir='ltr'>p.</span> <span class='ocrx_word' id='word_1_202' title='bbox 966 2723 1036 2790; x_wconf 77' lang='lat'>259</span> <span class='ocrx_word' id='word_1_203' title='bbox 1054 2709 1117 2792; x_wconf 82' lang='lat' dir='ltr'>sqq.</span> 
     </span>
     <span class='ocr_line' id='line_1_24' title="bbox 82 2809 1117 2894; baseline 0.001 -21"><span class='ocrx_word' id='word_1_204' title='bbox 82 2827 113 2874; x_wconf 90' lang='lat' dir='ltr'>et</span> <span class='ocrx_word' id='word_1_205' title='bbox 135 2813 275 2894; x_wconf 83' lang='lat' dir='ltr'>plurima</span> <span class='ocrx_word' id='word_1_206' title='bbox 298 2809 437 2892; x_wconf 85' lang='lat' dir='ltr'>conlegit</span> <span class='ocrx_word' id='word_1_207' title='bbox 458 2809 612 2869; x_wconf 82' lang='lat' dir='ltr'>Prideaux</span> <span class='ocrx_word' id='word_1_208' title='bbox 635 2811 671 2868; x_wconf 80' lang='lat' dir='ltr'>ad</span> <span class='ocrx_word' id='word_1_209' title='bbox 696 2827 852 2868; x_wconf 79' lang='lat' dir='ltr'>marmora</span> <span class='ocrx_word' id='word_1_210' title='bbox 876 2809 982 2872; x_wconf 88' lang='lat' dir='ltr'>Oxou.</span> <span class='ocrx_word' id='word_1_211' title='bbox 1006 2834 1038 2872; x_wconf 91' lang='lat' dir='ltr'>n.</span> <span class='ocrx_word' id='word_1_212' title='bbox 1058 2823 1117 2890; x_wconf 68' lang='lat' dir='ltr'>osp.</span> 
     </span>
     <span class='ocr_line' id='line_1_25' title="bbox 81 2908 1119 2996; baseline 0 -22"><span class='ocrx_word' id='word_1_213' title='bbox 81 2933 113 2996; x_wconf 88' lang='lat' dir='ltr'>p.</span> <span class='ocrx_word' id='word_1_214' title='bbox 132 2933 176 2993; x_wconf 82' lang='lat'>9¹</span> <span class='ocrx_word' id='word_1_215' title='bbox 201 2908 242 2992; x_wconf 85' lang='lat' dir='ltr'>sq.</span> <span class='ocrx_word' id='word_1_216' title='bbox 265 2911 335 2986; x_wconf 85' lang='lat' dir='ltr'>(ed.</span> <span class='ocrx_word' id='word_1_217' title='bbox 361 2910 485 2986; x_wconf 77' lang='lat'>1676.)</span> <span class='ocrx_word' id='word_1_218' title='bbox 516 2928 610 2991; x_wconf 86' lang='lat' dir='ltr'>porro</span> <span class='ocrx_word' id='word_1_219' title='bbox 642 2909 773 2971; x_wconf 82' lang='lat' dir='ltr'>victoria</span> <span class='ocrx_word' id='word_1_220' title='bbox 801 2909 945 2972; x_wconf 77' lang='lat' dir='ltr'>Cononis</span> <span class='ocrx_word' id='word_1_221' title='bbox 970 2911 1009 2971; x_wconf 88' lang='lat' dir='ltr'>de</span> <span class='ocrx_word' id='word_1_222' title='bbox 1032 2911 1119 2974; x_wconf 81' lang='lat' dir='ltr'>claffo</span> 
     </span>
     <span class='ocr_line' id='line_1_26' title="bbox 82 3009 1122 3094; baseline 0 -20"><span class='ocrx_word' id='word_1_223' title='bbox 82 3012 429 3084; x_wconf 66' lang='lat' dir='ltr'>Lacedaemoniorum</span> <span class='ocrx_word' id='word_1_224' title='bbox 451 3010 621 3094; x_wconf 85' lang='lat' dir='ltr'>(Xenoph.</span> <span class='ocrx_word' id='word_1_225' title='bbox 638 3009 705 3072; x_wconf 82' lang='lat' dir='ltr'>hist.</span> <span class='ocrx_word' id='word_1_226' title='bbox 726 3011 780 3072; x_wconf 87' lang='lat' dir='ltr'>Gr.</span> <span class='ocrx_word' id='word_1_227' title='bbox 796 3022 829 3088; x_wconf 89' lang='grc'><strong>4.</strong></span> <span class='ocrx_word' id='word_1_228' title='bbox 849 3023 880 3090; x_wconf 81' lang='lat'>5,</span> <span class='ocrx_word' id='word_1_229' title='bbox 902 3032 941 3072; x_wconf 87' lang='grc' dir='ltr'>ιο</span> <span class='ocrx_word' id='word_1_230' title='bbox 960 3009 1021 3092; x_wconf 82' lang='lat' dir='ltr'>sqq.</span> <span class='ocrx_word' id='word_1_231' title='bbox 1042 3012 1122 3074; x_wconf 81' lang='lat' dir='ltr'>Pau·</span> 
     </span>
     <span class='ocr_line' id='line_1_27' title="bbox 83 3111 1121 3196; baseline -0.004 -20"><span class='ocrx_word' id='word_1_232' title='bbox 83 3115 147 3178; x_wconf 79' lang='lat' dir='ltr'>[an.</span> <span class='ocrx_word' id='word_1_233' title='bbox 164 3135 194 3176; x_wconf 87' lang='lat' dir='ltr'>c.</span> <span class='ocrx_word' id='word_1_234' title='bbox 212 3114 234 3174; x_wconf 91' lang='lat' dir='ltr'>l.</span> <span class='ocrx_word' id='word_1_235' title='bbox 262 3111 372 3194; x_wconf 75' lang='lat' dir='ltr'>Nepos</span> <span class='ocrx_word' id='word_1_236' title='bbox 391 3113 423 3172; x_wconf 87' lang='lat' dir='ltr'>iu</span> <span class='ocrx_word' id='word_1_237' title='bbox 440 3112 522 3174; x_wconf 89' lang='lat' dir='ltr'>Con.</span> <span class='ocrx_word' id='word_1_238' title='bbox 540 3131 606 3192; x_wconf 85' lang='lat' dir='ltr'>cap.</span> <span class='ocrx_word' id='word_1_239' title='bbox 624 3122 657 3188; x_wconf 90' lang='grc'><strong>4.</strong></span> <span class='ocrx_word' id='word_1_240' title='bbox 672 3121 707 3188; x_wconf 87' lang='grc'><strong>4.</strong></span> <span class='ocrx_word' id='word_1_241' title='bbox 734 3113 836 3192; x_wconf 89' lang='lat' dir='ltr'>etqui</span> <span class='ocrx_word' id='word_1_242' title='bbox 859 3112 902 3171; x_wconf 92' lang='lat' dir='ltr'>ibi</span> <span class='ocrx_word' id='word_1_243' title='bbox 923 3113 1121 3196; x_wconf 66' lang='lat' dir='ltr'>adduntun)</span> 
     </span>
     <span class='ocr_line' id='line_1_28' title="bbox 82 3213 1121 3292; baseline 0 -15"><span class='ocrx_word' id='word_1_244' title='bbox 82 3229 154 3278; x_wconf 78' lang='lat' dir='ltr'>tum</span> <span class='ocrx_word' id='word_1_245' title='bbox 177 3213 504 3276; x_wconf 80' lang='lat' dir='ltr'>natalibus·virorum</span> <span class='ocrx_word' id='word_1_246' title='bbox 526 3213 696 3282; x_wconf 80' lang='lat' dir='ltr'>clarorum.</span> <span class='ocrx_word' id='word_1_247' title='bbox 725 3213 757 3272; x_wconf 91' lang='lat' dir='ltr'>iu</span> <span class='ocrx_word' id='word_1_248' title='bbox 780 3213 896 3292; x_wconf 75' lang='lat' dir='ltr'>quibus</span> <span class='ocrx_word' id='word_1_249' title='bbox 917 3213 1029 3275; x_wconf 82' lang='lat' dir='ltr'>Strabo</span> <span class='ocrx_word' id='word_1_250' title='bbox 1049 3233 1075 3274; x_wconf 88' lang='lat' dir='ltr'>c.</span> <span class='ocrx_word' id='word_1_251' title='bbox 1099 3214 1121 3278; x_wconf 89' lang='lat' dir='ltr'>l.</span> 
     </span>
     <span class='ocr_line' id='line_1_29' title="bbox 83 3311 1123 3400; baseline -0.001 -23"><span class='ocrx_word' id='word_1_252' title='bbox 83 3319 180 3400; x_wconf 86' lang='lat' dir='ltr'>pouit</span> <span class='ocrx_word' id='word_1_253' title='bbox 212 3315 384 3376; x_wconf 87' lang='lat' dir='ltr'>Eudoxum</span> <span class='ocrx_word' id='word_1_254' title='bbox 419 3311 697 3382; x_wconf 82' lang='lat' dir='ltr'>mathematicum.</span> <span class='ocrx_word' id='word_1_255' title='bbox 733 3313 995 3396; x_wconf 80' lang='lat' dir='ltr'>Agatharchideur</span> <span class='ocrx_word' id='word_1_256' title='bbox 1028 3313 1123 3376; x_wconf 83' lang='lat' dir='ltr'>histo·</span> 
     </span>
     <span class='ocr_line' id='line_1_30' title="bbox 83 3411 1123 3498; baseline -0.003 -19"><span class='ocrx_word' id='word_1_257' title='bbox 83 3423 206 3486; x_wconf 75' lang='lat' dir='ltr'>rictum,</span> <span class='ocrx_word' id='word_1_258' title='bbox 233 3416 288 3497; x_wconf 91' lang='lat' dir='ltr'>qui</span> <span class='ocrx_word' id='word_1_259' title='bbox 306 3415 393 3475; x_wconf 90' lang='lat' dir='ltr'>rubri</span> <span class='ocrx_word' id='word_1_260' title='bbox 415 3416 510 3476; x_wconf 81' lang='lat' dir='ltr'>marie</span> <span class='ocrx_word' id='word_1_261' title='bbox 531 3415 688 3498; x_wconf 86' lang='lat' dir='ltr'>periplum</span> <span class='ocrx_word' id='word_1_262' title='bbox 707 3411 831 3494; x_wconf 78' lang='lat' dir='ltr'>scripsrt,</span> <span class='ocrx_word' id='word_1_263' title='bbox 856 3413 1123 3498; x_wconf 85' lang='lat' dir='ltr'>Theopompum,</span> 
     </span>
     <span class='ocr_line' id='line_1_31' title="bbox 83 3513 1125 3596; baseline -0.002 -14"><span class='ocrx_word' id='word_1_264' title='bbox 83 3519 340 3586; x_wconf 77' lang='lat' dir='ltr'>Artemidorum,</span> <span class='ocrx_word' id='word_1_265' title='bbox 364 3515 511 3579; x_wconf 79' lang='lat' dir='ltr'>Ctefiam.</span> <span class='ocrx_word' id='word_1_266' title='bbox 547 3515 590 3576; x_wconf 86' lang='lat' dir='ltr'>H.</span> <span class='ocrx_word' id='word_1_267' title='bbox 611 3515 726 3584; x_wconf 86' lang='lat' dir='ltr'>Gru&#39;do,</span> <span class='ocrx_word' id='word_1_268' title='bbox 750 3515 806 3576; x_wconf 89' lang='lat' dir='ltr'>ubi</span> <span class='ocrx_word' id='word_1_269' title='bbox 826 3515 916 3596; x_wconf 80' lang='lat' dir='ltr'>Capu</span> <span class='ocrx_word' id='word_1_270' title='bbox 936 3513 1039 3579; x_wconf 81' lang='lat' dir='ltr'>Crini.</span> <span class='ocrx_word' id='word_1_271' title='bbox 1051 3517 1125 3580; x_wconf 80' lang='lat' dir='ltr'>Sta·</span> 
     </span>
     <span class='ocr_line' id='line_1_32' title="bbox 85 3613 1122 3698; baseline 0.002 -21"><span class='ocrx_word' id='word_1_272' title='bbox 85 3621 159 3692; x_wconf 78' lang='lat' dir='ltr'>dia,</span> <span class='ocrx_word' id='word_1_273' title='bbox 196 3619 245 3677; x_wconf 91' lang='lat' dir='ltr'>uti</span> <span class='ocrx_word' id='word_1_274' title='bbox 274 3618 345 3678; x_wconf 82' lang='lat' dir='ltr'>vult</span> <span class='ocrx_word' id='word_1_275' title='bbox 372 3620 498 3698; x_wconf 83' lang='lat' dir='ltr'>Dapper</span> <span class='ocrx_word' id='word_1_276' title='bbox 531 3617 586 3678; x_wconf 80' lang='lat' dir='ltr'>dos</span> <span class='ocrx_word' id='word_1_277' title='bbox 620 3617 692 3678; x_wconf 80' lang='lat' dir='ltr'>ieiee</span> <span class='ocrx_word' id='word_1_278' title='bbox 722 3617 762 3677; x_wconf 85' lang='lat' dir='ltr'>do</span> <span class='ocrx_word' id='word_1_279' title='bbox 793 3613 966 3698; x_wconf 82' lang='lat' dir='ltr'>l&#39;drchipel</span> <span class='ocrx_word' id='word_1_280' title='bbox 986 3636 1018 3698; x_wconf 88' lang='lat' dir='ltr'>p.</span> <span class='ocrx_word' id='word_1_281' title='bbox 1041 3619 1122 3698; x_wconf 77' lang='lat'>163.</span> 
     </span>
     <span class='ocr_line' id='line_1_33' title="bbox 85 3715 1126 3800; baseline -0.005 -16"><span class='ocrx_word' id='word_1_282' title='bbox 85 3719 240 3784; x_wconf 77' lang='lat' dir='ltr'>Studium</span> <span class='ocrx_word' id='word_1_283' title='bbox 260 3720 322 3779; x_wconf 79' lang='lat' dir='ltr'>iam</span> <span class='ocrx_word' id='word_1_284' title='bbox 347 3718 423 3780; x_wconf 90' lang='lat' dir='ltr'>olim</span> <span class='ocrx_word' id='word_1_285' title='bbox 444 3718 632 3800; x_wconf 79' lang='lat' dir='ltr'>adpellatam</span> <span class='ocrx_word' id='word_1_286' title='bbox 655 3715 761 3788; x_wconf 79' lang='lat' dir='ltr'>iuiiie,</span> <span class='ocrx_word' id='word_1_287' title='bbox 794 3737 833 3779; x_wconf 85' lang='lat' dir='ltr'>ex</span> <span class='ocrx_word' id='word_1_288' title='bbox 853 3719 959 3780; x_wconf 89' lang='lat' dir='ltr'>Plinio</span> <span class='ocrx_word' id='word_1_289' title='bbox 984 3716 1126 3792; x_wconf 85' lang='lat' dir='ltr'>discitur,</span> 
     </span>
     <span class='ocr_line' id='line_1_34' title="bbox 86 3819 1127 3902; baseline -0.002 -18"><span class='ocrx_word' id='word_1_290' title='bbox 86 3823 252 3902; x_wconf 82' lang='lat' dir='ltr'>docetque</span> <span class='ocrx_word' id='word_1_291' title='bbox 284 3819 468 3902; x_wconf 83' lang='lat' dir='ltr'>Weffeliug.</span> <span class='ocrx_word' id='word_1_292' title='bbox 494 3820 531 3878; x_wconf 84' lang='lat' dir='ltr'>ad</span> <span class='ocrx_word' id='word_1_293' title='bbox 560 3819 698 3880; x_wconf 77' lang='lat' dir='ltr'>Hieroni.</span> <span class='ocrx_word' id='word_1_294' title='bbox 720 3839 751 3899; x_wconf 88' lang='lat' dir='ltr'>p.</span> <span class='ocrx_word' id='word_1_295' title='bbox 771 3819 855 3895; x_wconf 80' lang='lat'>687.</span> <span class='ocrx_word' id='word_1_296' title='bbox 890 3821 945 3901; x_wconf 88' lang='lat' dir='ltr'>qui</span> <span class='ocrx_word' id='word_1_297' title='bbox 967 3838 1037 3879; x_wconf 81' lang='lat' dir='ltr'>eom</span> <span class='ocrx_word' id='word_1_298' title='bbox 1063 3819 1127 3882; x_wconf 80' lang='lat' dir='ltr'>hoc</span> 
     </span>
     <span class='ocr_line' id='line_1_35' title="bbox 85 3917 1127 4005; baseline -0.002 -21"><span class='ocrx_word' id='word_1_299' title='bbox 85 3925 227 3984; x_wconf 84' lang='lat' dir='ltr'>nomine</span> <span class='ocrx_word' id='word_1_300' title='bbox 248 3919 318 4002; x_wconf 84' lang='lat' dir='ltr'>post</span> <span class='ocrx_word' id='word_1_301' title='bbox 337 3921 435 3984; x_wconf 79' lang='lat' dir='ltr'>etiam</span> <span class='ocrx_word' id='word_1_302' title='bbox 453 3921 489 3980; x_wconf 88' lang='lat' dir='ltr'>iu</span> <span class='ocrx_word' id='word_1_303' title='bbox 511 3919 649 3984; x_wconf 84' lang='lat' dir='ltr'>concilio</span> <span class='ocrx_word' id='word_1_304' title='bbox 670 3917 813 3984; x_wconf 78' lang='lat' dir='ltr'>Nicaeuo</span> <span class='ocrx_word' id='word_1_305' title='bbox 829 3933 863 3984; x_wconf 75' lang='lat' dir='ltr'>o.</span> <span class='ocrx_word' id='word_1_306' title='bbox 885 3941 918 4005; x_wconf 90' lang='lat' dir='ltr'>p.</span> <span class='ocrx_word' id='word_1_307' title='bbox 935 3931 994 3998; x_wconf 82' lang='lat'>52.</span> <span class='ocrx_word' id='word_1_308' title='bbox 1019 3939 1127 3986; x_wconf 83' lang='lat' dir='ltr'>occur·</span> 
     </span>
     <span class='ocr_line' id='line_1_36' title="bbox 85 4035 287 4088; baseline -0.005 -2"><span class='ocrx_word' id='word_1_309' title='bbox 85 4044 159 4088; x_wconf 81' lang='lat' dir='ltr'>rere</span> <span class='ocrx_word' id='word_1_310' title='bbox 183 4035 287 4085; x_wconf 83' lang='lat' dir='ltr'>notat.</span> 
     </span>
    </p>
   </div>
   <div class='ocr_carea' id='block_1_5' title="bbox 139 4164 876 4256">
    <p class='ocr_par' dir='ltr' id='par_1_5' title="bbox 139 4164 876 4256">
     <span class='ocr_line' id='line_1_37' title="bbox 139 4164 876 4256; baseline 0.001 -29"><span class='ocrx_word' id='word_1_311' title='bbox 139 4173 242 4244; x_wconf 78' lang='lat' dir='ltr'>Pomp.</span> <span class='ocrx_word' id='word_1_312' title='bbox 257 4167 350 4224; x_wconf 70' lang='lat' dir='ltr'>Mein</span> <span class='ocrx_word' id='word_1_313' title='bbox 371 4167 488 4244; x_wconf 68' lang='lat' dir='ltr'>irroget.</span> <span class='ocrx_word' id='word_1_314' title='bbox 502 4164 541 4227; x_wconf 71' lang='lat' dir='ltr'>L</span> <span class='ocrx_word' id='word_1_315' title='bbox 555 4165 580 4227; x_wconf 75' lang='lat'>1·</span> <span class='ocrx_word' id='word_1_316' title='bbox 813 4167 876 4256; x_wconf 72' lang='lat' dir='ltr'>(ig</span> 
     </span>
    </p>
   </div>
   <div class='ocr_carea' id='block_1_6' title="bbox 0 0 1469 4950">
    <p class='ocr_par' dir='ltr' id='par_1_6' title="bbox 0 0 1469 4950">
     <span class='ocr_line' id='line_1_38' title="bbox 0 0 1469 4950; baseline 0 0"><span class='ocrx_word' id='word_1_317' title='bbox 0 0 1469 4950; x_wconf 95' lang='lat' dir='ltr'> </span> 
     </span>
    </p>
   </div>
  </div>
 </body>
</html>
