2892 4950
341 393 407 466 52⁴
507 363 511 370 '
613 383 777 444 norro
816 383 1114 444 nxrorrrctrr

340 563 426 626 ilexn
456 558 590 629 dieitur.
624 557 679 640 qni
703 559 740 621 iit
763 577 831 620 nno
860 571 993 641 totoque
1017 560 1161 643 impetn;
1196 571 1298 622 eontrr
1322 556 1360 621 eii

339 664 468 732 notite.
503 671 679 722 curvatura
701 658 835 722 molliter
855 662 1068 733 circumacta,
1093 675 1130 722 nt
1149 662 1225 723 dicit
1245 661 1359 724 Vitrnv.

344 785 400 835 ro,
425 780 480 839 17.
529 763 583 826 Sic
597 761 635 821 td
653 760 719 824 loco
735 759 936 833 tremiertur.
960 782 1017 844 per
1031 783 1111 846 ane
1127 762 1270 846 expedite
1283 773 1362 846 petet

336 879 371 930 et
393 865 458 928 ime
474 863 686 926 remoratione
706 873 740 924 et
753 861 939 948 ambagibus
953 865 1023 935 rie.
1049 865 1152 928 veluti
1171 865 1255 947 epud
1271 861 1359 926 ortt.

336 967 426 1051 epist.
445 977 499 1043 ¹8·
522 980 603 1028 121.
626 961 672 1024 ad
685 963 789 1024 uota
806 985 910 1044 prono
928 964 1071 1039 videtum
1101 986 1124 1026 a
1141 977 1174 1026 te
1186 985 1256 1026 eum
1271 963 1359 1032 redeo.

332 1069 439 1132 'clivus
459 1067 570 1130 inertis
590 1084 704 1148 aquae.
756 1065 952 1150 intelligitur
971 1079 1079 1129 autern
1102 1067 1156 1128 iric
1173 1064 1360 1128 60001600-

334 1181 513 1254 myttenus,
548 1167 675 1247 dequo
708 1167 742 1226 in
772 1167 884 1248 prinrie
915 1167 1082 1231 adeundo·
1114 1167 1160 1230 eii
1183 1165 1291 1232 Strabo
1311 1177 1357 1244 ιδ.

332 1293 365 1355 p.
379 1271 465 1352 416.
480 1267 503 1332 i.
518 1267 603 1346 605.
629 1287 661 1348 p.
676 1276 763 1345 417.
779 1264 801 1329 i.
815 1269 901 1332 oro.
936 1267 1050 1332 Noiier
1067 1289 1085 1330 a
1101 1269 1189 1332 Cane
1209 1267 1247 1330 ed
1262 1265 1358 1336 Ailou.

331 1371 445 1436 Strabo
466 1391 484 1433 e
503 1367 589 1432 Cena
611 1368 651 1430 td
671 1368 806 1431 Lectum
825 1372 1087 1454 promontorium
1107 1371 1149 1434 ed
1170 1372 1234 1434 ime
1249 1366 1358 1432 monv't

330 1473 406 1537 itiee
426 1471 583 1536 extendit.

405 1653 622 1737 Molliter)
659 1654 794 1726 Seniinn
821 1655 996 1740 paullatim,
1018 1657 1145 1724 leniter.
1185 1660 1238 1723 Sic
1256 1655 1356 1742 virgil.

266 1786 267 1790 ¹
328 1759 430 1845 eclog.
451 1776 487 1839 9,
510 1769 544 1836 3.
579 1778 643 1841 quo
659 1747 699 1848 se
722 1747 896 1848 subducere
920 1759 1012 1822 eoller
1036 1761 1199 1840 incipiunt
1225 1759 1356 1841 mollique

326 1861 434 1942 iugum
456 1859 618 1922 demittere
638 1858 741 1930 clivor
772 1857 831 1920 ubi
852 1879 998 1942 praecept
1020 1861 1145 1943 obponi
1167 1857 1271 1945 poilrt.
1309 1858 1355 1922 ur

325 1961 486 2049 festigium
501 1975 536 2024 et
549 1961 609 2024 elia
623 1960 740 2031 multe.
764 1979 844 2043 quae
858 1980 876 2022 e
891 1961 1015 2026 Lexioie
1030 1959 1311 2026 subministrentur.

404 2149 417 2210 i
424 2169 485 2210 mn
493 2145 513 2230 )
562 2147 647 2232 Quia
669 2164 762 2210 mone
780 2145 862 2209 riuoe
881 2145 1022 2210 habebat
1035 2147 1150 2230 perles,
1183 2146 1259 2211 telle
1281 2146 1353 2208 Strr·

323 2250 428 2322 bone,
453 2243 530 2338 [lib.
551 2261 607 2329 13.
621 2257 750 2331 Μαι.
768 2245 789 2312 i.
808 2242 913 2333 583.]
940 2269 1043 2310 unum
1066 2248 1176 2314 verine
1196 2249 1350 2329 Cyzicum.

323 2354 459 2415 alterum
480 2351 519 2412 ed
541 2350 711 2412 meridiem
734 2347 841 2411 verine
863 2351 1124 2432 promontorium
1141 2351 1295 2423 Lectum;
1323 2357 1351 2406 et

321 2455 400 2516 inde
433 2451 593 2534 posterum
628 2449 714 2511 huno
747 2450 899 2534 inteiligit
931 2450 1017 2514 Mein
1048 2471 1106 2536 per
1139 2471 1257 2516 vocem
1281 2451 1349 2512 ime.

321 2573 346 2618 1.
372 2571 569 2614 ononorrve
592 2551 669 2613 MS.
737 2549 864 2632 Nempe
889 2551 928 2614 ab
961 2551 1019 2614 hec
1047 2565 1134 2634 perte
1167 2554 1280 2636 incipit
1302 2548 1350 2612 ide

196 2721 200 2734 ,
320 2673 432 2726 mone,
457 2649 616 2734 efficitque
639 2653 901 2732 promontorium
923 2653 1078 2726 Lectum,
1106 2653 1179 2728 vei,
1207 2655 1349 2716 iicontrr

321 2757 447 2827 tentiae,
473 2757 509 2816 in
527 2773 566 2816 eo
584 2751 708 2816 delinit.

393 2928 640 3032 adspersus)
670 2937 752 3020 Apte
767 2937 805 2998 ed
820 2937 994 3000 notandam
1007 2937 1212 3001 dieieoterum
1227 2937 1347 3000 urbium

277 3113 280 3122 ¹
318 3042 577 3112 multitudinem.
610 3038 697 3102 unde
726 3038 823 3102 etiem
850 3037 1010 3120 Sporades
1039 3039 1141 3103 diotae
1167 3039 1243 3103 lunt
1261 3049 1347 3102 notre

317 3145 390 3206 iliae
412 3141 540 3205 insulae.

397 3323 612 3420 Cifilrena)
649 3323 705 3389 Gr.
715 3319 873 3412 Κισθῆνι).
900 3323 1014 3388 Strabo
1028 3339 1083 3406 13.
1097 3322 1255 3410 p.417.i.
1268 3315 1344 3388 606.

316 3425 464 3513 Κισέἡνη
492 3421 586 3502 πόλις
616 3422 747 3516 ἔρημος,
781 3420 908 3512 ἔχουσα
940 3421 1065 3515 λιμένα.
1127 3427 1225 3489 Plinii
1251 3435 1344 3488 eetrtt

317 3533 369 3606 (v.
389 3543 422 3606 5.
441 3541 497 3607 32.
515 3525 536 3588 i.
555 3531 632 3608 50.)
654 3527 870 3598 intercideret,
895 3547 954 3589 nec
975 3528 1090 3613 mitigit
1110 3529 1247 3591 Ptolem.
1263 3538 1294 3604 5.
1310 3539 1340 3584 u.

315 3629 402 3691 Mein
428 3629 528 3712 igitur
557 3627 747 3692 vetustioree
776 3627 931 3691 Strabone
961 3626 1086 3692 secutus
1107 3628 1166 3700 ett.
1206 3641 1260 3692 rut
1279 3627 1342 3688 eius

314 3731 522 3802 tenuitatem,
555 3731 709 3814 adquam
731 3727 785 3792 ino
807 3743 952 3812 tempore
974 3729 1095 3794 deiecta
1115 3743 1198 3803 eret,
1229 3725 1341 3812 adiper-

313 3832 381 3894 unri
406 3831 524 3895 noluit.

387 3995 593 4083 gremio)
637 3996 690 4061 Eii
714 3997 811 4071 illuri.
842 3999 929 4082 quod
954 3941 1037 4064 intre
1061 3999 1169 4064 isthmi
1194 3995 1348 4086 angustiat-

311 4099 403 4165 ieeet.
432 4117 572 4166 eoorve.
614 4097 766 4186 Corpori·
784 4099 919 4166 hument
939 4113 1044 4191 puter
1059 4121 1117 4190 per
1138 4097 1336 4191 comparatio·
1404 4191 1405 4226 .
