2764 4954
238 429 289 486 tlt
318 427 455 484 POMP.
485 427 592 484 met.
634 427 669 482 L.
692 429 715 483 1.
759 425 864 484 c.x1.
905 427 985 514 55.
1070 445 1134 508 555

168 591 375 690 Ascalo)
425 601 479 662 Gr.
505 593 693 671 Ἀσκάλων,
724 601 776 662 rei
809 595 990 666 ’Aouninim
1029 603 1129 670 Hebr.

97 679 257 802 ww·
308 705 358 764 De
386 704 608 764 terminatione
636 703 746 764 Latina
770 701 892 765 dictum
917 703 959 766 est
985 706 1017 765 in
1045 709 1130 770 ootie

97 791 218 872 criticis.
263 809 454 871 Posteriores
487 824 605 871 vocant
635 801 842 897 Ascalonem.
876 825 912 874 ttt
944 811 1127 878 Ambroiiue

94 911 176 991 epist.
200 923 262 991 40.
294 911 461 974 wilhelm.
487 912 603 990 Tyrion
625 909 732 974 hiiiur.
758 909 913 974 ilieroiol.
937 931 990 980 tt.
1017 927 1050 990 5.
1078 945 1127 962 -··

94 1011 187 1093 Quod
204 1026 293 1073 notat
306 1012 495 1093 Stephanue.
518 1013 629 1072 eadem
646 1012 727 1072 dicta
743 1013 837 1072 etium
854 1013 896 1074 est
910 1009 1125 1080 'inanitione

90 1125 119 1172 et
127 1113 164 1173 ab
179 1115 318 1174 Eruioxo
334 1107 516 1176 Αἰσκαλὼν.
553 1113 694 1180 Nomen,
713 1113 786 1174 teste
802 1114 974 1196 Stephano.
1001 1131 1122 1182 vereret

90 1213 125 1272 ab
151 1213 277 1286 Ascalo,
311 1215 475 1293 Lydorum
504 1214 584 1275 doce
614 1216 824 1295 repetierunt.
857 1217 896 1276 de
922 1235 983 1296 quo
1009 1219 1123 1280 merito

90 1314 214 1376 dubitat
236 1315 386 1376 Bochart.
412 1317 443 1374 in
461 1314 580 1404 l'iraieg
605 1331 637 1382 9,
666 1333 721 1378 to.
774 1313 1013 1378 Vetustiffimam
1038 1317 1126 1381 fuiffe

89 1415 198 1477 urbem
222 1436 261 1476 ex
286 1429 306 1492 5
330 1418 441 1497 primia
464 1415 702 1476 Philistinorum
723 1415 869 1487 urbibue.
897 1417 1011 1478 docent
1036 1419 1124 1482 Iosoe

95 1531 145 1594 ¹3·
162 1531 197 1595 3.
225 1515 379 1598 Iosephus
393 1518 513 1599 antiqu.
534 1517 605 1578 tud.
623 1517 656 1586 6.
679 1537 708 1587 t.
730 1536 757 1580 t.
784 1519 892 1598 quiet
917 1519 955 1580 fic
971 1533 1063 1581 vocat
1082 1523 1124 1584 de

87 1615 124 1680 Β.
141 1621 214 1681 lud.
231 1631 264 1696 5,
283 1633 315 1680 9.
332 1619 376 1681 iu.
431 1619 467 1678 in
490 1617 579 1697 Syria
603 1619 688 1679 iuxta
706 1617 852 1679 Iudaeam
875 1615 968 1702 ponit
993 1621 1124 1704 Stepha-

88 1739 161 1789 nus.
199 1721 235 1780 in
270 1719 359 1798 Syria
386 1719 554 1780 Palaestina
581 1719 717 1782 Ptolem.
745 1731 775 1795 5.
805 1721 861 1784 16.
900 1722 934 1780 in
962 1719 1123 1785 Phoenice

87 1819 196 1881 Strabo
220 1821 276 1883 16.
291 1841 323 1901 p.
337 1833 417 1894 599.
436 1818 457 1884 i.
475 1833 558 1896 750.
584 1821 619 1880 in
637 1821 750 1881 iudaea
768 1818 788 1882 i.
804 1819 972 1882 Palaestina
989 1823 1071 1886 Piin.
1086 1839 1120 1902 5.

92 1920 182 1997 14.ss
205 1935 261 1996 13.
289 1923 388 2004 magis
403 1937 509 2002 aperte
525 1921 559 1982 in
576 1921 688 1982 iudaea
709 1937 763 1990 19,
781 1933 840 1996 5ι.
858 1919 877 1994 f.
897 1932 954 2000 94.
988 1941 1040 2002 19.
1061 1939 1120 2003 59.

1 2059 2 2108 p
87 2018 106 2080 f.
125 2023 157 2084 6.
183 2035 222 2082 ut
239 2023 355 2104 Geogr.
374 2023 518 2082 iiavenn.
536 2037 568 2091 2.
589 2031 645 2100 14.
696 2020 765 2082 Nec
781 2021 969 2084 constantior
984 2023 1025 2084 est
1041 2025 1120 2088 iose-

1 2183 2 2200 p
86 2123 165 2203 phue
181 2122 261 2206 ipse.
285 2127 339 2204 qui
355 2121 442 2182 sensu
457 2123 560 2184 latiori
577 2125 670 2205 ponit
683 2123 716 2182 in
732 2123 819 2200 Syria
840 2127 853 2199 (
862 2119 896 2184 in
912 2125 1031 2204 antiqu.
1048 2127 1119 2190 iud.

1 2219 2 2268 ἶ
91 2241 141 2292 ro.
156 2235 191 2302 4.
212 2228 269 2302 6·)
293 2237 324 2284 et
339 2223 372 2284 in
389 2223 568 2286 Palaestina.
595 2223 659 2308 (ib.
679 2237 731 2302 13.
748 2239 781 2300 5,
802 2220 877 2304 ιο.)
928 2225 975 2284 Ex
990 2245 1052 2306 quo
1072 2229 1120 2288 in·

85 2323 251 2387 imitantur
265 2345 310 2395 ee.
335 2345 413 2405 quae
428 2337 518 2386 antea
533 2325 572 2386 de
589 2325 640 2386 iiia
657 2338 820 2384 auctorum
841 2325 1046 2388 fluctuatione
1063 2348 1121 2390 no·

1 2435 2 2438 ’
84 2438 142 2487 tata
162 2426 248 2489 sunt.
301 2425 438 2486 Disrubat
458 2425 497 2487 ab
522 2425 752 2504 Hierosolymis
774 2441 845 2502 590
868 2425 969 2488 stadiis
991 2445 1120 2492 auctore

84 2525 219 2609 iosepho
234 2528 274 2588 de
287 2527 324 2588 B.
343 2527 414 2588 luti.
435 2541 465 2605 5,
486 2542 517 2590 9.
535 2527 579 2589 in.
607 2546 703 2607 aquo
721 2539 826 2587 tumen
842 2527 1039 2608 aliquantum
1056 2531 1117 2594 dise

85 2642 184 2708 crepat
213 2628 276 2688 tab.
308 2627 492 2710 Peutinger.
517 2645 551 2706 9.
575 2627 612 2688 E.
648 2647 729 2708 quae
761 2629 933 2688 dimidium
960 2646 1116 2696 numerat.

84 2725 178 2790 Situm
196 2744 307 2812 autom
324 2729 490 2788 olicuriunt
505 2741 647 2789 auctores
664 2731 747 2788 iuter
768 2729 919 2789 lumniam
943 2747 976 2792 et
988 2731 1116 2797 Gazam.

85 2829 229 2914 (ioseph.
252 2831 291 2889 rie
313 2829 350 2890 B.
373 2830 443 2890 lud.
465 2839 499 2908 4,
529 2849 584 2892 tr.
602 2827 624 2891 f.
665 2830 822 2890 Antonini
846 2831 951 2892 itiner.
975 2851 1007 2912 p.
1034 2845 1114 2909 ¹5¹·

86 2929 199 3014 Geogr.
221 2931 368 2991 liaeenn.
388 2946 418 3000 9,
441 2945 495 3008 14.
518 2944 549 2990 et
567 2941 598 3006 5.
616 2945 649 3005 7.
666 2933 735 3008 -)
773 2927 855 2991 Infra
872 2930 988 2992 Gazam
1010 2943 1116 2995 tamen

85 3035 251 3093 meridiem
275 3029 380 3091 verina
402 3034 494 3112 pouit
515 3031 715 3094 Ptolemaeus
733 3043 765 3106 5.
789 3032 841 3094 16.
873 3033 905 3090 in
929 3049 993 3112 quo
1013 3035 1117 3094 nomi·

85 3151 156 3192 num
174 3132 289 3194 seriem
310 3133 468 3192 traiectam
484 3131 543 3194 effe
560 3131 617 3192 hac
633 3133 671 3192 de
687 3129 773 3193 causa
794 3130 947 3192 existimat
964 3131 1116 3197 Cellariue

83 3232 112 3292 in
135 3233 253 3316 Geogr.
271 3247 336 3293 ant.
356 3247 386 3310 3.
410 3245 462 3311 13.
484 3249 565 3308 217.
599 3251 692 3312 qoam
712 3247 816 3292 tamen
839 3233 876 3292 ad
897 3253 1003 3318 reram
1024 3237 1118 3298 ratio·

85 3353 154 3394 nem
178 3335 279 3394 libros
302 3351 447 3394 revocare
469 3345 560 3395 notat
580 3333 741 3394 Reinmiue
764 3353 794 3412 p.
818 3353 860 3394 m.
883 3343 967 3412 455.
1021 3336 1117 3399 Urbie
1208 3320 1210 3326 .

83 3431 138 3495 iata
165 3437 252 3496 varia
275 3449 567 3496 commemorentur
593 3455 609 3494 a
637 3431 769 3515 iosepho
795 3429 904 3513 paffint
932 3449 963 3496 et
989 3436 1022 3495 iu
1048 3437 1116 3500 Scr.

85 3531 185 3606 iacrie.
221 3556 259 3597 ex
277 3537 392 3616 quibus
409 3534 562 3596 summam
585 3531 722 3595 confecit
739 3533 897 3596 Bachiene
912 3537 952 3598 T.
972 3553 1003 3598 9.
1025 3537 1062 3600 Ρ.
1081 3552 1115 3616 5.

86 3653 114 3713 p.
131 3649 174 3713 95
191 3634 253 3718 [qq.
291 3636 450 3708 Hominee
474 3639 597 3706 rioctoe.
619 3655 698 3716 quoe
721 3636 770 3694 iiia
791 3636 873 3702 tulit.
896 3637 1035 3698 recenset
1050 3639 1120 3701 Ste-

86 3735 223 3814 phaone.
255 3738 288 3798 in
319 3739 357 3798 iie
389 3737 613 3818 Apollonium.
651 3737 905 3806 Artemidorum.
943 3738 1118 3811 historicos.

86 3834 311 3908 Ptolemaeum.
336 3838 499 3899 Aristarchi
517 3837 704 3919 discipulum
721 3849 753 3897 et
769 3837 979 3907 Dorotheum.
1007 3839 1116 3899 Gram-

87 3941 222 4010 maticos.
247 3937 398 4020 aliosque.
432 3939 576 4012 Eandem
593 3939 722 4020 patriam
741 3933 828 3997 fuisse
846 3939 995 3999 Antiochi
1015 3940 1117 4020 philo·

86 4033 185 4118 iophi.
211 4057 277 4122 quo
300 4051 502 4122 praeceptore
519 4038 563 4098 ost
585 4052 674 4100 eraut
697 4038 794 4098 Varro
810 4051 843 4098 et
864 4037 993 4108 Cicero.
1020 4039 1118 4101 refert

85 4136 259 4206 sinberti.
275 4159 307 4223 p.
324 4155 409 4219 599.
428 4137 449 4202 I.
464 4151 548 4220 759.
585 4137 722 4202 Fabulae
742 4139 877 4199 natalem
893 4138 1000 4200 locum
1017 4141 1118 4202 Semi·

707 4239 731 4298 Z
759 4254 780 4300 9
