2764 4958
164 395 223 454 nt
253 397 396 454 POMP.
427 396 534 452 MEL
576 395 612 452 L.
634 398 659 452 1.
702 397 819 456 GVH.
863 395 940 466 55.
1023 411 1080 474 ιμ

40 563 89 652 rip
110 560 170 655 τῆς
200 563 330 655 ’χώρας
355 567 397 631 [c.
422 569 461 630 rd
487 567 608 648 Syrtim
632 551 793 630 minorem
820 569 989 652 praedicat.
1031 565 1084 634 cf.

41 671 261 752 1ir.,34,62.
282 686 317 750 5.

101 875 258 954 Leptis
286 869 453 955 altero)
480 871 571 970 Qum
590 869 835 953 cognominatur
848 892 975 952 magna,
996 871 1084 953 quotl

38 977 114 1036 aldit
130 978 274 1040 Plinius
294 987 328 1052 5,
344 985 381 1054 4.
421 977 542 1038 Contra
562 975 595 1034 in
617 975 813 1054 obpositione
832 972 952 1036 ‹lirerla
968 974 1085 1034 dicitur

38 1077 126 1138 clera
146 1079 195 1140 de
208 1077 343 1138 minori
364 1078 398 1136 in
415 1075 537 1138 Codice
556 1095 584 1144 r,
610 1089 667 1150 27.
694 1093 724 1136 t.
760 1076 943 1136 Secundum
959 1074 1083 1138 Strabo·

36 1197 173 1251 nem17.
199 1199 237 1262 p.
254 1189 345 1256 574.
364 1174 385 1239 l.
404 1187 488 1255 855.
511 1179 622 1236 eadem
637 1177 720 1236 dicta
741 1178 836 1236 etiarn
855 1176 896 1237 ell
918 1176 1083 1256 Neapolis.

36 1280 136 1361 inquo
154 1275 334 1342 consentit
348 1277 551 1339 Ptolemaeus
567 1283 601 1356 lp,
622 1290 655 1356 5.
673 1279 790 1346 exone
806 1278 924 1339 codicia
937 1277 1082 1346 Palatini,

35 1401 97 1440 cnm
113 1383 229 1465 vulgo
245 1371 420 1464 addaturri
440 1372 495 1440 >toi
515 1373 686 1460 Τρίπολις,
710 1391 803 1458 quum
822 1393 928 1438 turtren
944 1379 997 1438 olii
1012 1396 1083 1458 pro·

35 1484 167 1544 vinciam
187 1480 335 1550 faciunt,
358 1479 459 1540 tribua
476 1479 607 1541 urbibus
624 1483 840 1559 computitunr.
868 1477 943 1548 Oea,
968 1477 1083 1540 Sabra-

33 1595 70 1653 tn‚
93 1584 208 1664 iqui
228 1603 365 1662 magna,
390 1581 438 1640 uti
462 1581 591 1640 tradunt
612 1580 721 1642 lsrdor.
746 1583 825 1661 orig.
854 1591 908 1658 14,
933 1593 966 1657 5.
992 1593 1083 1642 etex
1118 1615 1123 1626 ·

31 1685 269 1746 emendatione
292 1681 432 1744 salmasii
454 1683 582 1743 Solinus
603 1701 630 1744 c.
648 1694 708 1760 5ο.
727 1679 748 1745 l'.
773 1696 830 1754 27.
872 1682 925 1742 Sic
951 1681 1084 1762 Tripoli·

32 1797 99 1845 tarra
113 1783 311 1867 provincio
327 1783 443 1844 dicitur
460 1783 492 1844 in
508 1781 620 1846 Orouo
641 1802 670 1854 t,
691 1799 722 1844 2.
749 1795 780 1843 et
796 1783 954 1864 Eutropio
971 1793 1003 1860 ss,
1026 1794 1081 1860 ¹8·

31 1884 48 1948 l
66 1909 120 1950 ιο.
146 1890 265 1966 inque
282 1903 319 1944 ea
336 1885 444 1965 Leptis
460 1886 607 1965 ponitur,
634 1883 689 1943 ubi
708 1897 800 1944 natue
820 1863 886 1944 erit
909 1887 1082 1964 imperator

30 1989 176 2051 sevam.
222 1983 280 2049 ef.
299 1983 475 2047 Calaubon.
491 1987 527 2046 ad
544 1987 700 2068 Spartiani
715 1989 821 2048 Sever.
837 2005 863 2048 c.
887 1997 939 2062 ¹8·
976 1985 1082 2044 illuni·

29 2093 142 2172 cipium
164 2087 279 2150 Gratti
298 2085 333 2146 in
349 2105 384 2146 ea
400 2100 668 2147 commemoratur
686 2085 725 2146 ab
742 2087 908 2148 Antonino
924 2087 958 2145 in
975 2087 1082 2150 itiner.

29 2211 56 2272 p.
76 2205 167 2272 5¹9·
234 2189 290 2248 Ex
311 2205 376 2268 quo
399 2187 532 2248 Palatini
555 2189 672 2248 codicis
697 2187 792 2250 lectio
812 2189 919 2270 potior
942 2188 1081 2252 videtur.

30 2296 64 2354 it
77 2313 171 2358 nova
198 2286 405 2350 subnascitur
420 2286 585 2354 difficulter
598 2309 637 2350 ex
653 2289 770 2358 Plinio.
792 2291 845 2370 qui
858 2289 984 2371 Leptim
1002 2288 1081 2348 hauc

31 2395 214 2476 alieapoli
241 2389 428 2472 distinguit.
453 2389 605 2472 probante
624 2391 803 2462 Herdonio,
830 2393 988 2452 renitente
1011 2389 1082 2453 Cel·

31 2496 97 2556 urio
116 2500 154 2556 in
176 2493 311 2575 Geogr.
327 2504 392 2551 ant.
411 2501 446 2568 4,
465 2505 497 2570 5,
518 2505 551 2566 7.
601 2491 662 2553 Sed
686 2505 721 2550 ut
743 2493 859 2576 duplex
883 2489 943 2551 luit
961 2491 1080 2574 Leptis,

32 2597 65 2656 tic
80 2613 111 2658 et
127 2595 265 2677 duplex
279 2591 440 2674 Neapolis,
457 2611 588 2672 quarum
603 2592 696 2653 altera
713 2595 746 2654 in
763 2595 878 2656 eodem
892 2593 954 2655 hoc
971 2607 1080 2662 tractu,

30 2699 133 2760 omilla
162 2695 290 2780 Leptis
313 2694 481 2754 mentione
502 2693 633 2774 ponitur
655 2713 670 2754 a
691 2694 818 2772 Scylace
840 2714 872 2775 p.
892 2703 953 2776 47.
978 2692 1078 2756 Hudl.

28 2799 232 2862 Posteriorea
255 2793 355 2855 lolam
374 2794 427 2854 hic
449 2792 616 2878 proferunt
633 2795 759 2876 Leptim
784 2813 950 2879 magnam,
983 2815 1081 2876 quam

28 2903 229 2982 plerumque
251 2895 502 2976 Leptimagnam
525 2907 657 2964 vocant,
683 2909 719 2956 ut
736 2897 869 2977 Procop.
887 2897 925 2958 de
946 2896 985 2960 ll.
1004 2898 1084 2958 Vau-

27 3003 86 3063 drl.
106 3021 140 3070 ε.
162 3019 230 3061 or.
255 3009 292 3058 et
310 2995 396 3058 alibi.
451 2997 500 3057 An
524 3014 603 3058 vero
629 2995 738 3057 eadem
762 2996 964 3076 Lepriuroius
985 3001 1082 3060 ctiam

33 3077 234 3184 adpellelur,
270 3111 309 3157 ut
335 3096 549 3174 Leptineinur,
583 3101 667 3178 quotl
698 3098 879 3180 simpliciter
902 3099 996 3158 refert
1018 3099 1082 3160 Sal·

30 3206 146 3263 maline
161 3205 203 3261 acl
218 3199 380 3280 Spartiani
396 3199 505 3260 Sever.
522 3217 549 3260 c.
571 3219 598 3260 ι.
626 3203 742 3277 rnerito
758 3199 882 3259 dubitat
901 3199 1079 3282 Welleling.

33 3307 66 3362 etl
85 3307 216 3364 rinion.
234 3301 343 3360 itiner.
360 3319 391 3380 p.
411 3300 470 3378 63.
505 3300 550 3359 Ex
573 3301 670 3381 priori
693 3297 792 3378 forma
808 3296 1081 3390 lnptiuengneufis

32 3403 179 3466 effictum
205 3402 250 3461 est
280 3421 298 3461 a
320 3399 499 3480 posterioris
526 3403 595 3462 aevi
618 3401 818 3476 auctoribus,
861 3415 896 3459 ut
924 3403 1010 3461 idem
1035 3402 1080 3460 ibi

37 3508 160 3566 docuit.
209 3503 255 3564 Et
279 3501 319 3560 lic
341 3501 373 3561 in
399 3501 520 3562 Codice
545 3521 571 3564 c.
598 3501 618 3561 l.
656 3503 788 3562 Videtur
811 3503 908 3582 igitur
931 3499 1080 3582 Neapolis

36 3607 94 3667 de
110 3625 239 3666 nornen
257 3603 429 3682 antiquius,
455 3621 592 3683 proquo
609 3601 676 3685 poll
692 3603 856 3664 invectum
873 3617 905 3664 et
920 3603 982 3662 ium
999 3607 1080 3663 Stra·

38 3705 136 3768 ionic
148 3719 251 3766 aetate
270 3705 371 3785 magia
386 3701 619 3784 frequentatum
635 3701 695 3762 fuit
708 3704 841 3762 alterum
858 3703 974 3783 Leptis,
998 3704 1079 3764 illud

40 3827 117 3868 tero
137 3809 180 3866 ita
198 3803 312 3864 [enirm
330 3805 422 3885 plone
443 3804 618 3874 evanuille,
650 3819 686 3864 ut
704 3805 828 3884 Leptim
852 3819 973 3864 tautum
996 3803 1079 3864 usur·

40 3925 168 3985 parent,
204 3906 308 3966 veluti
331 3903 449 3966 Sallust.
475 3907 514 3968 de
537 3905 575 3967 ll.
592 3907 660 3988 lug.
683 3923 711 3965 c.
736 3927 787 3982 ις,
807 3917 838 3982 5.
890 3905 977 3964 Tum
1001 3925 1078 3968 vero

42 4007 182 4072 lsrinius.
218 4007 277 4086 qui
300 4019 473 4085 utrumque
492 4003 528 4066 iu
547 4007 675 4072 diversit
696 4005 878 4066 auctoribus
900 4006 1078 4078 iuvenillet,

41 4105 135 4168 heile
146 4112 180 4170 in
194 4109 290 4170 illum
308 4123 457 4180 errorem,
479 4127 537 4169 nec
557 4125 643 4170 novo
659 4107 816 4189 exemplo,
839 4105 947 4188 induci
963 4111 1080 4190 potuit.
1205 4104 1207 4115 ⁴
