2828 4966
350 449 389 510 ιθ
616 435 778 493 norun
819 439 1119 496 nxrroerrcen

351 615 442 685 Hoc,
475 613 588 674 circum
604 599 784 701 finireque,
816 609 901 694 quod
919 631 1039 672 ornnem
1065 610 1232 675 Continet
1255 612 1381 694 ourpler

349 731 477 781 terram.
511 734 535 776 1.
560 731 769 774 orouovrvo.

425 914 627 1002 quidquid
652 912 727 1006 est)
778 913 872 975 Nihil
891 917 1026 997 amplius
1048 917 1149 986 velet,
1180 935 1292 996 quam
1312 915 1381 980 Ornl

349 1019 433 1085 Hoc.
468 1034 681 1078 cruccorrrvs.
718 1015 898 1098 (viduor.
921 1017 973 1100 1.)
1010 1015 1322 1097 Propterdiverlae
1339 1017 1381 1078 Pl

289 1209 291 1215 Ι
350 1121 554 1204 loloplrorum
572 1115 751 1179 sententiae.
786 1135 884 1180 reru.
905 1137 1122 1180 uvurrruuve
1143 1119 1232 1181 MS.

424 1317 599 1400 Mundi)
649 1321 687 1380 In
708 1337 742 1380 re
763 1319 858 1378 omiti
878 1339 977 1402 prope
1001 1321 1116 1381 iisdem
1132 1321 1252 1383 verbis
1269 1319 1381 1381 ususe

348 1423 474 1486 Plinius
498 1415 575 1507 [liu.
592 1435 623 1482 Ω.
640 1440 667 1482 c.
689 1414 741 1506 r.]
762 1418 933 1490 Mundum,
958 1424 1074 1502 inquit,
1098 1435 1128 1481 et
1141 1423 1217 1492 lroc,
1243 1421 1381 1503 quodid

349 1525 430 1586 mirre
445 1521 510 1583 alio
526 1519 642 1584 coelum
658 1519 816 1600 appellere
834 1519 935 1590 libuit,
958 1525 1045 1582 cuius
1062 1517 1277 1608 circumflexu
1296 1535 1381 1599 regui

349 1636 403 1686 tur
416 1635 543 1684 cuncto.
580 1621 692 1684 Cicero
709 1623 748 1682 de
771 1635 836 1684 mu.
849 1623 950 1684 Deor.
967 1623 1022 1684 lib.
1043 1639 1075 1684 u.
1100 1617 1148 1710 [c.
1172 1619 1261 1709 15.]
1292 1621 1381 1702 ll'eqr

348 1727 441 1795 enirn,
467 1719 582 1804 inquit,
611 1721 852 1815 estquidquom
878 1722 976 1794 aliud,
1001 1737 1125 1804 praeter
1149 1723 1328 1792 nuendum,
1357 1743 1381 1782 ιι

348 1825 431 1888 nilril
451 1821 554 1914 absrt;
586 1822 730 1906 quodque
743 1822 880 1906 undique
895 1837 1008 1904 aptum
1026 1836 1122 1907 atque
1140 1817 1335 1915 perfectum
1354 1845 1381 1882 ιι

349 1922 525 2008 plerumque
531 1921 580 2016 fit
597 1915 816 2013 omnibussnis
832 1927 966 1986 numeris
979 1939 1010 1985 et
1023 1922 1180 2006 partibus.
1201 1943 1381 1986 vunrurrru

348 2030 402 2092 Sic
416 2028 539 2088 Plinius
556 2043 588 2096 2,
611 2048 640 2088 r.
669 2024 779 2086 Graeci
795 2026 904 2085 erdem
921 2029 1043 2087 ratione
1059 2015 1196 2112 οὐρανόν
1216 2041 1252 2088 et
1275 2019 1381 2112 no'ouo

348 2129 569 2191 nominarunt.
605 2127 697 2188 Plato
713 2121 746 2184 in
764 2127 901 2188 Politice
919 2123 963 2212 [p.
977 2141 1033 2206 50.
1046 2129 1176 2208 llipont.
1194 2123 1271 2190 Vol.
1286 2118 1338 2209 6.]
1365 2119 1381 2186 i

350 2226 383 2292 ii
399 2219 534 2316 οὐρανὸν
556 2217 609 2288 noi
634 2219 755 2312 κόσμον
771 2219 1039 2316 ὲπιυνομᾶκιιμεν.
1065 2228 1178 2290 Cicero
1195 2231 1232 2288 in
1253 2229 1381 2288 Timaei

351 2325 393 2417 [c.
409 2323 477 2412 ro.]
505 2345 634 2408 cumque
649 2346 718 2384 euru
725 2321 864 2414 similem
883 2326 1022 2419 universi
1039 2342 1156 2388 nutura
1179 2323 1309 2414 [vulgo
1331 2347 1381 2388 uru

350 2451 407 2492 ver
422 2429 515 2490 itatis
534 2419 687 2510 naturae]
711 2419 826 2519 efficere
840 2427 940 2496 vellet,
966 2431 1010 2489 ad
1028 2427 1263 2491 volubilitatem
1287 2442 1381 2490 rotun

351 2530 456 2600 davit,
479 2529 650 2610 comiteque
663 2548 729 2587 euru
740 2519 1017 2618 sapientiaquem
1034 2533 1171 2609 optimae
1186 2535 1306 2592 ruentis
1323 2523 1381 2616 effe

350 2631 407 2700 cit,
430 2631 604 2710 circumque
619 2629 735 2688 coelum
751 2629 924 2710 aequaliter
938 2629 1111 2700 distribuit,
1136 2646 1172 2691 ut
1187 2635 1277 2692 lruue
1292 2631 1381 2690 varie

350 2744 420 2794 tate
434 2729 615 2823 dssinotum
630 2728 702 2788 bene
715 2729 827 2790 Graeci
846 2724 978 2820 κόσμον,
999 2752 1055 2790 uos
1070 2733 1220 2792 lucentem
1236 2731 1381 2792 nrurulrui

349 2835 588 2895 nominaremus.
626 2832 721 2890 Varro
743 2831 777 2890 in
793 2831 911 2910 Satyra,
935 2834 984 2892 cui
1006 2853 1126 2894 nomen
1143 2831 1218 2894 fecit
1240 2833 1381 2894 Dulium

348 2935 413 2996 live
429 2933 516 2994 Seria
535 2925 665 3018 [p.15.]
682 2929 827 2992 ll‘luudus
844 2931 953 2992 domus
970 2932 1014 3025 esi
1031 2913 1173 2994 maximo
1189 2934 1327 2997 homulli
1344 2959 1381 2978 -·

350 3047 383 3096 et
415 3031 595 3114 appellatur
624 3053 645 3092 a
671 3033 834 3092 caelatura
863 3033 1008 3105 Caelum,
1045 3035 1161 3096 Graece
1193 3035 1236 3095 ab
1273 3045 1381 3095 ornatu

352 3128 490 3222 κόσμος,
518 3133 636 3193 Latine
656 3153 677 3192 o
699 3135 816 3212 putide
840 3134 996 3197 Mundus.
1025 3155 1236 3200 cruccourvo.
1291 3135 1381 3194 Muu

348 3237 411 3298 dus
430 3236 468 3296 ab
486 3234 656 3301 Aristotele,
681 3231 732 3293 leu
748 3236 890 3315 quisquis
906 3249 1014 3296 auctor
1027 3237 1078 3306 est,
1107 3237 1188 3296 libro
1203 3237 1244 3298 de
1260 3232 1381 3296 mundo

350 3339 389 3402 ad
405 3337 616 3398 Alexandrum
640 3327 779 3419 [cau-2.
796 3333 862 3423 im]
887 3351 918 3397 et
933 3339 1108 3398 Cleomede
1125 3337 1178 3397 lib.
1197 3359 1225 3400 r.
1244 3339 1295 3418 [p.
1311 3333 1381 3412 7r.]

351 3439 500 3500 defruitur
526 3433 645 3522 κόσμος
670 3425 820 3523 σύστημα
842 3424 887 3504 ’ἐξ
913 3427 1051 3524 οὐρανοῦ
1081 3431 1134 3499 καὶ
1160 3439 1219 3522 γῆς
1240 3432 1296 3500 uni
1321 3433 1381 3496 τῶι

352 3533 383 3604 ἓν
407 3530 536 3604 τούτοις
554 3533 788 3625 περιεχομένων
812 3527 953 3617 φύσεων.
991 3541 1043 3600 Sic
1060 3539 1172 3601 Cicero
1190 3559 1228 3600 ex
1245 3541 1381 3600 Timaeo

350 3638 467 3721 etiple
491 3639 592 3700 Plato.
628 3633 684 3722 [ut
706 3634 825 3724 susim]
859 3657 1033 3701 ecuo'rrvo.
1090 3640 1236 3701 Mundus
1258 3637 1381 3719 origiue

351 3737 403 3801 sua
424 3740 572 3823 fignificat
595 3752 741 3798 ornatum
766 3739 970 3810 muliebrem,
1003 3735 1127 3801 Griecis
1152 3747 1229 3802 item
1250 3735 1378 3824 κόσμος.

352 3838 402 3904 cf.
423 3841 506 3901 Plin.
524 3856 555 3908 2,
573 3850 607 3917 4.
634 3835 676 3925 [l.
697 3835 749 3926 3.]
792 3840 921 3902 Nomen
939 3842 1002 3901 hoc
1024 3843 1055 3902 ei
1075 3844 1195 3921 primus
1212 3843 1301 3902 dedit
1322 3840 1381 3915 Py·

350 3941 506 4025 thagorae.
535 3935 595 4024 [cf.
622 3935 733 4024 infun]
784 3942 878 4022 Apud
908 3957 1016 4024 poetas
1044 3943 1130 4001 idem
1157 3944 1297 4002 munduo
1329 3936 1378 4003 est·

351 4045 438 4126 quod
454 4043 591 4103 coelum.
620 4039 718 4102 ovid.
730 4039 860 4104 Meum.
873 4059 905 4112 2,
925 4057 1003 4122 157.
1027 4042 1174 4104 Tibullus
1191 4057 1223 4123 5,
1236 4053 1270 4123 4,
1287 4040 1377 4119 [17.]

352 4162 519 4208 oruevrrs
547 4155 580 4204 et
607 4160 820 4208 erroreuuvs
846 4145 947 4210 MSS.
1010 4143 1173 4216 Mundus,
1202 4158 1240 4206 ut
1264 4141 1377 4206 coelum
