2892 4950
206 361 259 422 m
284 359 424 420 rom.
451 359 560 418 ΜΗ..
602 359 684 418 Μ.
726 359 860 436 om.
901 359 979 431 he·
1052 368 1115 440 473

153 529 387 618 Bargylos)
436 532 530 596 Varie
552 533 586 594 iu
606 531 789 596 auctoribus
814 531 966 618 seriptum
987 535 1116 620 legitur.

75 637 264 721 Stephanue
280 635 313 699 h.
335 655 369 699 r.
389 635 467 696 dieit
486 628 646 723 Βᾰργυλα
672 623 860 723 οὐδετέρως,
891 649 925 696 et
946 636 1014 718 poll
1034 637 1119 726 Bap-

76 734 202 826 γυλίαν
219 749 335 807 vocat,
359 736 446 818 quoti
461 755 535 798 cum
554 737 588 798 in
605 737 761 799 continuo
776 757 860 800 nexu
881 736 1033 810 offendat.
1058 757 1119 802 nee

79 841 278 904 femininum
301 851 462 909 occurrat,
492 835 660 901 Berkeliue
681 852 715 901 ot
736 838 917 902 ttotttentur
942 839 1119 904 constanter

78 937 257 1027 Βαζνγύλια
291 937 494 1001 scribendum
527 937 673 1009 censent.
707 941 793 1022 quod
825 940 963 1022 probant
998 941 1051 1001 alii
1084 940 1121 1006 itt

81 1043 206 1106 ealihuu
230 1039 387 1122 obliquiu,
419 1039 477 1122 qui
496 1053 611 1104 neutro
639 1059 755 1126 genere
778 1041 811 1102 iu
834 1041 947 1122 plurali
971 1040 1121 1108 efferunt.

81 1147 137 1209 Sic
151 1141 268 1208 Strabo
289 1155 343 1220 13.
359 1162 392 1226 p.
403 1151 485 1222 ouo.
497 1140 517 1203 l.
529 1143 572 1206 61
585 1162 613 1205 t.
645 1151 699 1221 ¹4·
721 1161 753 1224 p.
768 1139 979 1221 452.l.653.
1005 1142 1121 1224 Polyb.

89 1259 146 1322 17,
168 1259 204 1308 Ω.
225 1256 259 1304 et
280 1242 369 1307 alibi.
421 1243 463 1304 Et
485 1241 525 1304 sto
548 1243 711 1326 Bargyliis
731 1243 815 1326 apud
835 1243 906 1308 Lir.
925 1255 982 1323 54.
1006 1257 1063 1324 52,
1086 1258 1122 1324 5.

83 1347 175 1408 unde
195 1345 296 1407 etiam
315 1357 372 1428 33,
394 1355 446 1422 ta,
468 1354 522 1422 18.
545 1344 734 1426 Bargylias.
760 1343 814 1408 etii
830 1346 963 1407 retinuit
978 1345 1123 1410 Draken-

84 1447 259 1518 borchiue,
292 1443 332 1506 ab
359 1445 470 1507 Uriino
495 1445 695 1508 emendatur.
748 1445 834 1507 Hine
857 1447 954 1508 etiam
979 1447 1011 1508 in
1039 1447 1124 1510 Stra·

86 1548 176 1610 bone
195 1545 330 1626 14.e.l.
356 1545 548 1610 Ptolemaeo
562 1557 596 1624 6.
619 1561 651 1609 α.
679 1546 714 1608 in
737 1541 909 1634 Βαργυλία
935 1547 1052 1610 retrahi
1074 1568 1124 1612 ac·

88 1661 203 1710 centua
223 1645 330 1710 debet.
383 1646 463 1710 lntle
482 1665 561 1710 vero
583 1647 710 1709 ducitur
727 1643 960 1736 Βαργυλιάτης
980 1647 1037 1712 lec.
1056 1651 1124 1712 Ste-

88 1749 255 1832 phanum
286 1759 431 1810 auctores
453 1760 564 1810 tamen
583 1745 767 1831 praeferunt
782 1768 856 1810 oum
874 1751 981 1812 numie
1000 1751 1127 1836 Βαργυ-

89 1845 221 1939 λιὴτης,
255 1863 293 1911 ut
316 1847 429 1927 Polyb.
458 1847 512 1920 ι6,
541 1864 594 1919 ta.
617 1863 651 1928 3.
693 1849 856 1912 Plutarch.
883 1851 916 1910 in
945 1851 1126 1916 Flaminino

90 1951 381 2034 cap.12.in.-
430 1951 481 2012 De
503 1947 758 2033 inscriptionibus
777 1949 852 2010 aridi
876 1951 975 2034 potest
997 1952 1124 2017 Gruter.
1174 1993 1178 2000 ·

90 2074 122 2136 p.
141 2053 228 2116 660.
252 2073 285 2115 n.
303 2063 337 2130 a.
371 2049 464 2134 Apud
488 2050 634 2116 Ciceron.
659 2051 698 2112 ad
717 2047 831 2114 divers.
853 2065 907 2132 ιδ,
925 2053 982 2130 56.
1003 2053 1128 2136 Bargy-

93 2153 175 2215 lrtae
201 2153 332 2237 legitur,
365 2173 422 2234 pro
448 2171 512 2234 quo
537 2151 748 2235 Bargylietae
769 2153 991 2234 reponendum
1022 2153 1128 2218 cenlet

95 2254 268 2317 Berkeliue
291 2255 331 2314 ad
355 2253 468 2336 Steph.
492 2273 525 2336 p.
546 2269 630 2318 att.
660 2253 714 2314 alii
738 2250 876 2316 refutato
901 2273 941 2316 eo
963 2273 1002 2314 ex
1024 2252 1128 2318 forme

96 2355 212 2416 uhtata
237 2368 270 2417 et
289 2355 401 2450 natiya
424 2355 533 2417 ionica
552 2353 665 2416 melius
686 2353 896 2436 Bargylietae.
931 2351 981 2418 CF.
1003 2355 1127 2422 Duker.

97 2458 136 2518 atl
156 2457 230 2518 Liv.
251 2476 279 2520 c.
295 2456 316 2516 l.
352 2441 456 2517 Gavel
480 2457 515 2516 in
540 2453 711 2518 observatt.
734 2454 864 2518 miscell.
885 2475 962 2519 nor.
979 2457 1075 2522 Tom.
1092 2471 1129 2539 4.

96 2579 127 2642 p.
136 2559 226 2638 446.
251 2569 284 2619 et
300 2575 380 2640 quae
395 2556 435 2618 de
450 2556 579 2620 diversae
593 2553 704 2619 lormie
720 2557 848 2620 notavit
858 2557 999 2620 Holiien.
1010 2559 1049 2620 ad
1062 2561 1131 2623 Ste-

97 2659 198 2742 phan.
219 2678 251 2741 p.
266 2656 325 2738 63.
358 2660 408 2719 De
422 2657 489 2719 stau
506 2671 600 2720 antea
616 2657 736 2718 dictum
754 2656 807 2720 est.
848 2658 930 2720 Urbe
946 2657 1020 2741 ipsa,
1043 2663 1131 2742 quod

99 2761 198 2824 Caree
217 2759 358 2829 tradunt.
384 2757 425 2819 ab
440 2758 560 2820 Achille
578 2759 718 2830 condita,
741 2769 869 2820 auctore
885 2759 1132 2844 Bellerophonte

99 2881 223 2925 nomeu
249 2860 370 2942 accepit
395 2877 414 2920 a
437 2857 594 2945 llargyh,
632 2859 687 2940 qui
710 2880 727 2919 a
748 2857 870 2942 Pegaso
894 2859 975 2922 ictus
1000 2865 1130 2926 interiit.

99 2962 302 3046 (Stephanae
316 2961 351 3024 lt.
363 2981 397 3024 v.
423 2962 478 3042 qui
494 2975 527 3024 et
541 2959 711 3024 Antiatium
728 2960 847 3021 dictam
865 2957 963 3030 addit.
990 2965 1044 3024 eth
1060 2963 1140 3036 Ber·¹

98 3063 206 3128 keliua
237 3063 278 3126 ad
307 3061 477 3148 posteriora
503 3076 649 3146 tempora
678 3057 805 3140 refert.)
842 3059 950 3124 Hodie
975 3061 1009 3124 ia
1034 3065 1134 3126 ruiuie

100 3168 194 3232 iacet.
