2852 4946
349 383 412 452 it·
620 375 782 437 noran
821 377 1123 436 nxacnrrcaa

349 548 543 612 Pooernraa
573 549 650 612 dant
682 549 907 632 Pamphyliae,
949 553 1040 614 cuine
1064 551 1158 614 etiam
1184 535 1361 637 μητρὸπολιν

349 648 424 712 facit
447 651 552 714 Schol.
576 651 765 715 Callimachi
785 654 820 712 in
842 655 936 715 Dian.
956 673 989 714 v.
1011 665 1092 730 187.
1117 655 1203 735 quod
1222 650 1361 713 aelliman·

350 753 430 814 dum
445 753 489 815 eil
503 773 542 816 ex
556 753 712 816 divifione
734 753 895 835 polleriori
910 753 1116 837 Pamphyliae
1129 758 1162 816 in
1179 756 1252 815 duaa
1265 763 1360 833 parter.

348 855 384 916 in
410 874 542 936 quarum
570 875 633 916 una
659 855 777 936 Perga,
811 857 845 916 in
871 855 967 916 altera
1003 855 1083 916 Sida
1114 853 1292 938 metropolis
1312 849 1361 912 elle

349 957 474 1040 coepit.
508 968 545 1016 ut
565 957 683 1018 docent
701 971 767 1018 acta
790 957 1012 1019 conciliorum.
1053 956 1126 1020 Vid.
1143 955 1311 1038 Welleling.
1325 951 1362 1012 ad

349 1058 492 1121 Hierocl.
510 1077 541 1139 p.
559 1059 644 1140 679.
695 1059 744 1118 De
760 1061 882 1128 numia.
907 1057 994 1140 quod
1010 1059 1156 1121 voluerat
1173 1053 1380 1140 Spanhemiot.

349 1159 390 1224 de
406 1157 464 1218 ulu
482 1191 532 1205 -
553 1179 643 1220 num.
659 1160 756 1222 Tom.
773 1178 803 1222 1.
819 1159 887 1223 diff.
903 1178 937 1240 9.
958 1181 990 1242 p.
1009 1173 1096 1239 591.
1122 1159 1254 1222 dubium
1273 1155 1364 1218 reddit

348 1259 483 1323 Eckhel.
505 1262 540 1320 in
556 1261 698 1322 doctrina
723 1281 813 1323 num.
830 1262 866 1323 P.
889 1275 921 1341 5.
945 1261 1016 1324 v01.
1040 1283 1070 1326 r.
1091 1283 1124 1344 p.
1144 1272 1198 1341 14.
1213 1274 1244 1324 et
1264 1257 1363 1340 Ilapyu

347 1380 406 1445 pro
424 1361 535 1447 Harpa
549 1361 679 1424 Arabiae
694 1363 774 1424 male
789 1361 882 1424 abeo
897 1363 1018 1426 lectum
1034 1362 1125 1426 iuiffe
1140 1359 1251 1424 censet.
1275 1359 1364 1437 Prope

347 1462 530 1543 Corycum,
561 1465 724 1547 nunquam
748 1463 952 1547 Pamphyliae
971 1465 1085 1527 urbem
1105 1484 1123 1526 a
1144 1461 1277 1528 Servilio
1296 1455 1365 1520 liau-

346 1565 413 1627 rico
434 1564 591 1636 dirutam.
622 1585 696 1627 cum
719 1565 874 1645 Dionysio
894 1563 949 1628 suo
966 1586 998 1628 v.
1018 1578 1102 1643 855.
1124 1567 1218 1648 ponit
1239 1562 1365 1626 Avienot

346 1685 382 1729 v.
409 1685 515 1745 1017.
566 1666 675 1728 incola
691 1667 851 1746 Pergaeus
868 1667 902 1726 in
926 1679 1055 1748 utraque
1078 1667 1199 1752 lingua.
1249 1659 1365 1726 Hodier-

345 1787 427 1836 num
444 1787 574 1838 nomen,
601 1769 619 1830 [ι
643 1769 775 1850 quidem
797 1767 886 1830 loona
902 1767 1073 1839 habitatur,
1098 1771 1273 1838 incertum
1301 1779 1364 1823 nam

315 1923 318 1929 .
346 1871 444 1950 Plrgr'
463 1867 483 1930 l.
500 1870 598 1952 Pirge
614 1869 740 1943 inveni,
761 1883 796 1932 et
812 1869 906 1930 Korn
933 1861 1043 1958 differ.
1067 1871 1156 1951 quod
1172 1867 1314 1952 pollerioa
1330 1875 1365 1922 ta·

345 1972 620 2034 menPtolemaei
642 1981 676 2050 5,
703 1985 736 2034 a.
763 1968 978 2051 Prymnefiam
1003 1969 1080 2042 elle,
1114 1991 1155 2032 ex
1180 1965 1365 2050 inleriptione

344 2074 464 2135 iudicat
478 2073 629 2135 Pococlre
644 2075 685 2138 Τ.
702 2086 735 2152 5.
751 2092 784 2157 p.
797 2091 842 2135 m.
862 2087 945 2139 tao.
982 2073 1070 2134 Tum
1085 2091 1165 2138 vero
1182 2069 1287 2156 promi
1302 2067 1365 2128 hinc

344 2173 436 2238 distat
459 2175 493 2235 in
518 2170 667 2260 Phrygia.

419 2374 591 2438 Dianae
611 2403 661 2422 -
683 2373 910 2458 templum)
968 2373 1045 2438 Non
1066 2375 1100 2436 in
1121 2373 1186 2457 ipla
1208 2374 1268 2438 luit
1288 2369 1363 2440 orbe,

343 2474 395 2538 led
418 2477 451 2537 in
469 2477 601 2548 vicinia,
627 2478 716 2558 quod
731 2479 858 2559 adparet
880 2497 919 2539 ex
934 2477 1089 2541 Strabone
1105 2497 1131 2538 c.
1148 2477 1172 2540 l.
1225 2479 1271 2540 lta
1290 2473 1364 2536 enim

341 2578 396 2639 ille
416 2572 570 2663 πλησίον,
604 2579 726 2660 inquit.
757 2571 806 2641 ἐπὶ
834 2571 1000 2668 μετεώρου
1027 2572 1132 2641 τόπου
1154 2574 1199 2640 cd
1221 2579 1277 2652 τῆς
1298 2574 1365 2660 llrp·

342 2675 442 2764 γαίας
467 2674 649 2767 ’Δρτὲμιδος
677 2674 779 2766 ἱερὸν,
811 2673 842 2743 ἐν
863 2663 892 2762 ᾦ
913 2675 1091 2764 πανήγυρις
1117 2677 1194 2742 κατ’
1220 2673 1289 2747 ἔτος
1308 2695 1365 2738 συν·

341 2775 498 2844 τελεῖται.
550 2781 612 2842 Sed
634 2782 719 2862 quod
742 2783 794 2850 lit.
822 2800 862 2843 ex
876 2783 993 2844 vicinia
1010 2781 1096 2842 urbia
1111 2781 1169 2864 ipll
1183 2781 1254 2842 urbi
1271 2775 1365 2840 tribui·

342 2893 404 2954 tur,
427 2881 513 2942 uude
528 2896 560 2942 et
575 2885 695 2945 nouren'
710 2882 869 2946 additum.
906 2883 1012 2965 Quare
1031 2883 1221 2945 callimach.
1237 2885 1269 2942 in
1284 2881 1364 2942 Dian.

341 3003 375 3046 v.
401 2995 480 3062 187.
501 2979 622 3048 πολίων
645 2979 678 3046 δέ
699 3005 750 3047 τοι
778 2974 875 3046 εὔαδε
898 2980 1025 3070 Πέργῃ,
1056 2995 1089 3045 et
1112 2983 1252 3066 Pergaea
1278 2982 1365 3042 Diana

341 3087 482 3146 maxime
498 3087 530 3144 in
548 3085 670 3156 numia,
696 3084 885 3155 celebratur,
908 3103 1047 3166 qnorum
1063 3085 1158 3144 etiam
1176 3085 1272 3166 aliqui
1284 3083 1366 3162 adpo·

342 3185 435 3250 litum
453 3187 609 3270 templum
628 3185 801 3257 ostentant,
835 3187 927 3248 cuiue
950 3183 1143 3247 sanctitatem
1167 3205 1232 3248 vox
1255 3177 1366 3247 οσυλου

342 3287 487 3350 declarat.
547 3289 646 3350 ilecto
673 3287 771 3371 igitur
795 3287 908 3350 Cicero
932 3287 966 3346 in
995 3287 1116 3348 Verrio.
1139 3305 1169 3356 ι,
1193 3303 1252 3350 no.
1270 3287 1313 3345 iu.
1339 3291 1367 3340 et

340 3384 594 3471 antiqulss'tmrrm
619 3402 652 3450 et
680 3385 903 3450 lanctill'rnrum
930 3387 1019 3450 dicit.
1072 3387 1186 3449 ilarius
1210 3377 1367 3468 Pergeufir

340 3491 460 3554 Diana
484 3491 639 3558 occurrit,
664 3489 751 3568 quod
772 3509 811 3550 ex
828 3484 937 3550 numia
959 3487 1083 3550 Nervae
1097 3499 1130 3548 et
1144 3487 1274 3549 Traiani
1295 3482 1367 3547 exci·

341 3607 436 3656 tatur.
472 3591 542 3652 Vid.
566 3587 685 3651 llalche
708 3609 779 3674 pag.
796 3603 880 3668 837.
896 3609 924 3653 c.
941 3589 962 3650 l.
987 3602 1020 3650 et
1037 3587 1159 3650 Eclthel
1181 3609 1214 3670 p.
1235 3603 1290 3666 15.
1305 3605 1330 3648 c.
1346 3583 1365 3642 l.

341 3695 390 3759 An
412 3691 523 3756 eadem
546 3693 643 3752 etiam
662 3681 838 3780 Pagasaea
857 3691 1008 3773 adpellata
1028 3687 1140 3760 luerit,
1168 3693 1209 3752 de
1229 3709 1270 3753 eo
1285 3703 1366 3770 quae·

342 3795 434 3856 satum
453 3793 496 3858 eli
511 3793 546 3852 in
561 3794 647 3856 uotie
665 3791 780 3854 criticia
797 3813 830 3874 p.
845 3790 916 3874 461
936 3789 979 3874 sq.
1400 3775 1401 3786 ¹

419 3997 443 4060 8
450 3993 604 4058 cademi
602 3983 635 4085 s
633 4013 675 4055 os
684 3991 704 4074 )
759 3965 1040 4057 Commemoratur
1059 3995 1156 4057 etiam
1179 4014 1196 4056 a
1216 3992 1321 4056 Plinio
1337 3997 1365 4065 5.

343 4095 439 4167 aas.
457 4111 515 4173 27.
540 4115 582 4158 an
605 4095 644 4158 ab
667 4095 730 4159 alio
748 4110 923 4179 praeterea,
947 4097 1074 4184 ignoro.
1125 4095 1224 4184 Quod
1246 4095 1366 4179 quidam
