<?xml version="1.0" encoding="UTF-8"?>
<!DOCTYPE html PUBLIC "-//W3C//DTD XHTML 1.0 Transitional//EN"
    "http://www.w3.org/TR/xhtml1/DTD/xhtml1-transitional.dtd">
<html xmlns="http://www.w3.org/1999/xhtml" xml:lang="en" lang="en">
 <head>
  <title>
</title>
<meta http-equiv="Content-Type" content="text/html;charset=utf-8" />
  <meta name='ocr-system' content='tesseract 3.04.00' />
  <meta name='ocr-capabilities' content='ocr_page ocr_carea ocr_par ocr_line ocrx_word'/>
</head>
<body>
  <div class='ocr_page' id='page_1' title='image "./pomponiimelaede06melagoog_0249.png"; bbox 0 0 2764 4958; ppageno 0'>
   <div class='ocr_carea' id='block_1_1' title="bbox 108 427 1020 502">
    <p class='ocr_par' dir='ltr' id='par_1_1' title="bbox 108 427 1020 502">
     <span class='ocr_line' id='line_1_1' title="bbox 108 427 1020 502; baseline -0.008 -8"><span class='ocrx_word' id='word_1_1' title='bbox 108 437 316 498; x_wconf 76' lang='lat' dir='ltr'><strong>runour.</strong></span> <span class='ocrx_word' id='word_1_2' title='bbox 348 435 456 494; x_wconf 80' lang='lat' dir='ltr'><strong>runt.</strong></span> <span class='ocrx_word' id='word_1_3' title='bbox 496 433 578 490; x_wconf 69' lang='lat' dir='ltr'><strong>ur.</strong></span> <span class='ocrx_word' id='word_1_4' title='bbox 622 429 755 492; x_wconf 83' lang='lat' dir='ltr'><strong>cvm.</strong></span> <span class='ocrx_word' id='word_1_5' title='bbox 797 427 823 499; x_wconf 75' lang='lat' dir='ltr'><strong>t.</strong></span> <span class='ocrx_word' id='word_1_6' title='bbox 850 443 898 482; x_wconf 72' lang='grc' dir='ltr'><strong>ιο.</strong></span> <span class='ocrx_word' id='word_1_7' title='bbox 960 435 1020 502; x_wconf 74' lang='lat'><strong>242</strong></span> 
     </span>
    </p>
   </div>
   <div class='ocr_carea' id='block_1_2' title="bbox 24 601 1023 790">
    <p class='ocr_par' dir='ltr' id='par_1_2' title="bbox 24 601 1023 790">
     <span class='ocr_line' id='line_1_2' title="bbox 24 601 1023 694; baseline -0.006 -24"><span class='ocrx_word' id='word_1_8' title='bbox 24 623 102 674; x_wconf 77' lang='lat' dir='ltr'><strong>antam</strong></span> <span class='ocrx_word' id='word_1_9' title='bbox 114 613 229 694; x_wconf 74' lang='lat' dir='ltr'><strong>primun</strong></span> <span class='ocrx_word' id='word_1_10' title='bbox 249 610 375 672; x_wconf 77' lang='lat' dir='ltr'><strong>invenit</strong></span> <span class='ocrx_word' id='word_1_11' title='bbox 389 605 543 672; x_wconf 81' lang='lat' dir='ltr'><strong>concham</strong></span> <span class='ocrx_word' id='word_1_12' title='bbox 561 607 733 676; x_wconf 81' lang='lat' dir='ltr'><strong>marinam,</strong></span> <span class='ocrx_word' id='word_1_13' title='bbox 759 625 820 686; x_wconf 83' lang='lat' dir='ltr'><strong>qna</strong></span> <span class='ocrx_word' id='word_1_14' title='bbox 842 601 948 664; x_wconf 81' lang='lat' dir='ltr'><strong>inflata</strong></span> <span class='ocrx_word' id='word_1_15' title='bbox 964 617 1023 666; x_wconf 87' lang='lat' dir='ltr'><strong>ter·</strong></span> 
     </span>
     <span class='ocr_line' id='line_1_3' title="bbox 25 705 1020 790; baseline -0.006 -20"><span class='ocrx_word' id='word_1_16' title='bbox 25 731 103 772; x_wconf 81' lang='lat' dir='ltr'><strong>rorem</strong></span> <span class='ocrx_word' id='word_1_17' title='bbox 117 713 260 774; x_wconf 79' lang='lat' dir='ltr'><strong>Panicum</strong></span> <span class='ocrx_word' id='word_1_18' title='bbox 283 712 411 780; x_wconf 80' lang='lat' dir='ltr'><strong>iniecit,</strong></span> <span class='ocrx_word' id='word_1_19' title='bbox 445 709 518 772; x_wconf 80' lang='lat' dir='ltr'><strong>ideo</strong></span> <span class='ocrx_word' id='word_1_20' title='bbox 534 709 667 771; x_wconf 81' lang='lat' dir='ltr'><strong>caudam</strong></span> <span class='ocrx_word' id='word_1_21' title='bbox 683 705 775 788; x_wconf 82' lang='lat' dir='ltr'><strong>piscia</strong></span> <span class='ocrx_word' id='word_1_22' title='bbox 795 705 871 766; x_wconf 90' lang='lat' dir='ltr'><strong>huic</strong></span> <span class='ocrx_word' id='word_1_23' title='bbox 892 706 1020 790; x_wconf 73' lang='lat' dir='ltr'><strong>adiungi,</strong></span> 
     </span>
    </p>
   </div>
   <div class='ocr_carea' id='block_1_3' title="bbox 25 799 1138 898">
    <p class='ocr_par' dir='ltr' id='par_1_3' title="bbox 25 799 1138 898">
     <span class='ocr_line' id='line_1_4' title="bbox 25 799 1138 898; baseline -0.004 -27"><span class='ocrx_word' id='word_1_24' title='bbox 25 813 104 874; x_wconf 74' lang='lat' dir='ltr'><strong>Huius</strong></span> <span class='ocrx_word' id='word_1_25' title='bbox 115 817 279 898; x_wconf 81' lang='lat' dir='ltr'><strong>imaginem</strong></span> <span class='ocrx_word' id='word_1_26' title='bbox 296 813 330 874; x_wconf 85' lang='lat' dir='ltr'><strong>in</strong></span> <span class='ocrx_word' id='word_1_27' title='bbox 347 811 438 877; x_wconf 80' lang='lat' dir='ltr'><strong>coeio</strong></span> <span class='ocrx_word' id='word_1_28' title='bbox 451 811 540 872; x_wconf 77' lang='lat' dir='ltr'><strong>aiunt</strong></span> <span class='ocrx_word' id='word_1_29' title='bbox 553 807 613 872; x_wconf 82' lang='lat' dir='ltr'><strong>effe</strong></span> <span class='ocrx_word' id='word_1_30' title='bbox 627 809 870 890; x_wconf 87' lang='lat' dir='ltr'><strong>Capricornum.</strong></span> <span class='ocrx_word' id='word_1_31' title='bbox 903 806 1022 874; x_wconf 78' lang='lat' dir='ltr'><strong>Theon</strong></span> <span class='ocrx_word' id='word_1_32' title='bbox 1134 799 1138 814; x_wconf 88' lang='lat'>&#39;</span> 
     </span>
    </p>
   </div>
   <div class='ocr_carea' id='block_1_4' title="bbox 24 895 1039 2818">
    <p class='ocr_par' dir='ltr' id='par_1_4' title="bbox 24 895 1039 2818">
     <span class='ocr_line' id='line_1_5' title="bbox 24 895 1023 1002; baseline -0.006 -30"><span class='ocrx_word' id='word_1_33' title='bbox 24 914 51 972; x_wconf 81' lang='lat' dir='ltr'><strong>ad</strong></span> <span class='ocrx_word' id='word_1_34' title='bbox 62 917 173 980; x_wconf 76' lang='lat' dir='ltr'><strong>Aratum</strong></span> <span class='ocrx_word' id='word_1_35' title='bbox 195 909 249 1002; x_wconf 92' lang='lat' dir='ltr'><strong>[in</strong></span> <span class='ocrx_word' id='word_1_36' title='bbox 265 913 442 978; x_wconf 81' lang='lat' dir='ltr'><strong>Phaenom.</strong></span> <span class='ocrx_word' id='word_1_37' title='bbox 452 933 485 974; x_wconf 85' lang='lat' dir='ltr'><strong>v.</strong></span> <span class='ocrx_word' id='word_1_38' title='bbox 496 904 601 996; x_wconf 77' lang='lat'><strong>283.]</strong></span> <span class='ocrx_word' id='word_1_39' title='bbox 625 909 811 974; x_wconf 79' lang='lat' dir='ltr'><strong>Scholiaiier</strong></span> <span class='ocrx_word' id='word_1_40' title='bbox 828 895 1023 978; x_wconf 76' lang='lat' dir='ltr'><strong>Germanici,</strong></span> 
     </span>
     <span class='ocr_line' id='line_1_6' title="bbox 26 999 1022 1102; baseline -0.005 -23"><span class='ocrx_word' id='word_1_41' title='bbox 26 1009 57 1097; x_wconf 78' lang='lat' dir='ltr'><strong>[p.</strong></span> <span class='ocrx_word' id='word_1_42' title='bbox 65 1015 112 1094; x_wconf 83' lang='lat'><strong>69.</strong></span> <span class='ocrx_word' id='word_1_43' title='bbox 126 1015 175 1078; x_wconf 82' lang='lat' dir='ltr'><strong>ed.</strong></span> <span class='ocrx_word' id='word_1_44' title='bbox 187 1011 325 1102; x_wconf 70' lang='lat' dir='ltr'><strong>Ruunt]</strong></span> <span class='ocrx_word' id='word_1_45' title='bbox 361 1015 407 1076; x_wconf 89' lang='lat' dir='ltr'><strong>lta</strong></span> <span class='ocrx_word' id='word_1_46' title='bbox 423 1031 550 1095; x_wconf 80' lang='lat' dir='ltr'><strong>quoque</strong></span> <span class='ocrx_word' id='word_1_47' title='bbox 564 999 713 1096; x_wconf 78' lang='lat' dir='ltr'><strong>Hyginua</strong></span> <span class='ocrx_word' id='word_1_48' title='bbox 731 1004 787 1096; x_wconf 89' lang='lat' dir='ltr'><strong>[in</strong></span> <span class='ocrx_word' id='word_1_49' title='bbox 799 1011 889 1072; x_wconf 82' lang='lat' dir='ltr'><strong>Poet.</strong></span> <span class='ocrx_word' id='word_1_50' title='bbox 900 1009 1022 1078; x_wconf 79' lang='lat' dir='ltr'><strong>Astron.</strong></span> 
     </span>
     <span class='ocr_line' id='line_1_7' title="bbox 27 1111 1025 1206; baseline -0.008 -22"><span class='ocrx_word' id='word_1_51' title='bbox 27 1113 125 1205; x_wconf 45' lang='grc' dir='ltr'><strong>πῂ]</strong></span> <span class='ocrx_word' id='word_1_52' title='bbox 146 1130 177 1178; x_wconf 80' lang='lat' dir='ltr'><strong>ct</strong></span> <span class='ocrx_word' id='word_1_53' title='bbox 197 1117 264 1185; x_wconf 86' lang='lat' dir='ltr'><strong>alii,</strong></span> <span class='ocrx_word' id='word_1_54' title='bbox 287 1111 301 1201; x_wconf 87' lang='lat'>[</span> <span class='ocrx_word' id='word_1_55' title='bbox 310 1112 351 1177; x_wconf 85' lang='lat' dir='ltr'><strong>ci.</strong></span> <span class='ocrx_word' id='word_1_56' title='bbox 369 1113 590 1177; x_wconf 68' lang='lat' dir='ltr'><strong>Eratosthenes</strong></span> <span class='ocrx_word' id='word_1_57' title='bbox 608 1115 641 1174; x_wconf 89' lang='lat' dir='ltr'><strong>in</strong></span> <span class='ocrx_word' id='word_1_58' title='bbox 659 1113 880 1177; x_wconf 78' lang='lat' dir='ltr'><strong>Cataiierismit</strong></span> <span class='ocrx_word' id='word_1_59' title='bbox 901 1134 929 1177; x_wconf 86' lang='lat' dir='ltr'><strong>c.</strong></span> <span class='ocrx_word' id='word_1_60' title='bbox 946 1111 1025 1206; x_wconf 54' lang='grc' dir='ltr'><strong>η]</strong></span> 
     </span>
     <span class='ocr_line' id='line_1_8' title="bbox 26 1213 1024 1296; baseline 0.008 -23"><span class='ocrx_word' id='word_1_61' title='bbox 26 1214 77 1276; x_wconf 78' lang='lat' dir='ltr'><strong>licet</strong></span> <span class='ocrx_word' id='word_1_62' title='bbox 94 1219 124 1278; x_wconf 94' lang='lat' dir='ltr'><strong>in</strong></span> <span class='ocrx_word' id='word_1_63' title='bbox 147 1220 257 1280; x_wconf 72' lang='lat' dir='ltr'><strong>ceteris</strong></span> <span class='ocrx_word' id='word_1_64' title='bbox 282 1217 377 1277; x_wconf 79' lang='lat' dir='ltr'><strong>huius</strong></span> <span class='ocrx_word' id='word_1_65' title='bbox 404 1213 533 1276; x_wconf 80' lang='lat' dir='ltr'><strong>fabellae</strong></span> <span class='ocrx_word' id='word_1_66' title='bbox 558 1213 699 1296; x_wconf 75' lang='lat' dir='ltr'><strong>partibus</strong></span> <span class='ocrx_word' id='word_1_67' title='bbox 723 1233 790 1276; x_wconf 90' lang='lat' dir='ltr'><strong>non</strong></span> <span class='ocrx_word' id='word_1_68' title='bbox 814 1217 1024 1282; x_wconf 84' lang='lat' dir='ltr'><strong>conveniant.</strong></span> 
     </span>
     <span class='ocr_line' id='line_1_9' title="bbox 26 1315 1024 1382; baseline 0.007 -7"><span class='ocrx_word' id='word_1_69' title='bbox 26 1315 126 1378; x_wconf 70' lang='lat' dir='ltr'><strong>inuiam</strong></span> <span class='ocrx_word' id='word_1_70' title='bbox 150 1319 264 1380; x_wconf 71' lang='lat' dir='ltr'><strong>audac</strong></span> <span class='ocrx_word' id='word_1_71' title='bbox 292 1335 331 1378; x_wconf 82' lang='lat' dir='ltr'><strong>ex</strong></span> <span class='ocrx_word' id='word_1_72' title='bbox 356 1319 487 1382; x_wconf 78' lang='lat' dir='ltr'><strong>invento</strong></span> <span class='ocrx_word' id='word_1_73' title='bbox 514 1315 634 1378; x_wconf 79' lang='lat' dir='ltr'><strong>concha</strong></span> <span class='ocrx_word' id='word_1_74' title='bbox 661 1317 782 1376; x_wconf 82' lang='lat' dir='ltr'><strong>marina</strong></span> <span class='ocrx_word' id='word_1_75' title='bbox 805 1317 910 1378; x_wconf 80' lang='lat' dir='ltr'>reddit</span> <span class='ocrx_word' id='word_1_76' title='bbox 935 1319 1024 1382; x_wconf 79' lang='lat' dir='ltr'><strong>idom</strong></span> 
     </span>
     <span class='ocr_line' id='line_1_10' title="bbox 27 1411 1024 1504; baseline 0.005 -30"><span class='ocrx_word' id='word_1_77' title='bbox 27 1415 108 1491; x_wconf 77' lang='lat' dir='ltr'><strong>&#39;ihe03</strong></span> <span class='ocrx_word' id='word_1_78' title='bbox 127 1413 172 1503; x_wconf 87' lang='lat' dir='ltr'><strong>[c.</strong></span> <span class='ocrx_word' id='word_1_79' title='bbox 189 1411 235 1504; x_wconf 90' lang='lat' dir='ltr'><strong>l.]</strong></span> <span class='ocrx_word' id='word_1_80' title='bbox 268 1419 361 1480; x_wconf 80' lang='lat' dir='ltr'><strong>aliam</strong></span> <span class='ocrx_word' id='word_1_81' title='bbox 382 1418 487 1480; x_wconf 79' lang='lat' dir='ltr'><strong>reddit</strong></span> <span class='ocrx_word' id='word_1_82' title='bbox 508 1417 657 1500; x_wconf 74' lang='lat' dir='ltr'><strong>Hyginus</strong></span> <span class='ocrx_word' id='word_1_83' title='bbox 677 1431 710 1478; x_wconf 84' lang='lat' dir='ltr'><strong>et</strong></span> <span class='ocrx_word' id='word_1_84' title='bbox 728 1417 909 1480; x_wconf 79' lang='lat' dir='ltr'><strong>Germanici</strong></span> <span class='ocrx_word' id='word_1_85' title='bbox 927 1421 1024 1482; x_wconf 85' lang='lat' dir='ltr'><strong>Schn·</strong></span> 
     </span>
     <span class='ocr_line' id='line_1_11' title="bbox 28 1515 1025 1603; baseline 0.01 -29"><span class='ocrx_word' id='word_1_86' title='bbox 28 1515 107 1582; x_wconf 74' lang='lat' dir='ltr'><strong>liniter.</strong></span> <span class='ocrx_word' id='word_1_87' title='bbox 152 1523 352 1603; x_wconf 77' lang='lat' dir='ltr'>Aegipanum</span> <span class='ocrx_word' id='word_1_88' title='bbox 385 1539 463 1582; x_wconf 81' lang='lat' dir='ltr'><strong>vcro</strong></span> <span class='ocrx_word' id='word_1_89' title='bbox 490 1517 616 1580; x_wconf 79' lang='lat' dir='ltr'><strong>crebrae</strong></span> <span class='ocrx_word' id='word_1_90' title='bbox 645 1515 767 1602; x_wconf 80' lang='lat' dir='ltr'><strong>effigies</strong></span> <span class='ocrx_word' id='word_1_91' title='bbox 794 1533 964 1580; x_wconf 83' lang='lat' dir='ltr'><strong>occurrunt</strong></span> <span class='ocrx_word' id='word_1_92' title='bbox 989 1523 1025 1584; x_wconf 91' lang='lat' dir='ltr'><strong>in</strong></span> 
     </span>
     <span class='ocr_line' id='line_1_12' title="bbox 30 1621 1028 1706; baseline 0.012 -32"><span class='ocrx_word' id='word_1_93' title='bbox 30 1621 130 1700; x_wconf 76' lang='lat' dir='ltr'><strong>antiquis</strong></span> <span class='ocrx_word' id='word_1_94' title='bbox 151 1621 381 1705; x_wconf 79' lang='lat' dir='ltr'><strong>Aegyptiorum</strong></span> <span class='ocrx_word' id='word_1_95' title='bbox 404 1621 643 1690; x_wconf 77' lang='lat' dir='ltr'><strong>monumentis,</strong></span> <span class='ocrx_word' id='word_1_96' title='bbox 676 1639 794 1701; x_wconf 77' lang='lat' dir='ltr'><strong>nempe</strong></span> <span class='ocrx_word' id='word_1_97' title='bbox 815 1621 917 1700; x_wconf 81' lang='lat' dir='ltr'><strong>Satyri</strong></span> <span class='ocrx_word' id='word_1_98' title='bbox 937 1621 1028 1706; x_wconf 74' lang='grc' dir='ltr'><strong><em>αἰγο-</em></strong></span> 
     </span>
     <span class='ocr_line' id='line_1_13' title="bbox 31 1711 1026 1808; baseline 0.008 -31"><span class='ocrx_word' id='word_1_99' title='bbox 31 1715 157 1802; x_wconf 73' lang='lat' dir='ltr'><strong>rpr&#39;curror</strong></span> <span class='ocrx_word' id='word_1_100' title='bbox 187 1711 289 1808; x_wconf 67' lang='grc' dir='ltr'><strong>οὐράν</strong></span> <span class='ocrx_word' id='word_1_101' title='bbox 314 1711 443 1804; x_wconf 69' lang='grc' dir='ltr'>ἰχθύων</span> <span class='ocrx_word' id='word_1_102' title='bbox 471 1715 614 1806; x_wconf 75' lang='grc' dir='ltr'><strong>ἔχοντες.</strong></span> <span class='ocrx_word' id='word_1_103' title='bbox 642 1753 692 1770; x_wconf 88' lang='grc'><strong>--</strong></span> <span class='ocrx_word' id='word_1_104' title='bbox 728 1741 870 1786; x_wconf 77' lang='lat' dir='ltr'><strong>vocatus.</strong></span> <span class='ocrx_word' id='word_1_105' title='bbox 933 1725 1026 1807; x_wconf 75' lang='lat' dir='ltr'><strong>Quae</strong></span> 
     </span>
     <span class='ocr_line' id='line_1_14' title="bbox 32 1816 1027 1904; baseline 0.004 -20"><span class='ocrx_word' id='word_1_106' title='bbox 32 1821 141 1884; x_wconf 71' lang='lat' dir='ltr'><strong>viminu</strong></span> <span class='ocrx_word' id='word_1_107' title='bbox 162 1824 231 1888; x_wconf 77' lang='lat' dir='ltr'><strong>aliia</strong></span> <span class='ocrx_word' id='word_1_108' title='bbox 253 1823 375 1904; x_wconf 80' lang='lat' dir='ltr'><strong>prolixe</strong></span> <span class='ocrx_word' id='word_1_109' title='bbox 399 1823 439 1884; x_wconf 83' lang='lat' dir='ltr'><strong>‹ic</strong></span> <span class='ocrx_word' id='word_1_110' title='bbox 462 1823 598 1884; x_wconf 75' lang='lat' dir='ltr'><strong>silvanis</strong></span> <span class='ocrx_word' id='word_1_111' title='bbox 622 1822 777 1902; x_wconf 73' lang='lat' dir='ltr'><strong>disputat.</strong></span> <span class='ocrx_word' id='word_1_112' title='bbox 811 1823 873 1883; x_wconf 89' lang='lat' dir='ltr'><strong>huc</strong></span> <span class='ocrx_word' id='word_1_113' title='bbox 894 1816 1027 1888; x_wconf 80' lang='lat' dir='ltr'><strong>ferere·</strong></span> 
     </span>
     <span class='ocr_line' id='line_1_15' title="bbox 34 1919 1028 2004; baseline 0.008 -26"><span class='ocrx_word' id='word_1_114' title='bbox 34 1919 115 1983; x_wconf 83' lang='lat' dir='ltr'><strong>irunt:</strong></span> <span class='ocrx_word' id='word_1_115' title='bbox 153 1925 319 1986; x_wconf 83' lang='lat' dir='ltr'><strong>interdum</strong></span> <span class='ocrx_word' id='word_1_116' title='bbox 344 1925 441 1984; x_wconf 85' lang='lat' dir='ltr'><strong>iidem</strong></span> <span class='ocrx_word' id='word_1_117' title='bbox 464 1923 550 1994; x_wconf 84' lang='lat' dir='ltr'><strong>sunt,</strong></span> <span class='ocrx_word' id='word_1_118' title='bbox 580 1925 634 2004; x_wconf 91' lang='lat' dir='ltr'><strong>qui</strong></span> <span class='ocrx_word' id='word_1_119' title='bbox 653 1923 769 1996; x_wconf 83' lang='lat' dir='ltr'><strong>Panes,</strong></span> <span class='ocrx_word' id='word_1_120' title='bbox 802 1925 929 2004; x_wconf 79' lang='lat' dir='ltr'><strong>qnando</strong></span> <span class='ocrx_word' id='word_1_121' title='bbox 952 1946 1028 1986; x_wconf 85' lang='lat' dir='ltr'><strong>cnm</strong></span> 
     </span>
     <span class='ocr_line' id='line_1_16' title="bbox 35 2019 1032 2110; baseline 0.008 -30"><span class='ocrx_word' id='word_1_122' title='bbox 35 2019 111 2096; x_wconf 78' lang='lat' dir='ltr'><strong>fistula.</strong></span> <span class='ocrx_word' id='word_1_123' title='bbox 141 2025 265 2110; x_wconf 76' lang='lat' dir='ltr'><strong>syringa</strong></span> <span class='ocrx_word' id='word_1_124' title='bbox 286 2039 319 2084; x_wconf 84' lang='lat' dir='ltr'><strong>et</strong></span> <span class='ocrx_word' id='word_1_125' title='bbox 338 2044 452 2086; x_wconf 84' lang='lat' dir='ltr'><strong>corona</strong></span> <span class='ocrx_word' id='word_1_126' title='bbox 473 2027 566 2107; x_wconf 81' lang='lat' dir='ltr'><strong>pinea</strong></span> <span class='ocrx_word' id='word_1_127' title='bbox 586 2027 747 2108; x_wconf 78' lang='lat' dir='ltr'><strong>adparent.</strong></span> <span class='ocrx_word' id='word_1_128' title='bbox 799 2025 840 2086; x_wconf 77' lang='lat' dir='ltr'><strong>At</strong></span> <span class='ocrx_word' id='word_1_129' title='bbox 862 2045 935 2086; x_wconf 91' lang='lat' dir='ltr'><strong>cum</strong></span> <span class='ocrx_word' id='word_1_130' title='bbox 959 2025 1032 2088; x_wconf 88' lang='lat' dir='ltr'><strong>iunt</strong></span> 
     </span>
     <span class='ocr_line' id='line_1_17' title="bbox 37 2121 1031 2206; baseline 0.006 -22"><span class='ocrx_word' id='word_1_131' title='bbox 37 2121 194 2206; x_wconf 68' lang='grc' dir='ltr'><strong><em>αἱγοσκελεῖς</em></strong></span> <span class='ocrx_word' id='word_1_132' title='bbox 220 2127 361 2196; x_wconf 81' lang='lat' dir='ltr'><strong>Silvani,</strong></span> <span class='ocrx_word' id='word_1_133' title='bbox 394 2127 443 2186; x_wconf 87' lang='lat' dir='ltr'><strong>uti</strong></span> <span class='ocrx_word' id='word_1_134' title='bbox 465 2128 498 2187; x_wconf 92' lang='lat' dir='ltr'><strong>in</strong></span> <span class='ocrx_word' id='word_1_135' title='bbox 520 2125 629 2188; x_wconf 81' lang='lat' dir='ltr'><strong>multia</strong></span> <span class='ocrx_word' id='word_1_136' title='bbox 654 2126 792 2206; x_wconf 80' lang='lat' dir='ltr'><strong>antiquio</strong></span> <span class='ocrx_word' id='word_1_137' title='bbox 817 2127 1031 2190; x_wconf 71' lang='lat' dir='ltr'><strong>marmoribus</strong></span> 
     </span>
     <span class='ocr_line' id='line_1_18' title="bbox 37 2223 1032 2298; baseline 0.006 -14"><span class='ocrx_word' id='word_1_138' title='bbox 37 2223 179 2298; x_wconf 80' lang='lat' dir='ltr'><strong>tidrreest.</strong></span> <span class='ocrx_word' id='word_1_139' title='bbox 212 2229 280 2288; x_wconf 88' lang='lat' dir='ltr'><strong>iam</strong></span> <span class='ocrx_word' id='word_1_140' title='bbox 304 2247 371 2290; x_wconf 88' lang='lat' dir='ltr'><strong>oon</strong></span> <span class='ocrx_word' id='word_1_141' title='bbox 392 2225 546 2298; x_wconf 76' lang='lat' dir='ltr'><strong>Panibus,</strong></span> <span class='ocrx_word' id='word_1_142' title='bbox 578 2225 629 2289; x_wconf 80' lang='lat' dir='ltr'><strong>ieri</strong></span> <span class='ocrx_word' id='word_1_143' title='bbox 651 2227 766 2290; x_wconf 76' lang='lat' dir='ltr'><strong>sileni·</strong></span> <span class='ocrx_word' id='word_1_144' title='bbox 790 2225 860 2286; x_wconf 81' lang='lat' dir='ltr'><strong>[unt</strong></span> <span class='ocrx_word' id='word_1_145' title='bbox 879 2229 1032 2290; x_wconf 77' lang='lat' dir='ltr'><strong>adnume-</strong></span> 
     </span>
     <span class='ocr_line' id='line_1_19' title="bbox 38 2325 1036 2412; baseline 0.011 -33"><span class='ocrx_word' id='word_1_146' title='bbox 38 2327 105 2390; x_wconf 83' lang='lat' dir='ltr'><strong>nndi</strong></span> <span class='ocrx_word' id='word_1_147' title='bbox 137 2331 270 2412; x_wconf 76' lang='lat' dir='ltr'><strong>Reliqua</strong></span> <span class='ocrx_word' id='word_1_148' title='bbox 285 2328 362 2390; x_wconf 89' lang='lat' dir='ltr'><strong>hinc</strong></span> <span class='ocrx_word' id='word_1_149' title='bbox 377 2328 489 2391; x_wconf 80' lang='lat' dir='ltr'><strong>aliana.</strong></span> <span class='ocrx_word' id='word_1_150' title='bbox 523 2325 575 2392; x_wconf 84' lang='lat' dir='ltr'><strong>cf.</strong></span> <span class='ocrx_word' id='word_1_151' title='bbox 591 2327 747 2392; x_wconf 82' lang='lat' dir='ltr'><strong>Geinema</strong></span> <span class='ocrx_word' id='word_1_152' title='bbox 759 2328 791 2388; x_wconf 93' lang='lat' dir='ltr'><strong>in</strong></span> <span class='ocrx_word' id='word_1_153' title='bbox 805 2343 979 2394; x_wconf 83' lang='lat' dir='ltr'><strong>comment.</strong></span> <span class='ocrx_word' id='word_1_154' title='bbox 1001 2351 1036 2396; x_wconf 87' lang='lat' dir='ltr'><strong>r.</strong></span> 
     </span>
     <span class='ocr_line' id='line_1_20' title="bbox 42 2421 1032 2514; baseline 0.011 -30"><span class='ocrx_word' id='word_1_155' title='bbox 42 2421 65 2483; x_wconf 81' lang='lat' dir='ltr'><strong>ie</strong></span> <span class='ocrx_word' id='word_1_156' title='bbox 80 2428 171 2492; x_wconf 80' lang='lat' dir='ltr'><strong>Sileno</strong></span> <span class='ocrx_word' id='word_1_157' title='bbox 194 2431 267 2492; x_wconf 89' lang='lat' dir='ltr'><strong>Vol.</strong></span> <span class='ocrx_word' id='word_1_158' title='bbox 290 2441 325 2510; x_wconf 98' lang='lat'><strong>4.</strong></span> <span class='ocrx_word' id='word_1_159' title='bbox 354 2443 531 2494; x_wconf 84' lang='lat' dir='ltr'><strong>comment.</strong></span> <span class='ocrx_word' id='word_1_160' title='bbox 556 2429 721 2514; x_wconf 82' lang='lat' dir='ltr'><strong>Goctting.</strong></span> <span class='ocrx_word' id='word_1_161' title='bbox 745 2449 777 2510; x_wconf 91' lang='lat' dir='ltr'><strong>p.</strong></span> <span class='ocrx_word' id='word_1_162' title='bbox 804 2445 861 2492; x_wconf 79' lang='lat' dir='ltr'><strong>ao.</strong></span> <span class='ocrx_word' id='word_1_163' title='bbox 896 2443 1032 2514; x_wconf 80' lang='lat' dir='ltr'><strong>atquae</strong></span> 
     </span>
     <span class='ocr_line' id='line_1_21' title="bbox 42 2517 1034 2614; baseline 0.01 -28"><span class='ocrx_word' id='word_1_164' title='bbox 42 2517 103 2588; x_wconf 75' lang='lat' dir='ltr'><strong>inber</strong></span> <span class='ocrx_word' id='word_1_165' title='bbox 122 2531 246 2594; x_wconf 88' lang='lat' dir='ltr'><strong>Lucian.</strong></span> <span class='ocrx_word' id='word_1_166' title='bbox 272 2529 307 2590; x_wconf 92' lang='lat' dir='ltr'><strong>in</strong></span> <span class='ocrx_word' id='word_1_167' title='bbox 336 2532 430 2592; x_wconf 84' lang='lat' dir='ltr'><strong>Dcor.</strong></span> <span class='ocrx_word' id='word_1_168' title='bbox 453 2531 590 2592; x_wconf 88' lang='lat' dir='ltr'><strong>concilio</strong></span> <span class='ocrx_word' id='word_1_169' title='bbox 619 2551 687 2614; x_wconf 85' lang='lat' dir='ltr'><strong>cap.</strong></span> <span class='ocrx_word' id='word_1_170' title='bbox 711 2540 746 2610; x_wconf 87' lang='lat'><strong>4.</strong></span> <span class='ocrx_word' id='word_1_171' title='bbox 781 2531 821 2592; x_wconf 81' lang='lat' dir='ltr'><strong>rie</strong></span> <span class='ocrx_word' id='word_1_172' title='bbox 850 2531 1034 2596; x_wconf 84' lang='lat' dir='ltr'><strong>discrimino</strong></span> 
     </span>
     <span class='ocr_line' id='line_1_22' title="bbox 44 2619 1037 2712; baseline 0.017 -33"><span class='ocrx_word' id='word_1_173' title='bbox 44 2619 111 2700; x_wconf 79' lang='lat' dir='ltr'><strong>Panis,</strong></span> <span class='ocrx_word' id='word_1_174' title='bbox 137 2633 232 2694; x_wconf 85' lang='lat' dir='ltr'><strong>Sileni</strong></span> <span class='ocrx_word' id='word_1_175' title='bbox 248 2644 284 2694; x_wconf 81' lang='lat' dir='ltr'><strong>et</strong></span> <span class='ocrx_word' id='word_1_176' title='bbox 298 2633 495 2711; x_wconf 79' lang='lat' dir='ltr'><strong>Satyrorum.</strong></span> <span class='ocrx_word' id='word_1_177' title='bbox 528 2645 561 2694; x_wconf 80' lang='lat' dir='ltr'><strong>ot</strong></span> <span class='ocrx_word' id='word_1_178' title='bbox 580 2652 659 2712; x_wconf 82' lang='lat' dir='ltr'><strong>quae</strong></span> <span class='ocrx_word' id='word_1_179' title='bbox 680 2631 807 2692; x_wconf 88' lang='lat' dir='ltr'><strong>monuit</strong></span> <span class='ocrx_word' id='word_1_180' title='bbox 827 2633 973 2695; x_wconf 83' lang='lat' dir='ltr'><strong>I&#39;erizon.</strong></span> <span class='ocrx_word' id='word_1_181' title='bbox 995 2635 1037 2696; x_wconf 80' lang='lat' dir='ltr'><strong>ati</strong></span> 
     </span>
     <span class='ocr_line' id='line_1_23' title="bbox 45 2725 1039 2818; baseline 0.015 -37"><span class='ocrx_word' id='word_1_182' title='bbox 45 2725 127 2792; x_wconf 84' lang='lat' dir='ltr'><strong>iriian.</strong></span> <span class='ocrx_word' id='word_1_183' title='bbox 141 2735 175 2797; x_wconf 90' lang='lat' dir='ltr'><strong>V.</strong></span> <span class='ocrx_word' id='word_1_184' title='bbox 193 2735 236 2797; x_wconf 92' lang='lat' dir='ltr'><strong>H.</strong></span> <span class='ocrx_word' id='word_1_185' title='bbox 255 2747 289 2811; x_wconf 76' lang='lat'><strong>5,</strong></span> <span class='ocrx_word' id='word_1_186' title='bbox 311 2745 365 2810; x_wconf 72' lang='grc' dir='ltr'><strong>ιθ.</strong></span> <span class='ocrx_word' id='word_1_187' title='bbox 389 2751 462 2792; x_wconf 92' lang='lat' dir='ltr'><strong>cnm</strong></span> <span class='ocrx_word' id='word_1_188' title='bbox 472 2731 657 2798; x_wconf 84' lang='lat' dir='ltr'><strong>Caiaubonn</strong></span> <span class='ocrx_word' id='word_1_189' title='bbox 673 2733 861 2812; x_wconf 78' lang='lat' dir='ltr'><strong>deSatyrica</strong></span> <span class='ocrx_word' id='word_1_190' title='bbox 878 2734 933 2797; x_wconf 88' lang='lat' dir='ltr'><strong>Gr.</strong></span> <span class='ocrx_word' id='word_1_191' title='bbox 949 2735 1039 2818; x_wconf 85' lang='lat' dir='ltr'><strong>poei&#39;t</strong></span> 
     </span>
    </p>
   </div>
   <div class='ocr_carea' id='block_1_5' title="bbox 46 2833 1148 2920">
    <p class='ocr_par' dir='ltr' id='par_1_5' title="bbox 46 2833 1148 2920">
     <span class='ocr_line' id='line_1_24' title="bbox 46 2833 1148 2920; baseline 0.011 -33"><span class='ocrx_word' id='word_1_192' title='bbox 46 2837 294 2910; x_wconf 74' lang='lat' dir='ltr'><strong>p-n.5u.et60.</strong></span> <span class='ocrx_word' id='word_1_193' title='bbox 328 2835 472 2912; x_wconf 81' lang='lat' dir='ltr'><strong>Aegipan</strong></span> <span class='ocrx_word' id='word_1_194' title='bbox 488 2835 521 2895; x_wconf 91' lang='lat' dir='ltr'><strong>in</strong></span> <span class='ocrx_word' id='word_1_195' title='bbox 538 2833 607 2896; x_wconf 85' lang='lat' dir='ltr'><strong>casu</strong></span> <span class='ocrx_word' id='word_1_196' title='bbox 620 2848 708 2896; x_wconf 82' lang='lat' dir='ltr'><strong>racto</strong></span> <span class='ocrx_word' id='word_1_197' title='bbox 723 2833 839 2918; x_wconf 84' lang='lat' dir='ltr'><strong>legitur</strong></span> <span class='ocrx_word' id='word_1_198' title='bbox 853 2838 888 2895; x_wconf 91' lang='lat' dir='ltr'><strong>in</strong></span> <span class='ocrx_word' id='word_1_199' title='bbox 905 2837 1038 2920; x_wconf 84' lang='lat' dir='ltr'><strong>Hygino</strong></span> <span class='ocrx_word' id='word_1_200' title='bbox 1141 2869 1148 2876; x_wconf 90' lang='lat'><strong>·</strong></span> 
     </span>
    </p>
   </div>
   <div class='ocr_carea' id='block_1_6' title="bbox 34 2921 1046 3627">
    <p class='ocr_par' dir='ltr' id='par_1_6' title="bbox 34 2921 1046 3627">
     <span class='ocr_line' id='line_1_25' title="bbox 48 2921 1039 3018; baseline 0.006 -26"><span class='ocrx_word' id='word_1_201' title='bbox 48 2921 201 3012; x_wconf 65' lang='lat' dir='ltr'><strong>fab.155.i.</strong></span> <span class='ocrx_word' id='word_1_202' title='bbox 240 2934 418 2996; x_wconf 70' lang='lat' dir='ltr'><strong>Martianus</strong></span> <span class='ocrx_word' id='word_1_203' title='bbox 435 2933 513 3017; x_wconf 86' lang='lat' dir='ltr'><strong>Cap.</strong></span> <span class='ocrx_word' id='word_1_204' title='bbox 530 2937 564 3000; x_wconf 85' lang='lat'><strong>6.</strong></span> <span class='ocrx_word' id='word_1_205' title='bbox 586 2955 618 3018; x_wconf 91' lang='lat' dir='ltr'><strong>p.</strong></span> <span class='ocrx_word' id='word_1_206' title='bbox 638 2947 718 3013; x_wconf 81' lang='lat'><strong>215.</strong></span> <span class='ocrx_word' id='word_1_207' title='bbox 741 2937 929 3016; x_wconf 72' lang='lat' dir='ltr'><strong>Aegipanas</strong></span> <span class='ocrx_word' id='word_1_208' title='bbox 949 2937 1039 2999; x_wconf 82' lang='lat' dir='ltr'><strong>vide·</strong></span> 
     </span>
     <span class='ocr_line' id='line_1_26' title="bbox 50 3035 1039 3119; baseline 0 -23"><span class='ocrx_word' id='word_1_209' title='bbox 50 3039 80 3086; x_wconf 72' lang='lat'><strong>1⁰¹</strong></span> <span class='ocrx_word' id='word_1_210' title='bbox 90 3037 218 3114; x_wconf 73' lang='lat' dir='ltr'><strong>probate,</strong></span> <span class='ocrx_word' id='word_1_211' title='bbox 249 3037 322 3118; x_wconf 79' lang='lat' dir='ltr'><strong>quia</strong></span> <span class='ocrx_word' id='word_1_212' title='bbox 338 3035 415 3096; x_wconf 84' lang='lat' dir='ltr'><strong>dicit</strong></span> <span class='ocrx_word' id='word_1_213' title='bbox 431 3039 605 3116; x_wconf 81' lang='lat' dir='ltr'><strong>Argipnnr&#39;s</strong></span> <span class='ocrx_word' id='word_1_214' title='bbox 619 3037 652 3097; x_wconf 90' lang='lat' dir='ltr'><strong>in</strong></span> <span class='ocrx_word' id='word_1_215' title='bbox 671 3037 811 3098; x_wconf 82' lang='lat' dir='ltr'><strong>ablativo</strong></span> <span class='ocrx_word' id='word_1_216' title='bbox 833 3037 957 3119; x_wconf 83' lang='lat' dir='ltr'><strong>plurali,</strong></span> <span class='ocrx_word' id='word_1_217' title='bbox 982 3037 1039 3100; x_wconf 76' lang='lat' dir='ltr'><strong>eti&#39;r</strong></span> 
     </span>
     <span class='ocr_line' id='line_1_27' title="bbox 51 3127 1042 3222; baseline 0.015 -38"><span class='ocrx_word' id='word_1_218' title='bbox 51 3127 96 3190; x_wconf 79' lang='lat' dir='ltr'><strong>aiibi</strong></span> <span class='ocrx_word' id='word_1_219' title='bbox 113 3138 240 3220; x_wconf 77' lang='lat' dir='ltr'><strong>agnoscit</strong></span> <span class='ocrx_word' id='word_1_220' title='bbox 259 3139 357 3199; x_wconf 82' lang='lat' dir='ltr'><strong>etiam</strong></span> <span class='ocrx_word' id='word_1_221' title='bbox 377 3139 567 3218; x_wconf 77' lang='lat' dir='ltr'><strong>Aegipanes.</strong></span> <span class='ocrx_word' id='word_1_222' title='bbox 616 3135 756 3222; x_wconf 78' lang='grc' dir='ltr'><strong><em>Αἰγίπαν</em></strong></span> <span class='ocrx_word' id='word_1_223' title='bbox 777 3139 811 3196; x_wconf 89' lang='lat' dir='ltr'><strong>in</strong></span> <span class='ocrx_word' id='word_1_224' title='bbox 832 3139 908 3200; x_wconf 84' lang='lat' dir='ltr'><strong>Lex.</strong></span> <span class='ocrx_word' id='word_1_225' title='bbox 927 3137 1042 3217; x_wconf 82' lang='lat' dir='ltr'><strong>Cyrilii</strong></span> 
     </span>
     <span class='ocr_line' id='line_1_28' title="bbox 53 3231 1041 3330; baseline 0.011 -38"><span class='ocrx_word' id='word_1_226' title='bbox 53 3231 151 3298; x_wconf 76' lang='lat' dir='ltr'><strong>redditur</strong></span> <span class='ocrx_word' id='word_1_227' title='bbox 163 3233 355 3330; x_wconf 77' lang='lat' dir='ltr'><strong>semicaper,</strong></span> <span class='ocrx_word' id='word_1_228' title='bbox 389 3239 428 3300; x_wconf 85' lang='lat' dir='ltr'><strong>do</strong></span> <span class='ocrx_word' id='word_1_229' title='bbox 448 3257 511 3322; x_wconf 92' lang='lat' dir='ltr'><strong>quo</strong></span> <span class='ocrx_word' id='word_1_230' title='bbox 530 3235 570 3303; x_wconf 83' lang='lat' dir='ltr'><strong>ci.</strong></span> <span class='ocrx_word' id='word_1_231' title='bbox 587 3251 620 3300; x_wconf 80' lang='lat' dir='ltr'><strong>et</strong></span> <span class='ocrx_word' id='word_1_232' title='bbox 640 3235 840 3300; x_wconf 80' lang='lat' dir='ltr'><strong>Munckorua</strong></span> <span class='ocrx_word' id='word_1_233' title='bbox 858 3241 896 3300; x_wconf 89' lang='lat' dir='ltr'><strong>ad</strong></span> <span class='ocrx_word' id='word_1_234' title='bbox 917 3239 1041 3324; x_wconf 84' lang='lat' dir='ltr'><strong>Hygin.</strong></span> 
     </span>
     <span class='ocr_line' id='line_1_29' title="bbox 55 3332 1044 3423; baseline -0.001 -21"><span class='ocrx_word' id='word_1_235' title='bbox 55 3332 101 3394; x_wconf 80' lang='lat' dir='ltr'><strong>tl.</strong></span> <span class='ocrx_word' id='word_1_236' title='bbox 133 3340 356 3423; x_wconf 82' lang='lat' dir='ltr'><strong>Capricornum</strong></span> <span class='ocrx_word' id='word_1_237' title='bbox 379 3340 413 3400; x_wconf 93' lang='lat' dir='ltr'><strong>in</strong></span> <span class='ocrx_word' id='word_1_238' title='bbox 438 3341 529 3402; x_wconf 88' lang='lat' dir='ltr'><strong>coeio</strong></span> <span class='ocrx_word' id='word_1_239' title='bbox 552 3339 660 3402; x_wconf 81' lang='lat' dir='ltr'><strong>haberi</strong></span> <span class='ocrx_word' id='word_1_240' title='bbox 687 3341 815 3400; x_wconf 87' lang='lat' dir='ltr'><strong>nnravit</strong></span> <span class='ocrx_word' id='word_1_241' title='bbox 838 3337 976 3409; x_wconf 79' lang='lat' dir='ltr'><strong>voffius.</strong></span> <span class='ocrx_word' id='word_1_242' title='bbox 1009 3353 1044 3404; x_wconf 80' lang='lat' dir='ltr'><strong>ct</strong></span> 
     </span>
     <span class='ocr_line' id='line_1_30' title="bbox 34 3421 1046 3524; baseline 0.021 -41"><span class='ocrx_word' id='word_1_243' title='bbox 34 3421 37 3508; x_wconf 47' lang='lat'><strong>&#39;4</strong></span> <span class='ocrx_word' id='word_1_244' title='bbox 56 3427 130 3500; x_wconf 83' lang='lat' dir='ltr'><strong>iiinu</strong></span> <span class='ocrx_word' id='word_1_245' title='bbox 145 3444 284 3504; x_wconf 82' lang='lat' dir='ltr'><strong>adiirmat</strong></span> <span class='ocrx_word' id='word_1_246' title='bbox 308 3441 428 3524; x_wconf 84' lang='lat' dir='ltr'><strong>Hygin.</strong></span> <span class='ocrx_word' id='word_1_247' title='bbox 445 3443 478 3502; x_wconf 93' lang='lat' dir='ltr'><strong>in</strong></span> <span class='ocrx_word' id='word_1_248' title='bbox 504 3452 591 3523; x_wconf 84' lang='lat' dir='ltr'><strong>poet.</strong></span> <span class='ocrx_word' id='word_1_249' title='bbox 608 3440 719 3504; x_wconf 85' lang='lat' dir='ltr'><strong>astron.</strong></span> <span class='ocrx_word' id='word_1_250' title='bbox 735 3455 767 3508; x_wconf 78' lang='lat' dir='ltr'><strong>a.</strong></span> <span class='ocrx_word' id='word_1_251' title='bbox 788 3453 844 3518; x_wconf 77' lang='lat' dir='ltr'><strong>ag.</strong></span> <span class='ocrx_word' id='word_1_252' title='bbox 861 3441 906 3503; x_wconf 93' lang='lat' dir='ltr'><strong>in.</strong></span> <span class='ocrx_word' id='word_1_253' title='bbox 957 3441 1046 3504; x_wconf 82' lang='lat' dir='ltr'><strong>Talia</strong></span> 
     </span>
     <span class='ocr_line' id='line_1_31' title="bbox 58 3539 1045 3627; baseline 0.008 -31"><span class='ocrx_word' id='word_1_254' title='bbox 58 3545 106 3596; x_wconf 68' lang='lat' dir='ltr'><strong>*tto</strong></span> <span class='ocrx_word' id='word_1_255' title='bbox 118 3561 170 3603; x_wconf 90' lang='lat' dir='ltr'><strong>non</strong></span> <span class='ocrx_word' id='word_1_256' title='bbox 185 3545 217 3606; x_wconf 94' lang='lat' dir='ltr'><strong>in</strong></span> <span class='ocrx_word' id='word_1_257' title='bbox 238 3544 471 3627; x_wconf 76' lang='lat' dir='ltr'><strong>Acgyptiorum</strong></span> <span class='ocrx_word' id='word_1_258' title='bbox 488 3541 588 3604; x_wconf 84' lang='lat' dir='ltr'><strong>solum</strong></span> <span class='ocrx_word' id='word_1_259' title='bbox 606 3543 829 3604; x_wconf 74' lang='lat' dir='ltr'><strong>monumentis</strong></span> <span class='ocrx_word' id='word_1_260' title='bbox 843 3539 1045 3624; x_wconf 82' lang='lat' dir='ltr'><strong>conspicitur,</strong></span> 
     </span>
    </p>
   </div>
   <div class='ocr_carea' id='block_1_7' title="bbox 39 3625 1054 4232">
    <p class='ocr_par' dir='ltr' id='par_1_7' title="bbox 39 3625 1054 4232">
     <span class='ocr_line' id='line_1_32' title="bbox 61 3625 1050 3730; baseline 0.005 -29"><span class='ocrx_word' id='word_1_261' title='bbox 61 3625 124 3697; x_wconf 70' lang='lat' dir='ltr'><strong>idn</strong></span> <span class='ocrx_word' id='word_1_262' title='bbox 142 3643 171 3704; x_wconf 87' lang='lat' dir='ltr'><strong>in</strong></span> <span class='ocrx_word' id='word_1_263' title='bbox 188 3645 411 3706; x_wconf 82' lang='lat' dir='ltr'><strong>Romanorum</strong></span> <span class='ocrx_word' id='word_1_264' title='bbox 426 3645 546 3716; x_wconf 82' lang='lat' dir='ltr'><strong>numir,</strong></span> <span class='ocrx_word' id='word_1_265' title='bbox 571 3642 703 3730; x_wconf 79' lang='lat' dir='ltr'><strong>Augusti</strong></span> <span class='ocrx_word' id='word_1_266' title='bbox 720 3643 877 3712; x_wconf 84' lang='lat' dir='ltr'><strong>maxime.</strong></span> <span class='ocrx_word' id='word_1_267' title='bbox 902 3645 976 3724; x_wconf 86' lang='lat' dir='ltr'><strong>qui,</strong></span> <span class='ocrx_word' id='word_1_268' title='bbox 1005 3641 1050 3706; x_wconf 82' lang='lat' dir='ltr'><strong>io·</strong></span> 
     </span>
     <span class='ocr_line' id='line_1_33' title="bbox 39 3711 1048 3826; baseline 0.015 -31"><span class='ocrx_word' id='word_1_269' title='bbox 39 3711 42 3826; x_wconf 65' lang='lat' dir='ltr'><strong>i</strong></span> <span class='ocrx_word' id='word_1_270' title='bbox 63 3739 159 3804; x_wconf 78' lang='lat' dir='ltr'><strong>nutum</strong></span> <span class='ocrx_word' id='word_1_271' title='bbox 172 3745 304 3808; x_wconf 82' lang='lat' dir='ltr'><strong>Suetnn.</strong></span> <span class='ocrx_word' id='word_1_272' title='bbox 322 3763 387 3825; x_wconf 91' lang='lat' dir='ltr'><strong>cap.</strong></span> <span class='ocrx_word' id='word_1_273' title='bbox 401 3755 462 3824; x_wconf 85' lang='grc'><strong>94.</strong></span> <span class='ocrx_word' id='word_1_274' title='bbox 477 3741 499 3808; x_wconf 80' lang='lat' dir='ltr'><strong>f.</strong></span> <span class='ocrx_word' id='word_1_275' title='bbox 527 3745 588 3806; x_wconf 92' lang='lat' dir='ltr'><strong>hoc</strong></span> <span class='ocrx_word' id='word_1_276' title='bbox 603 3745 701 3807; x_wconf 80' lang='lat' dir='ltr'><strong>fidere</strong></span> <span class='ocrx_word' id='word_1_277' title='bbox 719 3757 810 3806; x_wconf 80' lang='lat' dir='ltr'><strong>natur</strong></span> <span class='ocrx_word' id='word_1_278' title='bbox 825 3741 939 3807; x_wconf 79' lang='lat' dir='ltr'><strong>iuerat.</strong></span> <span class='ocrx_word' id='word_1_279' title='bbox 975 3747 1048 3810; x_wconf 83' lang='lat' dir='ltr'><strong>vid.</strong></span> 
     </span>
     <span class='ocr_line' id='line_1_34' title="bbox 65 3827 1050 3927; baseline 0.014 -33.667"><span class='ocrx_word' id='word_1_280' title='bbox 65 3827 143 3902; x_wconf 73' lang='lat' dir='ltr'><strong>liniche</strong></span> <span class='ocrx_word' id='word_1_281' title='bbox 157 3847 226 3911; x_wconf 81' lang='lat' dir='ltr'><strong>Lex.</strong></span> <span class='ocrx_word' id='word_1_282' title='bbox 241 3867 333 3908; x_wconf 91' lang='lat' dir='ltr'><strong>num.</strong></span> <span class='ocrx_word' id='word_1_283' title='bbox 348 3847 388 3910; x_wconf 88' lang='lat' dir='ltr'><strong>T.</strong></span> <span class='ocrx_word' id='word_1_284' title='bbox 408 3865 438 3910; x_wconf 88' lang='lat'><strong>1.</strong></span> <span class='ocrx_word' id='word_1_285' title='bbox 456 3847 493 3909; x_wconf 90' lang='lat' dir='ltr'><strong>P.</strong></span> <span class='ocrx_word' id='word_1_286' title='bbox 510 3865 541 3908; x_wconf 81' lang='lat'><strong>2.</strong></span> <span class='ocrx_word' id='word_1_287' title='bbox 559 3866 591 3927; x_wconf 93' lang='lat' dir='ltr'><strong>p.</strong></span> <span class='ocrx_word' id='word_1_288' title='bbox 609 3857 676 3926; x_wconf 78' lang='lat'><strong>351</strong></span> <span class='ocrx_word' id='word_1_289' title='bbox 696 3843 741 3926; x_wconf 82' lang='lat' dir='ltr'><strong>iq.</strong></span> <span class='ocrx_word' id='word_1_290' title='bbox 778 3844 880 3906; x_wconf 86' lang='lat' dir='ltr'><strong>iidem</strong></span> <span class='ocrx_word' id='word_1_291' title='bbox 899 3858 931 3906; x_wconf 84' lang='lat' dir='ltr'><strong>ct</strong></span> <span class='ocrx_word' id='word_1_292' title='bbox 946 3845 1050 3914; x_wconf 68' lang='lat' dir='ltr'><strong>Panes</strong></span> 
     </span>
     <span class='ocr_line' id='line_1_35' title="bbox 42 3937 1052 4029; baseline 0.002 -21"><span class='ocrx_word' id='word_1_293' title='bbox 42 3937 193 4022; x_wconf 60' lang='lat' dir='ltr'><strong>iitouiicue</strong></span> <span class='ocrx_word' id='word_1_294' title='bbox 217 3949 312 4010; x_wconf 82' lang='lat' dir='ltr'><strong>etiarn</strong></span> <span class='ocrx_word' id='word_1_295' title='bbox 338 3942 449 4029; x_wconf 79' lang='lat' dir='ltr'><strong>pass&#39;rm</strong></span> <span class='ocrx_word' id='word_1_296' title='bbox 474 3949 639 4019; x_wconf 83' lang='lat' dir='ltr'><strong>dicuntur,</strong></span> <span class='ocrx_word' id='word_1_297' title='bbox 672 3947 720 4007; x_wconf 85' lang='lat' dir='ltr'><strong>uti</strong></span> <span class='ocrx_word' id='word_1_298' title='bbox 745 3943 780 4004; x_wconf 83' lang='lat' dir='ltr'><strong>fit</strong></span> <span class='ocrx_word' id='word_1_299' title='bbox 807 3945 841 4006; x_wconf 94' lang='lat' dir='ltr'><strong>in</strong></span> <span class='ocrx_word' id='word_1_300' title='bbox 872 3943 1052 4010; x_wconf 83' lang='lat' dir='ltr'><strong>fabularum</strong></span> 
     </span>
     <span class='ocr_line' id='line_1_36' title="bbox 67 4031 1054 4129; baseline 0.014 -37"><span class='ocrx_word' id='word_1_301' title='bbox 67 4031 235 4112; x_wconf 74' lang='lat' dir='ltr'><strong>fluctuatione.</strong></span> <span class='ocrx_word' id='word_1_302' title='bbox 284 4049 337 4112; x_wconf 89' lang='lat' dir='ltr'><strong>Sic</strong></span> <span class='ocrx_word' id='word_1_303' title='bbox 360 4049 444 4110; x_wconf 86' lang='lat' dir='ltr'><strong>Mela</strong></span> <span class='ocrx_word' id='word_1_304' title='bbox 468 4048 569 4111; x_wconf 88' lang='lat' dir='ltr'><strong>hicet</strong></span> <span class='ocrx_word' id='word_1_305' title='bbox 590 4067 618 4120; x_wconf 85' lang='lat' dir='ltr'><strong>r,</strong></span> <span class='ocrx_word' id='word_1_306' title='bbox 635 4057 669 4129; x_wconf 89' lang='lat'><strong>4,</strong></span> <span class='ocrx_word' id='word_1_307' title='bbox 686 4055 721 4128; x_wconf 87' lang='lat'><strong>4.</strong></span> <span class='ocrx_word' id='word_1_308' title='bbox 744 4045 840 4106; x_wconf 85' lang='lat' dir='ltr'><strong>habet</strong></span> <span class='ocrx_word' id='word_1_309' title='bbox 857 4047 1054 4129; x_wconf 65' lang='lat' dir='ltr'><strong>Aegipanum</strong></span> 
     </span>
     <span class='ocr_line' id='line_1_37' title="bbox 69 4147 1053 4232; baseline -0.009 -15"><span class='ocrx_word' id='word_1_310' title='bbox 69 4149 120 4216; x_wconf 64' lang='lat' dir='ltr'><strong>up,</strong></span> <span class='ocrx_word' id='word_1_311' title='bbox 138 4165 166 4225; x_wconf 85' lang='lat'><strong>9,</strong></span> <span class='ocrx_word' id='word_1_312' title='bbox 188 4152 220 4214; x_wconf 83' lang='lat'><strong>6.</strong></span> <span class='ocrx_word' id='word_1_313' title='bbox 242 4153 359 4213; x_wconf 78' lang='lat' dir='ltr'><strong>Panos.</strong></span> <span class='ocrx_word' id='word_1_314' title='bbox 412 4149 535 4214; x_wconf 80' lang='lat' dir='ltr'><strong>Contra</strong></span> <span class='ocrx_word' id='word_1_315' title='bbox 558 4147 616 4212; x_wconf 85' lang='lat' dir='ltr'><strong>ubi</strong></span> <span class='ocrx_word' id='word_1_316' title='bbox 638 4147 743 4212; x_wconf 79' lang='lat' dir='ltr'><strong>noster</strong></span> <span class='ocrx_word' id='word_1_317' title='bbox 766 4147 872 4210; x_wconf 84' lang='lat' dir='ltr'><strong>Panes</strong></span> <span class='ocrx_word' id='word_1_318' title='bbox 892 4148 1053 4232; x_wconf 85' lang='lat' dir='ltr'><strong>producit,</strong></span> 
     </span>
    </p>
   </div>
   <div class='ocr_carea' id='block_1_8' title="bbox 98 4247 791 4340">
    <p class='ocr_par' dir='ltr' id='par_1_8' title="bbox 98 4247 791 4340">
     <span class='ocr_line' id='line_1_38' title="bbox 98 4247 791 4340; baseline 0.001 -17"><span class='ocrx_word' id='word_1_319' title='bbox 98 4255 170 4338; x_wconf 67' lang='lat' dir='ltr'><strong>inp.</strong></span> <span class='ocrx_word' id='word_1_320' title='bbox 183 4268 270 4324; x_wconf 62' lang='lat' dir='ltr'><strong>Mau.</strong></span> <span class='ocrx_word' id='word_1_321' title='bbox 290 4267 408 4340; x_wconf 63' lang='lat' dir='ltr'><strong>uagae.</strong></span> <span class='ocrx_word' id='word_1_322' title='bbox 421 4267 500 4326; x_wconf 69' lang='lat' dir='ltr'><strong>nr.</strong></span> <span class='ocrx_word' id='word_1_323' title='bbox 521 4313 525 4320; x_wconf 95' lang='lat'><strong>.</strong></span> <span class='ocrx_word' id='word_1_324' title='bbox 759 4247 791 4334; x_wconf 79' lang='lat' dir='ltr'>Q</span> 
     </span>
    </p>
   </div>
   <div class='ocr_carea' id='block_1_9' title="bbox 0 0 1425 4958">
    <p class='ocr_par' dir='ltr' id='par_1_9' title="bbox 0 0 1425 4958">
     <span class='ocr_line' id='line_1_39' title="bbox 0 0 1425 4958; baseline 0 0"><span class='ocrx_word' id='word_1_325' title='bbox 0 0 1425 4958; x_wconf 95' lang='lat' dir='ltr'><strong> </strong></span> 
     </span>
    </p>
   </div>
  </div>
 </body>
</html>
