2764 4958
187 315 394 374 11110111.
423 319 529 378 nat.
570 321 651 378 r.r.
693 317 798 378 cut.
840 319 918 390 11.
1006 323 1069 392 147
1128 369 1133 376 ,

67 487 209 561 adfirmant,
233 490 421 564 Aristotelea,
445 493 585 574 inquam,
607 491 731 564 Strabo,
755 489 831 580 [lib.
855 509 910 568 17.
925 514 958 576 p.
977 501 1061 572 543.

66 583 182 678 [79‘o.]
208 591 391 656 Plutarchus
414 589 475 680 [de
492 593 570 656 facie
585 593 619 656 in
644 595 720 656 orba
740 595 833 656 lunae
855 616 886 676 p.
905 603 987 672 704.
1007 594 1059 654 ed.

65 685 143 778 tipt]
165 692 287 774 aliique.
339 695 472 778 Quaerit
497 713 575 758 vero
605 693 727 758 caulam
756 695 953 758 Aristobulue
979 693 1062 776 apud

64 789 221 856 Strabonem
250 795 306 858 lib.
335 809 390 873 15.
418 789 471 882 [p.
491 797 577 876 476.
602 793 753 878 1691]
782 817 894 878 quare,
928 816 1003 858 cum
1026 789 1062 854 in

64 889 143 968 Syene
169 893 284 959 imbreo
311 897 439 968 cadant,
477 897 666 960 intermedia
698 911 822 960 tantum
853 899 921 959 loca
953 896 1087 979 pluvia'

62 995 170 1056 omnino
188 1011 321 1060 careant.
374 998 521 1082 Quaestio
535 998 612 1059 baec
627 999 673 1059 ibi
693 1000 904 1082 proponitur,
930 996 980 1060 led
995 1015 1063 1058 nou

62 1089 176 1158 [olvitur.
212 1099 308 1161 Ratio
327 1113 433 1161 tamen
450 1099 493 1162 eli
513 1096 690 1172 manifesta,
714 1102 785 1182 quia
807 1119 924 1182 nempe
939 1099 990 1160 illa
1008 1100 1064 1160 de·

60 1196 128 1276 gypti
150 1215 229 1278 para,
264 1199 320 1260 ubi
345 1201 449 1262 nullae
473 1201 590 1262 cadunt
610 1202 754 1281 pluviae,
780 1201 887 1284 plana,
920 1198 1063 1268 humilia,

62 1293 130 1366 itta,
157 1298 281 1362 arenosa
307 1319 342 1362 ac
367 1301 463 1362 calida
488 1299 531 1364 111
556 1301 749 1372 admodum,
787 1314 900 1382 utpote
926 1301 1063 1362 torridae

60 1412 133 1478 zonae
152 1401 263 1462 vicina.
307 1403 444 1484 Vaporea
461 1403 577 1484 itaque,
602 1403 656 1484 qui
671 1423 687 1464 a
702 1416 781 1466 terra
795 1403 877 1464 arida
898 1403 1065 1487 egrediun-

59 1505 108 1566 tor,
136 1519 205 1560 cum
226 1503 287 1563 rari
306 1504 484 1564 admodum
500 1518 532 1566 et
548 1515 659 1568 tennee
674 1505 751 1577 dot,
781 1517 837 1565 aut
860 1517 959 1565 noctu
980 1501 1065 1564 deci·

59 1594 119 1658 dunt
140 1599 171 1662 in
193 1623 298 1664 rorem
319 1605 454 1675 mutati,
493 1616 546 1666 aut
566 1605 627 1668 toti
651 1606 689 1666 ab
715 1603 798 1668 aestu
822 1601 1064 1676 consumuntur,

58 1701 208 1782 priusquam
223 1705 258 1764 in
273 1705 416 1786 pluviam
432 1704 555 1766 abeant.
592 1705 633 1768 At
648 1725 726 1768 vero
739 1720 854 1768 tractue
871 1707 1063 1785 Syeniticue,

59 1801 110 1876 quia
123 1803 252 1866 excelsus
272 1824 307 1866 ac
328 1805 493 1868 montosus
510 1807 562 1878 eil,
592 1807 759 1870 neceffario
779 1807 897 1889 pluviie
914 1805 1065 1870 abundat.

59 1897 103 1958 Ubi
116 1906 195 1965 enim
210 1920 351 1974 montes,
374 1907 420 1968 ibi
432 1909 562 1968 nivium
577 1921 610 1970 et
625 1929 775 1992 aquarum
791 1905 892 1991 lapsus
906 1907 1063 1990 perpetui.

60 2015 172 2067 reterre.
218 2007 392 2069 Penuriam
418 2009 548 2092 pluviae
580 2010 616 2070 in
642 2011 788 2094 Aegypto
814 2008 941 2070 testatur
965 2008 1065 2068 etiam

23 2143 25 2158 .
60 2097 167 2168 iliodor.
188 2127 219 2188 t,
240 2118 301 2190 41.
335 2109 501 2174 Heliodor.
518 2127 552 2190 9.
572 2130 642 2194 pag.
658 2121 743 2193 423.
766 2111 898 2192 aliique,
925 2127 1064 2191 quotum

59 2195 107 2262 lota
121 2207 268 2270 indicavit
285 2208 389 2272 llaeue
404 2211 442 2271 ad
460 2193 601 2300 Lactlant.
620 2212 715 2274 instit.
738 2229 768 2282 o,
791 2225 847 2290 15.
882 2213 920 2272 ln
935 2209 1064 2272 ollentie

60 2301 620 2394 111οω111111]ἱωρετίἰρτεευυηοὶἱι
642 2313 784 2394 pluviam
806 2309 959 2394 delapsam
977 2331 1065 2372 coru·

61 2419 185 2469 memorat
201 2413 266 2474 Dio
281 2424 342 2489 51,
363 2427 417 2488 17.
454 2414 494 2474 At
513 2433 579 2476 non
596 2411 696 2475 10111111
711 2414 834 2496 pluvias
850 2413 987 2484 demitti,
1012 2387 1065 2475 1111

61 2505 198 2573 erimbrot
218 2513 299 2575 adeo
322 2532 555 2595 nonnunquam
582 2515 692 2584 deiici,
726 2516 844 2576 docent
870 2516 1064 2580 narratione·
1157 2551 1160 2554 ·

63 2611 261 2683 recentiorum,
296 2633 374 2695 quas
394 2613 436 2674 lat
462 2616 577 2676 multae
599 2616 721 2700 adlegat
746 2615 843 2676 Faber
866 2617 905 2677 ad
926 2617 1064 2677 librumt

62 2699 287 2798 Bettathtungen
302 2715 382 2776 tiber
394 2717 456 2776 den
467 2716 582 2778 Orient
595 2718 636 2778 T.
652 2737 681 2778 1.
695 2737 727 2797 p.
740 2715 815 2798 4lq.
834 2717 876 2779 T.
889 2733 919 2778 a.
933 2737 965 2798 p.
977 2727 1062 2794 347.

63 2803 140 2880 plures
161 2813 363 2894 Nordmeyer
387 2817 420 2876 in
443 2817 629 2880 Calendario
652 2817 791 2902 Aegypti
812 2839 845 2900 p.
869 2837 923 2878 11.
950 2835 1006 2882 20.
1030 2829 1064 2880 et

63 2903 129 2980 ilbi·
152 2932 188 2974 ex
204 2935 346 2998 quorum
367 2915 555 2980 tellirnuniio
571 2917 699 2979 discitur
718 2919 849 3002 pluvios
866 2915 987 2980 mensae
1003 2915 1064 2980 effe

62 3001 229 3088 ianuarium,
256 3015 484 3090 Februarium,
510 3017 680 3089 Martium,
706 3018 928 3082 Nouembrem
949 3033 981 3080 et
1003 3021 1065 3080 De·

65 3111 202 3189 reubrem,
217 3117 336 3201 quibua
349 3117 442 3182 1111111
456 3121 537 3180 intra
550 3121 634 3202 ripae
650 3118 716 3182 luae
731 3121 926 3182 devolvitur.
955 3117 1065 3181 Mense

64 3203 137 3286 1111111
150 3217 290 3296 pluviam
312 3219 408 3282 etiam
429 3221 531 3284 delabi
548 3222 632 3282 vidit
647 3220 810 3292 Niebuhr,
835 3235 872 3280 ut
890 3219 955 3302 ipse
976 3221 1065 3282 adfir-

65 3314 329 3382 ι111111111111111111.
353 3322 394 3384 T.
419 3343 450 3385 1.
474 3321 658 3404 4149814.
711 3323 830 3384 Contra
854 3322 968 3384 eodem
992 3319 1066 3384 telle

66 3403 282 3500 i1¹regionibue
313 3421 480 3483 Habbelch
502 3435 535 3484 et
560 3425 683 3486 Yemen
708 3443 765 3506 per
790 3421 922 3484 aestivos
944 3419 1068 3484 menlee

68 3505 268 3594 Septembrem,
291 3521 477 3596 Octobrem,
497 3523 722 3586 Novembrem
739 3525 974 3606 propemodum
989 3541 1067 3604 quo·

68 3608 124 3674 tidie
141 3619 227 3699 pluit.
280 3626 361 3686 lude
383 3645 460 3687 vero
478 3624 545 3686 Nili
568 3627 804 3686 incrementum
826 3637 910 3686 recte
931 3626 1067 3708 explicat

70 3705 229 3785 Wanaleben
251 3725 285 3786 in
307 3723 399 3788 Reila
421 3727 502 3788 nach
521 3727 687 3812 Aegypten
709 3746 741 3807 p.
760 3742 816 3788 or.
842 3727 929 3804 (vid.
951 3727 1067 3788 Patrlua

72 3805 226 3908 Sammtung
241 3845 306 3888 von
321 3825 437 3888 Reilen
449 3829 490 3890 T.
502 3829 555 3906 3.)
581 3827 679 3910 Quod
696 3847 752 3908 per
767 3827 910 3888 aestatem
926 3828 959 3888 in
976 3826 1068 3890 Delta

72 3908 179 4000 Aegypti
199 3946 363 4009 uunquam
381 3929 491 4011 pluere
512 3925 617 3988 scribit
634 3928 760 4007 Volney
784 3925 896 4004 (lieile
915 3929 995 3990 nach
1012 3929 1068 4007 Sy·

72 4012 122 4077 tien
136 4025 194 4086 uod
212 4028 379 4114 Egypten)
402 4031 442 4095 T.
464 4049 496 4094 1.
518 4049 585 4112 cap.
603 4039 637 4108 4.
654 4050 687 4111 p.
704 4037 765 4112 44.
798 4027 883 4090 secur
906 4042 1012 4092 tamen
1037 4031 1069 4090 id
