2764 4954
396 415 459 482 302
669 405 829 466 norun
870 407 1169 466 nxnonrtctn

397 597 478 662 quae
495 591 672 641 moverunt
686 577 859 649 Solonem.
884 593 923 642 ut
938 599 1014 642 eum
1032 583 1229 646 conveniret.
1254 579 1377 667 (Herode

404 703 434 752 ι,
454 677 534 764 50.)
574 679 667 742 Obiit
683 678 737 740 sub
754 679 917 761 Cambylie
939 683 1179 764 expeditionem
1192 683 1227 744 in
1241 683 1377 768 Aegyptio

399 783 559 848 Herodot.
578 794 610 862 3,
634 801 690 847 to.
724 782 860 846 Diodor.
881 784 989 862 1,68.

467 975 601 1075 supra
627 982 881 1045 tredecim-
891 983 910 1066 )
961 985 1012 1047 De
1032 987 1193 1050 Herodoti
1209 1001 1242 1052 et
1255 987 1347 1049 Melae
1361 983 1377 1043 l

403 1087 482 1148 lidio
505 1087 572 1146 dixi
593 1087 627 1146 in
650 1087 737 1147 notit
756 1086 884 1148 criticis.
928 1085 968 1147 lt
986 1101 1073 1149 mota
1092 1089 1143 1150 hic
1159 1089 1203 1150 est
1219 1091 1274 1150 alia
1289 1085 1377 1168 quaesti

359 1233 361 1238 ·
383 1261 388 1271 ι
402 1191 443 1250 de
461 1206 619 1249 annorum
634 1187 755 1248 ratione
771 1199 804 1248 et
817 1185 941 1248 ambitu
955 1191 1040 1269 apud
1054 1191 1238 1274 Aegyptios.
1274 1189 1329 1250 tlii
1341 1183 1377 1246 eol

402 1289 598 1352 menstruum
616 1286 772 1375 μηνιαῖον,
800 1285 918 1348 iaciunt
934 1289 972 1350 ad
990 1289 1084 1352 luntre
1100 1290 1243 1364 cursum
1265 1289 1377 1374 (Eudoxi

403 1391 487 1472 apud
504 1389 652 1450 Proclum
669 1390 703 1449 in
719 1390 844 1451 Platon.
859 1391 1029 1452 Timaeum
1047 1391 1104 1455 lib.
1122 1409 1153 1456 t.
1170 1413 1203 1474 p.
1223 1406 1279 1472 35.
1302 1389 1377 1450 Diod«

409 1513 438 1564 x,
456 1503 514 1568 50.
543 1491 639 1551 Varro
654 1491 737 1573 apud
751 1491 892 1554 Laetam.
903 1507 936 1560 2,
955 1509 1009 1563 ια,
1025 1509 1085 1556 22.
1109 1493 1269 1556 Plutarch.
1283 1489 1316 1552 in
1329 1489 1377 1550 Nu

404 1612 471 1675 cap.
495 1604 551 1668 18.
584 1592 708 1652 Plinius
732 1607 764 1668 7,
789 1600 849 1674 49.
867 1589 889 1656 s.
907 1603 967 1674 48.
1006 1595 1118 1658 Suidae
1138 1593 1159 1656 s.
1178 1615 1212 1658 v.
1232 1587 1347 1682 ἥλιος.)
1373 1609 1377 1650 t

404 1693 602 1766 bimestrem3
629 1690 844 1771 (Censorinus
870 1693 910 1756 de
930 1695 983 1755 die
1005 1697 1101 1756 natali
1124 1715 1193 1778 cap.
1220 1697 1294 1776 19.)
1331 1693 1377 1752 trit

405 1795 498 1858 litent
523 1795 636 1856 alliud
658 1808 792 1875 quatuor
813 1795 889 1856 anili
911 1808 1072 1879 tempora3
1106 1797 1238 1874 (suidas
1258 1818 1285 1859 c.
1305 1795 1344 1870 l.)
1375 1811 1377 1850 l

406 1895 682 1978 quadrimestrern3
708 1896 850 1974 (Solinus
863 1915 890 1959 c.
904 1916 932 1958 t.
949 1895 969 1958 s.
983 1912 1015 1974 5.
1031 1912 1105 1959 ante
1117 1898 1303 1982 Augurium,
1324 1895 1377 1957 cen

406 2000 495 2060 rinue
511 2018 537 2060 c.
555 1997 591 2074 l.)
617 1997 755 2077 denique
775 1998 945 2078 perductus
961 1997 1003 2058 elt
1019 1999 1056 2058 ad
1079 2013 1121 2076 15
1136 1999 1262 2061 mensce
1277 2011 1308 2058 et
1322 2006 1340 2072 5
1355 1991 1377 2052 di

406 2098 619 2179 (Censorinus
642 2117 669 2159 c.
692 2098 733 2176 l.)
783 2099 882 2181 Quod
904 2120 943 2159 ex
968 2099 1159 2182 Palaephato
1184 2121 1253 2182 cap.
1273 2113 1325 2176 53,
1346 2109 1371 2174 3.

408 2201 505 2263 Suicla
527 2198 547 2262 s.
565 2221 596 2262 v.
615 2191 808 2280 Ἥφαιστος
827 2200 899 2260 addi
915 2199 1025 2282 potest.
1052 2196 1277 2282 antiquissimis
1297 2213 1377 2275 templ

407 2302 468 2364 bur
489 2303 556 2360 dieu
573 2313 732 2380 tamquam
757 2319 857 2362 annue
881 2301 1090 2362 numerabant
1107 2303 1270 2388 Aegyptii.
1318 2299 1367 2362 Sed

409 2421 489 2485 quae
517 2403 556 2462 de
583 2421 695 2462 eorum
729 2404 821 2462 annis
848 2401 1059 2464 disseruerunt
1086 2404 1236 2464 Perizon.
1264 2405 1296 2463 in
1322 2399 1377 2476 orig

407 2505 546 2587 Aegypt.
570 2523 636 2583 cap.
656 2519 688 2564 n.
725 2503 876 2584 Vignoles
899 2505 933 2562 in
960 2505 1072 2568 chron.
1098 2506 1137 2564 de
1163 2505 1318 2568 l'ltistoire
1343 2498 1377 2557 lul

408 2607 451 2666 T.
469 2620 501 2667 2.
525 2625 555 2686 p.
572 2605 656 2680 651.
681 2602 797 2684 aliique
824 2603 1022 2688 chronologi.
1076 2606 1194 2687 Quales
1226 2607 1279 2666 hic
1304 2595 1377 2662 intell

409 2705 546 2767 debeant
568 2719 691 2786 praeter
714 2725 767 2772 ea,
801 2723 879 2784 quae
899 2707 938 2766 tle
958 2707 1094 2767 siderum
1111 2705 1202 2767 cursu
1226 2705 1377 2766 subiiciunt

410 2808 547 2868 declarat
580 2807 675 2868 etiam
704 2805 808 2866 addita
838 2825 900 2866 vox
927 2819 1049 2868 cerates
1070 2821 1102 2867 et
1134 2808 1308 2876 Herodoti,
1344 2819 1377 2881 qtl

411 2907 525 2970 Noster
547 2909 705 2976 reddidit,
738 2909 830 2968 ratio.
883 2908 945 2968 Hic
972 2911 1060 2968 enim
1085 2921 1201 2970 aetates
1229 2901 1369 2990 (γενεᾶς)

412 3007 579 3072 consuetos
595 3009 786 3069 Graecorum
804 3027 904 3069 annos
925 3009 1023 3092 exigit
1042 3011 1094 3078 ita,
1121 3023 1157 3070 ut
1179 3023 1200 3086 5
1220 3023 1340 3074 aetates.
1366 3021 1377 3064 l

411 3130 512 3171 annos
528 3111 709 3191 complexae
725 3107 861 3181 suerint;
887 3105 949 3192 (cs.
967 3126 1001 3180 Ω.
1022 3107 1127 3192 142.)
1154 3131 1230 3171 cum
1243 3111 1294 3171 alii
1312 3113 1377 3168 aetat

413 3225 460 3290 50
478 3229 635 3270 annorum
655 3209 751 3291 spatio
767 3211 950 3279 metiantur,
977 3211 1097 3291 dequo
1115 3211 1271 3273 Graevius
1287 3211 1321 3270 ad
1336 3199 1377 3268 lui

415 3325 447 3391 5,
468 3323 500 3387 5.
531 3309 759 3394 Wesseliug.ad
771 3313 924 3372 Herodot.
941 3331 967 3372 c.
986 3312 1007 3373 l.
1031 3327 1062 3372 et
1076 3313 1112 3374 ad
1125 3313 1330 3374 Diodor.Sic.
1343 3321 1377 3372 t‚l

413 3413 575 3474 Meziriac.
591 3413 628 3472 ad
646 3411 744 3475 Ovid.
761 3411 847 3493 epist.
864 3413 904 3475 T.
924 3433 951 3474 t.
967 3433 997 3493 p.
1014 3427 1073 3488 77.
1100 3427 1132 3474 et
1151 3433 1232 3494 quae
1255 3411 1377 3474 ommno

412 3515 446 3575 vi
468 3515 556 3576 vocis
573 3513 708 3574 contulit
725 3513 837 3575 Gibert
854 3513 887 3572 iu
907 3512 1081 3576 lllemoires
1097 3549 1144 3562 --
1167 3515 1207 3575 de
1226 3515 1308 3574 Paris
1323 3511 1358 3568 T.
1376 3557 1377 3562 ,

412 3635 446 3696 p.
465 3626 498 3697 4.
532 3628 565 3677 et
591 3617 794 3696 disputantur
816 3614 899 3694 apud
925 3615 1130 3675 Plutarchum
1153 3616 1192 3677 de
1219 3613 1360 3675 oraculor.

413 3713 501 3778 fectu
521 3736 552 3798 p.
569 3715 639 3796 655
658 3713 719 3797 sqq.
742 3716 792 3778 etl.
814 3713 926 3778 lleisk.
966 3714 1081 3797 Neque
1099 3731 1203 3778 tamen
1223 3713 1285 3796 ipse
1302 3711 1377 3774 libio

414 3816 470 3880 stat
497 3817 696 3888 Herodotus,
730 3818 847 3898 quippe
867 3817 922 3895 qui
944 3835 974 3885 1,
1002 3832 1034 3891 7.
1062 3837 1163 3879 annue
1192 3829 1262 3894 505
1289 3810 1377 3874 contii

417 3934 462 3982 22
487 3916 656 3988 aetatibu5‚
695 3918 782 3978 unde
806 3917 843 3976 cd
872 3917 1005 3999 singulas
1036 3934 1225 3980 revocantur
1251 3930 1294 3993 25
1321 3921 1377 3971 1³¹st

416 4020 501 4082 enni.
552 4019 630 4090 Alii,
662 4019 717 4102 qui
737 4013 915 4100 longissime
937 4021 1131 4090 extendunt,
1162 4019 1279 4080 saeculo
1301 4027 1377 4090 aequi

416 4134 453 4182 ut
471 4119 608 4184 Ovidius
627 4119 843 4203 Metamorph.
867 4135 921 4190 12,
943 4131 1023 4200 138.
1042 4122 1083 4186 de
1100 4121 1240 4192 Nestore,
1262 4117 1346 4180 cuiue
1360 4129 1377 4169 a
