2764 4958
158 405 206 462 ttt
233 405 367 464 rotor.
404 405 513 462 tunt.
554 404 634 460 ω.
678 403 813 466 cvm.
852 403 933 477 56.
1004 417 1066 476 ιη

59 574 137 638 leber
150 579 181 638 iu
203 577 428 662 Archaeologie
451 577 669 640 Hebraeorum
691 579 734 639 Τ.
756 595 787 642 t.
808 575 881 641 lect.
904 593 938 642 Β.
968 581 1063 642 etad

57 675 148 738 librom
172 677 443 764 Beobachtungen
474 679 554 740 iiber
576 679 639 742 den
661 678 776 740 Orient
798 679 838 742 T.
859 695 890 740 tt.
920 699 951 762 p.
975 691 1060 760 249.

55 776 228 842 Bellemtann
246 781 280 840 io
295 779 475 842 Handbuch
493 779 549 844 der
568 779 651 842 Bibl.
669 781 826 842 Literatur
840 781 880 842 T.
901 799 930 844 t.
953 783 979 858 §.
999 793 1059 859 24.

53 877 144 960 aliique
166 881 358 944 adtulerunt.
411 881 504 942 Talea
532 895 639 942 autem
664 899 812 942 cavernae
837 879 1061 962 antiquiffintie

54 977 213 1042 hominibus
233 983 344 1044 tribuit
362 983 509 1046 Perizou.
526 983 560 1042 in
575 981 665 1066 Orig.
684 981 796 1062 Babyl.
812 1001 879 1068 cap.
896 995 929 1060 5.
946 1002 979 1063 p·
998 993 1058 1060 55.

53 1081 158 1143 etinde
181 1080 299 1144 fabulae
330 1085 371 1145 de
402 1083 590 1146 hominibue
621 1102 661 1144 ex
694 1095 775 1145 terre
805 1083 887 1143 natio
914 1083 1055 1146 deducit.

52 1179 89 1240 stc
104 1185 317 1263 producuntur
332 1186 367 1244 in
388 1183 556 1246 Hannonie
577 1183 702 1267 periplo
722 1203 754 1266 p.
770 1195 803 1261 5.
821 1179 921 1244 liudi.
951 1197 983 1245 et
999 1180 1055 1248 iub

52 1279 238 1346 [tentorum
272 1286 423 1357 nomine,
461 1286 502 1347 de
527 1303 590 1366 quo
622 1281 721 1354 infre,
759 1283 842 1364 apud
875 1283 1056 1347 Homerum

52 1378 146 1464 Otii.
168 1397 228 1462 85.
280 1383 415 1448 Causam
441 1389 564 1468 quaerit
596 1385 698 1446 Bruce
723 1385 759 1444 in
792 1381 907 1446 lieiien
931 1385 1001 1450 Vol.
1022 1405 1053 1450 t.

51 1500 73 1562 p.
89 1503 125 1546 ut.
145 1495 216 1566 429.
236 1485 278 1567 lq.
308 1488 343 1547 in
370 1487 484 1548 diluvii
511 1499 657 1548 metuet
689 1485 850 1545 diuturnis
876 1485 995 1566 pluviie
1020 1487 1054 1548 in

51 1579 147 1656 Nubia,
187 1583 223 1646 in
258 1589 349 1647 cuiue
379 1587 545 1650 montibue
571 1585 658 1668 supra
682 1584 816 1646 Meroen
846 1583 1054 1658 consederint,

51 1685 113 1744 unde
125 1687 254 1749 ulterius
272 1689 311 1750 ad
329 1687 499 1750 Meridiem
516 1686 668 1772 migraile.
713 1687 752 1746 ln
768 1687 863 1746 variie
880 1699 986 1748 autem
1006 1707 1054 1750 re·

50 1785 169 1864 ponium
187 1801 498 1860 commemorantur,
531 1789 702 1870 quodiam
725 1805 764 1848 ex
785 1786 910 1848 Cellarii
933 1785 1050 1871 Geogr.

50 1898 136 1964 ortt,
153 1907 183 1960 t,
203 1891 261 1952 26.
282 1889 482 1974 intelligitur.
521 1891 567 1950 lta
583 1903 755 1950 occurrunt
768 1888 851 1948 inter
866 1885 998 1964 Scythae
1013 1890 1053 1950 ad

49 1979 148 2059 licum,
183 1989 241 2050 ubi
265 2004 300 2052 et
330 1989 470 2070 Crobyzi
502 2005 660 2054 vocantur
690 1987 821 2068 (Strabo
844 2001 878 2062 7.
908 2007 940 2068 p.
967 2001 1052 2052 22⁰.

50 2080 142 2164 [318.
165 2091 251 2152 Plio.
267 2101 303 2170 4,
322 2107 380 2169 95.
395 2089 415 2154 [.
440 2105 493 2152 ro.
519 2091 657 2152 Ptolem.
675 2107 706 2173 5.
727 2093 802 2166 ao.)
825 2087 862 2148 ad
880 2085 1053 2150 Caucasum

50 2181 153 2264 (Suebo
173 2213 226 2254 rr.
244 2211 278 2273 p.
298 2202 381 2274 549.
400 2189 420 2255 l.
434 2193 517 2269 506.
545 2191 651 2253 Schol.
671 2187 814 2269 Aeschyli
830 2189 869 2250 ad
884 2187 1050 2251 Prometh.

51 2301 72 2346 t·
87 2291 182 2376 tto.)
207 2327 260 2342 --
313 2295 375 2355 Sed
397 2306 466 2354 tum
490 2293 530 2354 do
553 2293 638 2353 vitae
658 2293 741 2359 ritu.
767 2309 833 2352 noo
855 2289 895 2350 rie
917 2291 1052 2354 nomine

51 2391 125 2465 genua
143 2395 256 2478 agitur.
309 2393 436 2476 Nempe
458 2396 514 2475 qui
537 2395 570 2454 in
591 2391 743 2474 speluncis
760 2391 838 2450 olim
860 2389 1052 2462 habitarunt.

51 2481 148 2552 fuerunt
175 2495 283 2555 multi.
335 2495 387 2556 Sic
409 2493 661 2576 ichthyophagi,
687 2491 821 2572 (Strabo
842 2491 895 2553 16.
915 2511 947 2572 p.
965 2503 1050 2572 532.

51 2582 160 2669 [tls-l
182 2597 270 2657 conl.
293 2595 497 2678 Agatarchirie
514 2597 554 2656 de
566 2595 665 2656 rubro
678 2594 756 2654 mari
778 2592 860 2676 (cap.
881 2605 934 2666 17.
947 2613 978 2674 p.
990 2607 1049 2671 32.

52 2683 136 2778 lindi.)
165 2695 321 2779 Pygmaei
356 2693 444 2778 supra
477 2697 679 2779 Aegyptum,
720 2693 807 2755 unde
839 2691 930 2753 Nilne
968 2692 1050 2764 fluit,

51 2789 185 2858 (trituret.
202 2797 282 2858 Hist.
297 2799 356 2857 rin.
374 2807 407 2873 fl.
428 2799 496 2872 ιι.)
525 2797 590 2856 Nili
606 2794 739 2864 accolae,
761 2793 958 2872 (Hellanicue
975 2795 1050 2856 telle

51 2884 192 2957 Heliodoro
210 2900 244 2958 in
260 2898 412 2980 Aethiop.
425 2909 457 2975 5,
480 2899 532 2960 cli.
549 2919 581 2979 p.
592 2900 692 2976 402.)
717 2894 902 2956 Palaestinae
917 2894 1049 2964 incolae,

52 2987 192 3072 dequibus
215 2999 378 3060 Bachieue
400 3001 431 3058 iu
450 2997 573 3060 Betchr.
592 3017 658 3058 von
674 2995 839 3059 Palaestina
851 2997 891 3056 T.
914 3015 942 3057 t.
960 2994 997 3056 Ρ.
1019 3015 1049 3059 t.
1152 3061 1155 3068 ,

52 3105 149 3168 liin.
170 3113 200 3160 et
216 3119 303 3181 quoe
320 3115 488 3169 memorat,
512 3100 636 3180 aliique.
684 3097 875 3175 Plerumque
894 3109 999 3156 tamen
1017 3109 1051 3156 et

53 3183 199 3260 solemniter
222 3203 260 3260 nd
287 3199 487 3281 Aethiopiam
512 3215 544 3261 et
561 3199 731 3262 Arabicum
754 3197 854 3256 suuun
874 3209 1049 3274 ponuntur.

53 3283 151 3368 (Strabo
170 3319 199 3363 t.
218 3323 250 3382 p.
275 3315 330 3377 23.
350 3299 371 3362 l.
387 3312 447 3380 42.
480 3315 535 3376 17.
556 3321 589 3384 p.
605 3309 688 3381 554.
706 3296 726 3359 l.
746 3299 828 3370 776.
862 3297 996 3358 Diodor.
1018 3309 1050 3375 3,

55 3393 129 3476 ith.
160 3401 327 3462 Heliodor.
352 3403 384 3460 in
411 3402 559 3483 Aethiop.
576 3421 603 3463 c.
620 3402 643 3462 l.
677 3399 814 3462 Ptolem.
835 3412 869 3473 4.
895 3409 928 3472 8.
963 3396 1049 3460 Ptin.

56 3497 114 3569 iu.
131 3513 158 3559 et
173 3523 251 3582 quiae
265 3501 392 3564 Salmas.
408 3503 445 3562 ari
462 3503 563 3564 Solio.
578 3523 609 3583 p.
627 3521 672 3563 m.
685 3511 767 3580 545.
780 3496 919 3579 ot561.)
945 3498 1049 3578 Atque

55 3583 93 3652 hoe
105 3598 131 3657 in
145 3602 224 3662 lllela
241 3603 465 3686 intelligendos
481 3603 539 3664 elle
555 3621 654 3664 trexue
671 3603 775 3668 docet,
798 3613 840 3668 et.
863 3617 960 3680 quem
976 3611 1051 3659 anto

56 3696 279 3780 mtorpoumm
300 3704 415 3764 haltere
437 3701 529 3774 folet,
562 3701 746 3764 Herodotus
760 3713 794 3778 4.
816 3713 895 3777 ι55.
922 3699 977 3760 ubi
998 3699 1051 3760 nd·

56 3793 174 3864 Pellantur
189 3805 369 3885 Aethiopes.
410 3805 516 3864 Hodie
536 3807 568 3864 in
586 3805 701 3864 vicinia
716 3804 807 3884 regni
824 3801 942 3861 Fezzan
957 3819 1051 3882 quae·

57 3905 150 3972 mutue,
178 3906 230 3966 vel
249 3907 282 3964 iu
307 3903 373 3986 ipso
402 3905 457 3965 illo
480 3923 592 3988 regno.
646 3903 715 3963 Vid.
743 3901 867 3962 Ilennel
895 3916 989 3962 notae
1009 3901 1050 3962 ad

57 3985 226 4064 Homemann
244 4008 303 4066 iter
318 4007 354 4065 ad
374 4005 514 4066 Murzuk
530 4007 582 4067 ed.
597 4005 724 4084 Koenig
739 4021 790 4062 an.
806 4013 909 4078 1802.
921 4015 1048 4082 p.217.

57 4087 182 4192 &Herses
202 4125 289 4170 nunc
313 4125 428 4170 eorum
451 4108 616 4193 regionem
642 4103 836 4172 inhabitare,
870 4115 959 4184 putat
987 4103 1052 4162 Lu·

664 4206 690 4268 1¹
720 4218 741 4266 o
