2922 4958
282 423 641 484 rationantur.
683 421 763 480 ω.
807 423 940 482 cxut
982 427 1062 498 aa.
1130 445 1193 516 5⁷9

153 610 255 680 patet.
290 609 418 658 notatur
440 595 536 663 etiarn
559 615 576 656 a
601 593 684 658 Mela
702 610 735 667 tt,
760 611 792 665 a.
815 607 849 674 5.
901 598 1033 682 Reliqua
1052 603 1192 672 indicavi

154 697 242 781 lupra
261 712 293 760 et
310 699 444 760 innotis
460 697 575 759 criticla
589 717 621 778 p.
635 709 719 778 579.
760 697 893 760 liccadit
909 721 985 762 vero
1001 702 1040 764 ab
1055 706 1190 774 aliorum

153 801 363 883 explicatione
391 802 549 860 Ammian.
571 813 629 868 22.
651 809 686 878 4.
737 798 889 862 Ceterum
916 821 1009 864 orcus
1033 801 1118 888 saepe
1142 813 1189 874 in.

152 899 249 962 servit
270 901 418 962 notattdia
442 899 585 962 flexibus.
622 897 673 962 Cf.
692 900 801 984 virgil.
818 901 897 966 Aen.
915 915 947 982 5,
967 914 1052 985 533.
1087 910 1187 979 ovio,

152 1001 287 1065 Metam.
310 1013 363 1082 14.
382 1014 441 1080 5ι.
483 1000 597 1064 Noster
611 999 691 1064 inira
708 1015 740 1082 5.
757 1015 790 1080 8.
812 1021 842 1064 r.

228 1201 393 1286 brevis)
431 1205 482 1266 De
498 1199 584 1264 lensu
601 1203 691 1266 vocia
706 1203 772 1264 vld.
791 1217 858 1266 not.
876 1205 943 1268 crit.
959 1226 992 1290 p.
1004 1221 1087 1288 581,
1115 1213 1190 1282 Post

153 1326 216 1368 non
242 1297 437 1396 profundus.
487 1305 622 1386 Propter
644 1306 722 1366 vada
744 1317 850 1366 autem
872 1321 905 1368 et
926 1305 991 1369 laxa
1018 1326 1187 1398 cautesque

152 1407 268 1470 multat
296 1403 500 1488 periculosam
523 1403 631 1468 ferunt
652 1408 907 1489 navigationem.
934 1431 1013 1490 quae
1038 1433 1104 1476 nou
1130 1420 1188 1482 nili

151 1509 289 1593 navigiis
305 1509 440 1570 modicia
458 1519 572 1588 pateat.
613 1507 684 1570 vid.
705 1507 812 1570 Pletro
833 1509 912 1570 della
936 1511 1023 1574 Valle
1043 1517 1189 1584 lleilebe·

153 1607 231 1672 lchr.
255 1610 292 1672 P.
311 1623 343 1686 3.
367 1630 437 1692 pag.
458 1608 541 1684 236.
593 1608 677 1670 Hinc
692 1623 723 1670 et
743 1610 821 1670 olim
843 1631 940 1672 navea
957 1611 1001 1673 ibi
1019 1615 1187 1694 habebant.

152 1730 286 1791 quarum
307 1710 416 1771 alveua
437 1725 502 1772 erat
522 1709 653 1791 pianua.
684 1729 831 1770 cantaras
847 1713 961 1782 dictas.
986 1717 1033 1775 uti
1058 1720 1187 1784 discitur

152 1831 191 1872 ex
210 1813 364 1877 Strabone
386 1834 437 1873 rr.
462 1833 493 1896 p.
485 1820 595 1890 .54t.
616 1809 739 1890 [,.495
756 1808 779 1874 i.
801 1823 834 1874 et
852 1811 954 1875 Tacit
977 1815 1106 1900 Hili.3‚
1123 1833 1184 1952 47.

153 1912 228 1976 vid.
245 1913 284 1974 ad
302 1927 472 1996 utrumque
496 1913 695 1996 interpreter.
910 1925 914 1946 ⁴

228 2113 384 2196 atrox)
420 2115 595 2198 Explicat
585 2135 618 2174 m
637 2111 721 2196 sequ.
736 2105 921 2206 fluctuosae
935 2111 1186 2210 atquefervens.

152 2215 254 2280 Porro
270 2205 445 2307 trebniusnm
462 2233 558 2278 ettam
574 2231 665 2276 vocat
682 2217 841 2278 Amruian.
858 2233 915 2285 22.
932 2230 964 2294 8.
989 2236 1021 2282 et
1042 2225 1188 2306 uqrn'lonr

153 2333 187 2380 et
206 2319 333 2398 pruinis
348 2316 437 2377 coedi
458 2317 544 2380 dicit.
597 2315 649 2378 Ob
669 2316 800 2378 nebulae
820 2320 943 2398 nigrum
962 2335 1109 2384 vocatum
1129 2349 1185 2408 pu·

153 2433 223 2480 tant
248 2421 343 2482 etiarn
369 2419 480 2500 aliqui,
520 2431 558 2478 ut
584 2415 671 2500 [upra
697 2419 807 2479 notavi
834 2419 873 2480 ad
905 2439 1018 2482 vocem
1054 2425 1186 2494 Pontua.

152 2519 367 2584 Periculosum
388 2519 447 2580 elle
471 2539 572 2588 mare.
603 2533 634 2580 et
658 2521 779 2589 ventio.
810 2521 948 2582 maxime
972 2525 1185 2604 aquilonibur.

152 2623 350 2692 obnoxium,
383 2622 523 2702 rarisque
551 2619 734 2682 [lationibue
761 2621 886 2682 rellatur
915 2623 1010 2684 etiam
1038 2631 1187 2694 l’ocncke

152 2725 194 2798 Τ.
212 2738 243 2800 3.
262 2744 292 2805 p.
310 2742 354 2784 m.
374 2731 454 2800 149.
490 2720 722 2802 Terrtpellatem
738 2742 753 2782 a
772 2739 870 2783 vento
890 2737 1007 2785 motam
1028 2732 1188 2812 marisque

153 2823 312 2886 saevitiam
328 2837 474 2904 expertus
494 2836 557 2883 erat
575 2823 737 2893 Arrianus.
761 2837 796 2882 ut
813 2821 875 2904 ipse
892 2843 993 2885 narrat
1011 2828 1042 2886 in
1063 2835 1186 2913 periplo

151 2946 225 3010 pag.
241 2935 276 3002 4.
296 2923 393 2986 Hurll.
418 2937 449 2986 at
474 2923 546 2984 telle
564 2923 730 2984 Gerlachio
746 2924 829 3005 apud
848 2923 1023 2985 Martinam
1041 2929 1187 2994 Crtrfinm

152 3029 187 3088 iu
210 3029 334 3088 Turco·
348 3025 474 3086 Graecia
496 3045 526 3108 p.
545 3041 628 3088 eor.
654 3025 826 3106 quotannia
847 3024 970 3088 circiter
993 3027 1038 3091 60
1060 3035 1187 3119 travigia

151 3130 188 3191 itt
211 3147 251 3192 eo
273 3125 420 3211 peieunt.

230 3329 370 3412 molli)
420 3329 472 3390 Sic
494 3327 658 3392 Strabur.
679 3347 751 3411 pag.
768 3327 825 3405 36.
842 3324 937 3406 l.5.2
958 3329 995 3390 ad
1018 3329 1187 3398 Phafidem

151 3425 326 3516 Κολχικὴν
347 3427 513 3517 παραλίαν
533 3431 613 3490 dicit
633 3427 691 3490 ello
713 3425 851 3516 διἀμμον
877 3423 931 3492 ttui
955 3429 1107 3516 ταπεινὴν
1130 3430 1185 3500 atui

151 3528 329 3644 μαλακὴν,
355 3545 393 3592 ut
414 3523 562 3617 μαλακὸς
585 3529 719 3611 laepeet
741 3531 840 3590 rrrollir
862 3529 1047 3606 hoclenlu
1066 3536 1186 3619 dequo

152 3607 254 3718 lupia.
289 3629 390 3696 Molle
411 3633 489 3693 litus
507 3629 616 3695 Caelar
632 3630 724 3692 dell.
736 3630 775 3693 G.
791 3643 824 3708 5,
840 3643 875 3710 3.

229 3837 390 3899 Aturrus
397 3835 415 3917 )
466 3834 571 3898 Notus
592 3835 635 3896 est
657 3835 746 3896 locut
770 3832 881 3894 Ovidii
901 3833 992 3898 Trisl.
1014 3845 1048 3914 4.
1068 3845 1104 3917 4.
1126 3852 1186 3920 55.
1281 3843 1286 3858 “

153 3937 290 4018 Frigida
308 3958 355 3996 me
374 3935 516 3998 cohibent
535 3939 656 3997 Euxini
676 3937 770 3996 litora
786 3934 1049 4006 Pontii-Dictus
1070 3937 1111 3999 ab
1130 3963 1186 4004 ott·

152 4041 252 4122 liquis
278 4046 409 4100 Axenus
431 4039 480 4099 itte
493 4029 579 4126 snit.
632 4039 670 4098 ln
693 4038 827 4097 nomine
850 4035 983 4118 eiusque
1009 4044 1186 4108 mutatione

152 4155 297 4204 ructaret
315 4145 439 4202 vererer
454 4136 674 4210 consentiunt.
697 4151 733 4198 ut
747 4135 859 4198 Strabo
878 4150 910 4210 7.
926 4158 958 4220 p.
972 4141 1056 4204 206.
1067 4139 1089 4205 l.
1102 4158 1184 4224 apa.

768 4237 829 4299 On
859 4251 879 4300 tt
1069 4255 1073 4264 ·
