2922 4958
368 414 432 476 aaa
640 419 799 478 NOTAE
841 419 1138 478 EXEGETICAB

370 587 406 654 in
426 577 492 674 quo
507 581 635 680 sstip'p‘ot
653 611 693 654 ex
712 591 801 655 cursu
816 593 856 656 de
873 593 957 671 Cyro
981 592 1171 678 agnoscitur.
1228 593 1283 654 Ex
1305 592 1412 675 quihus

369 695 500 776 quidem
522 693 674 764 essicitur,
710 714 822 778 parum
845 695 954 757 ttabtte
976 695 1064 757 suisse
1087 696 1148 757 hoc
1169 713 1304 756 nomeu
1332 711 1364 756 et
1381 695 1410 753 ad

371 793 552 858 Caucasum
575 793 683 856 referri
706 797 832 859 debere.
882 799 935 860 Sic
958 811 990 858 et
1006 795 1184 875 Cambysen
1202 797 1240 854 in
1258 795 1411 858 Caucasis

369 897 537 960 montibus
561 897 634 958 oriri
660 899 737 959 dicit
759 899 883 961 Plinius
899 899 932 968 6.
953 913 1007 975 15.
1025 897 1046 960 s.
1070 913 1123 974 13.
1150 897 1206 980 qui
1227 894 1320 958 infra
1339 897 1412 980 apud

371 997 523 1060 Nostrum
541 1011 572 1078 3.
590 1010 622 1075 5.
641 999 675 1062 6.
697 1018 736 1060 ex
753 999 909 1062 Coraxico
924 1013 1035 1062 monte
1056 999 1172 1061 editur.

447 1091 678 1190 Caucasis)
710 1101 763 1162 Sic
778 1116 810 1162 et
824 1101 954 1170 Plias.
972 1099 1127 1180 15.s.15.
1155 1093 1348 1164 siautta'ota
1366 1093 1414 1185 spu

372 1201 487 1264 Strabo
510 1223 563 1264 tt.
580 1221 611 1283 p.
628 1213 711 1281 347.
728 1200 749 1265 s.
766 1213 849 1282 504.
879 1202 1081 1286 Agathemer.
1101 1217 1134 1272 Ω,
1150 1221 1184 1282 9.
1201 1201 1251 1264 in.
1283 1201 1414 1280 Dionys

370 1324 406 1368 v.
425 1303 509 1381 663.
531 1304 657 1383 aliique.
709 1303 841 1386 Proprie
864 1323 930 1366 uuo
953 1303 1051 1365 verbo
1077 1293 1245 1393 Caucasus
1270 1318 1415 1370 vocatur.

370 1425 429 1489 per
444 1405 638 1486 periphrastu
654 1405 753 1475 varie,
776 1419 814 1465 ut
831 1400 1009 1495 Caucasiae
1024 1425 1125 1486 rupes,
1143 1405 1220 1485 iuga
1236 1437 1295 1452 -·
1324 1405 1416 1466 sutel-

370 1507 481 1590 ligitur
501 1517 610 1566 autem
632 1505 686 1569 hic
707 1525 801 1569 verua
823 1507 876 1569 isle
896 1505 1074 1576 Caucasus.
1106 1525 1201 1588 quem
1218 1505 1324 1566 multi
1347 1527 1416 1568 cum

371 1609 485 1672 Iudico
502 1604 715 1680 confundunt,
731 1610 770 1669 de
785 1627 847 1689 quo
858 1608 963 1690 aliqua
979 1609 1093 1670 monui
1107 1606 1198 1688 supra
1213 1607 1256 1666 ad
1270 1627 1303 1677 t,
1318 1621 1376 1684 15.
1387 1625 1415 1670 o.

369 1709 463 1792 plura
481 1707 649 1771 Salmasius
665 1710 704 1769 ad
721 1709 820 1772 Sosin.
837 1729 869 1791 p.
886 1731 930 1773 m.
944 1719 1018 1788 554
1027 1707 1089 1790 sqq.
1124 1709 1174 1770 De
1190 1707 1314 1770 sinibus
1331 1712 1416 1768 varia

370 1811 531 1894 leguntur,
555 1822 588 1872 et
610 1809 793 1872 Eustathitte
809 1811 888 1872 adeo
910 1811 949 1871 ad
966 1808 1098 1888 Dionys.
1117 1831 1148 1871 v.
1161 1807 1245 1888 663.
1272 1813 1416 1870 maxime

370 1907 500 1975 boreale
526 1913 623 1972 Tauri
652 1909 849 1997 segmentum
877 1913 955 1972 dicit
984 1925 1220 1994 promovetque
1255 1910 1298 1970 ad
1328 1930 1415 1971 mare

372 2011 528 2079 Granium
543 2025 575 2075 et
592 2011 754 2096 Rhipaeos
773 2015 851 2076 oiim
866 2025 1011 2086 montem
1036 2031 1137 2096 prope
1152 2010 1310 2093 Caspium
1327 2031 1416 2072 more

371 2116 466 2202 ponit
481 2114 703 2178 Eratosthenes
717 2116 802 2197 apud
816 2113 923 2178 schol.
934 2115 1097 2197 Apollonii
1113 2113 1176 2176 Rh.
1193 2114 1233 2173 ad
1250 2127 1284 2182 a.
1305 2125 1416 2190 1251.

372 2215 550 2301 perustam
568 2217 622 2277 alii
640 2217 762 2279 ducunt
779 2215 886 2278 versuo
901 2235 988 2305 mare
1005 2215 1181 2282 Orientale.
1206 2215 1331 2295 dequo
1350 2215 1417 2274 vid.

371 2319 486 2395 Heyue
502 2319 541 2378 ad
557 2318 745 2402 Apollodor.
762 2335 795 2389 Ω,
815 2329 845 2396 5.
870 2338 882 2377 ι
896 2337 924 2378 ι.
958 2317 1078 2379 Poetae
1094 2317 1247 2396 Scythiae
1263 2329 1417 2376 montem

371 2437 490 2482 vocare
514 2418 630 2490 solent.
656 2433 692 2498 ut
714 2419 813 2484 Ovid.
837 2418 971 2482 Metam.
987 2434 1019 2489 a,
1038 2427 1121 2496 224.
1151 2429 1184 2496 8.
1209 2427 1294 2495 793.
1330 2419 1417 2477 unde

373 2521 463 2581 varia
478 2521 525 2578 isli
542 2520 739 2592 tribuuntur,
762 2540 843 2603 quae
858 2518 1057 2602 asperitatem
1074 2521 1143 2582 ciue
1156 2519 1296 2602 gesaque
1313 2519 1417 2578 decla·

370 2635 454 2682 reut.
499 2621 612 2683 Veriue
630 2623 708 2684 since
731 2621 911 2684 describunt
929 2621 1132 2706 Geographi.
1157 2621 1191 2680 in
1213 2620 1251 2679 iie
1273 2623 1417 2680 maxime

374 2719 491 2784 Strabo
511 2738 567 2786 tt.
589 2742 621 2804 p.
641 2733 724 2802 542.
741 2721 762 2784 s.
779 2735 864 2803 497.
892 2723 949 2784 ubi
969 2724 1061 2784 dicit:
1094 2723 1179 2783 iuter
1194 2721 1363 2781 Euxinum
1385 2735 1419 2782 et

372 2821 524 2905 Caspium
547 2841 636 2886 mate
654 2823 803 2886 isihmuut
827 2825 1046 2894 intercludere.
1073 2821 1181 2885 versus
1204 2821 1347 2882 austrum
1364 2825 1419 2883 ad·
1448 2891 1449 2919 1

372 2926 497 3010 tingere
519 2924 658 2986 iberiam
675 2939 708 2988 et
721 2926 900 2996 Albaniam.
924 2927 1116 2988 Sarmatiam
1139 2921 1419 2997 versoeborean13

373 3047 448 3088 cum
469 3046 535 3108 quo
560 3025 764 3089 consentiunt
788 3029 821 3088 iu
843 3027 970 3110 stngusie
994 3025 1139 3108 partibus
1156 3027 1242 3085 varie
1264 3025 1418 3088 indicatio

372 3127 532 3190 Herodot.
555 3145 584 3198 t,
612 3139 693 3208 204.
728 3129 951 3193 Eratosthenes
977 3130 1062 3208 apud
1084 3127 1191 3190 Schos.
1215 3127 1324 3208 Apoll.
1345 3151 1372 3190 c.
1396 3129 1418 3189 l.

372 3227 536 3292 Plutarch.
561 3229 593 3288 in
614 3229 773 3311 Pompeio
793 3250 820 3293 c.
837 3240 894 3308 34.
914 3231 959 3290 in.
985 3231 1101 3290 heieu.
1118 3248 1149 3289 v.
1165 3239 1248 3304 875.
1285 3227 1419 3291 Orosius

378 3349 408 3400 t,
436 3347 468 3391 a.
503 3328 668 3391 Theodor.
687 3331 774 3391 Gaza
791 3334 831 3392 de
848 3332 963 3414 origin.
979 3331 1112 3390 Torcor.
1132 3349 1205 3411 pag.
1230 3343 1310 3390 tat.
1337 3333 1417 3394 Ven.
1447 3335 1448 3352 ¹

373 3429 558 3492 Eustathiue
569 3431 607 3490 ad
619 3429 752 3509 Dionys.
763 3433 888 3510 v.639.
907 3465 959 3477 --
985 3432 1056 3492 Viti.
1068 3429 1217 3490 Stuckiue
1234 3429 1275 3488 ad
1291 3431 1418 3493 Arriani

372 3531 484 3614 peripl.
507 3551 540 3613 p.
563 3530 641 3596 106.
695 3534 821 3594 Doceat
844 3535 876 3593 id
901 3533 998 3593 etiam
1020 3531 1189 3595 Caucafiae
1211 3545 1338 3610 portae.
1363 3554 1418 3616 per

373 3651 452 3714 quae
466 3633 672 3694 exSanuatia
688 3634 752 3693 itur
768 3636 800 3694 in
815 3634 964 3704 iberiam,
980 3648 1018 3693 ut
1030 3653 1069 3694 ex
1083 3633 1187 3692 Psiuio
1201 3633 1234 3698 6.
1256 3649 1312 3696 tu.
1325 3635 1347 3696 s.
1365 3657 1415 3696 tt.

374 3734 515 3816 adparet,
536 3735 591 3814 qui
608 3733 700 3794 samus
716 3750 838 3805 monet,
858 3735 942 3794 maie
958 3754 975 3794 a
991 3734 1155 3795 uounussie
1169 3731 1327 3796 constantii
1345 3757 1418 3798 cum

375 3833 507 3918 Caspiis.
541 3833 592 3897 cf.
619 3833 734 3898 Cessat.
753 3837 786 3895 in
810 3835 927 3920 Geogt.
954 3851 1019 3897 ant.
1041 3853 1073 3920 3,
1098 3855 1151 3903 to.
1169 3849 1201 3908 7.
1229 3849 1262 3896 et
1280 3837 1367 3899 Psin.
1386 3840 1417 3906 6.

380 3947 435 4013 15.
458 3949 514 4016 13.
551 3937 601 3997 De
618 3934 741 4018 Caspiis
763 3951 870 3999 autem
887 3939 985 4018 portis
1002 3937 1068 3999 vid.
1088 3933 1177 4018 supra
1194 3935 1232 3995 ad
1259 3957 1286 4006 t.
1311 3953 1368 4018 15.
1387 3955 1417 4001 a.

375 4035 529 4120 Caspium
558 4051 666 4100 tamen
696 4039 836 4101 eundem
860 4041 958 4100 etiam
983 4039 1092 4098 vocati
1115 4037 1156 4098 ab
1185 4039 1303 4101 accosse
1324 4055 1418 4103 antea

374 4141 499 4200 notavi.
537 4137 638 4200 Porro
659 4140 728 4201 eiua
744 4141 881 4202 altitudo
904 4139 1089 4209 celebratur,
1112 4139 1199 4199 uude
1216 4141 1316 4202 etiam
1337 4138 1419 4230 ὁρῶν

374 4234 525 4332 μέγιστον
547 4254 644 4302 vocat
663 4241 865 4324 Stephanae.
891 4255 925 4304 et
944 4241 1007 4305 hoc
1022 4241 1156 4304 nomiae
1174 4259 1248 4304 cum
1262 4241 1422 4326 Rhipaeis
