2764 4958
133 385 330 444 ttttottn
357 387 467 442 Mitt.
508 386 591 442 Μ.
633 385 767 448 evm.
809 385 939 456 tas.
988 397 1051 460 2¹5

63 553 135 618 firma
148 573 261 638 praeter
281 549 466 650 Damascos
487 559 572 640 apud
589 559 709 620 Lucan.
728 571 759 636 5.
782 567 866 636 215.
890 557 948 619 nbi
964 573 997 620 et
1013 559 1048 620 iri

62 659 143 736 recepit
163 659 414 742 Oudendorpius.
465 657 551 721 infra
577 673 687 722 tamen
715 659 769 720 hic
795 675 826 728 ε.
852 676 882 730 e.
906 660 938 722 6.
970 655 1046 720 libri

61 758 142 816 roiunt
157 763 248 820 etiam
266 753 435 854 Doriscos.
476 761 514 822 in
534 761 697 823 nonnullis
713 773 844 840 utreque
860 760 1044 822 terminatio

58 853 221 924 duincrionir
242 861 330 922 causa
354 863 477 922 variare
500 861 630 923 videtur
651 873 688 922 ut
711 874 745 932 o,
770 875 803 936 7,
826 860 860 924 6.
894 859 1046 942 Canopos

55 954 184 1032 deiniuia,
211 963 360 1044 canopus
376 964 417 1024 de
433 962 578 1026 homine.

95 1099 218 1196 finit
241 1104 494 1203 Africam)
542 1113 646 1196 Supra
665 1119 746 1194 ι,4.
769 1111 804 1174 in
824 1101 945 1202 Africa
961 1109 1043 1174 Nilo

54 1211 191 1275 inminuta.

173 1417 201 1493 ς.
231 1427 265 1494 3.
320 1413 454 1499 Orno)
502 1417 547 1478 Ut
572 1414 613 1476 ab
639 1414 784 1478 Herculio
806 1415 964 1478 columnis
988 1415 1042 1478 de·

51 1503 142 1590 [criptae
163 1513 233 1576 iunt
254 1515 429 1578 secundum
454 1518 547 1581 litora
572 1517 668 1580 nostri
691 1518 798 1580 marie.
849 1535 1037 1582 vanitate.

48 1606 213 1795 Ξζὲἱῐὲιὴὶε
238 1617 354 1680 ordine
375 1637 413 1680 ea
438 1617 651 1702 persequitur,
685 1637 767 1699 quae
795 1613 887 1700 iupra
907 1637 977 1700 cap.
1001 1625 1037 1698 4.

91 1864 281 1957 nostrum)
332 1867 431 1952 Quod
447 1871 568 1932 mirum
586 1889 654 1934 non
675 1870 734 1942 eii,
762 1869 919 1952 quoniam
942 1867 1038 1932 fascea

47 1955 147 2026 tomani
162 1969 280 2050 ubique
300 1983 393 2032 erant
412 1971 538 2032 domini
558 1991 614 2054 per
629 1989 720 2033 oram
736 1969 875 2042 Africae,
901 1982 938 2031 ut
959 1969 1036 2030 hino

44 2064 112 2124 multa
127 2088 182 2148 pro
204 2071 303 2132 bonit
323 2083 380 2130 aut
401 2073 494 2134 malie
514 2072 632 2135 habere
652 2071 837 2140 debuerint,
870 2089 937 2132 non
955 2087 1037 2150 quae

46 2155 69 2218 fic
86 2165 147 2228 olim
172 2170 434 2232 existimabantur
458 2173 497 2234 ab
527 2173 703 2234 maioribus
730 2185 785 2233 aut
808 2169 1036 2241 Phoenicibus,

44 2275 76 2320 an
88 2271 208 2350 antiquie
223 2269 326 2340 Afris,
354 2269 406 2332 ied
422 2287 515 2354 prout
531 2275 671 2336 Rotnani
692 2272 879 2336 statuebant.
913 2291 937 2334 r.
955 2289 1038 2332 ono·

44 2374 130 2429 torrrr
149 2372 224 2434 MS.
280 2375 454 2452 Sequentia
475 2373 514 2435 de
536 2375 652 2460 linguis
674 2375 777 2436 laxius
798 2374 838 2434 ad
862 2393 966 2434 moret
988 2392 1036 2434 re·

42 2453 153 2533 ittuntur.
199 2475 293 2534 Tum
313 2476 423 2553 quaeri
444 2475 562 2556 potest,
596 2489 705 2534 utrum
729 2476 811 2536 inter
834 2471 863 2534 ie
885 2472 1035 2534 differant

41 2555 133 2645 linguis,
145 2591 195 2672 rm
212 2593 230 2633 a
247 2574 416 2636 Romania.
455 2575 527 2635 Hoc
544 2595 663 2636 nexum
679 2575 781 2658 magis
796 2575 956 2642 continet,
982 2573 1033 2636 sed

40 2669 172 2742 utranam
188 2674 320 2754 probari
335 2671 444 2754 polin,
470 2677 562 2738 unice
582 2677 614 2736 in
632 2679 712 2735 mari
729 2675 844 2736 accolis
857 2675 908 2735 vei
928 2677 1034 2756 proxi·

39 2762 76 2822 uis
91 2767 309 2835 [absistendum
332 2773 384 2836 est.
420 2776 492 2836 Huc
511 2777 599 2837 enim
616 2775 728 2836 Graeci
750 2773 949 2842 accesserunt,
975 2771 1030 2850 (cf.

39 2869 134 2932 omnino
148 2875 309 2937 Herodot.
326 2885 361 2954 4,
380 2887 448 2952 155
465 2874 543 2960 sqq.)
566 2875 633 2957 post
647 2878 868 2937 Romanorum
886 2876 1031 2937 coloniae

37 2965 109 3030 niiiae
128 2971 211 3047 iant,
247 2993 332 3056 quae
353 2975 499 3055 pristinae
519 2978 649 3060 linguae
670 2977 884 3036 mutationem
904 2977 1034 3036 invexe-

38 3077 97 3138 mut,
121 3075 160 3133 ita
177 3090 310 3140 tamen.
343 3088 379 3134 ut
395 3077 524 3160 vestigia
541 3079 608 3138 eius
623 3077 655 3136 in
666 3077 782 3154 ¹rnuitio
796 3076 899 3138 verbis
920 3075 1031 3137 reorte-

36 3178 94 3238 rrnt,
115 3177 161 3235 rel
180 3179 359 3240 verborum
375 3173 497 3238 ionnae
517 3179 778 3258 depravarentur.
818 3179 871 3238 Sic
892 3175 1033 3256 neapolin

36 3267 90 3339 luit,
111 3289 138 3334 et
156 3275 247 3360 supra
271 3277 418 3338 locorum
439 3279 585 3340 nomina.
627 3277 683 3338 Sir.
701 3298 739 3338 ex
755 3277 928 3360 Augustino
944 3273 1033 3336 disci·

36 3357 559 3466 ¹111.Hipponenses'dixiiiefloriet,
581 3369 680 3468 offam
699 3398 757 3460 pro
774 3377 909 3445 florebit.
931 3396 978 3440 oe.

83 3515 153 3614 uisi
191 3527 329 3610 quod)
388 3529 426 3588 in
460 3529 721 3610 exceptionibus,
755 3525 1031 3588 moderationibus

36 3617 115 3692 nster,
136 3626 251 3708 paisrrn
273 3627 412 3710 usurpat.
452 3629 505 3688 Sic
522 3643 554 3705 3,
577 3649 630 3701 ro,
649 3645 681 3708 3.
706 3643 739 3689 et
756 3627 831 3687 alibi
846 3627 968 3698 flatilia,
993 3639 1032 3688 ut

36 3717 133 3874 girba
155 3726 215 3818 rrifl
238 3729 329 3800 trude,
353 3725 414 3820 rifi
435 3731 565 3812 quorurit
591 3763 640 3778 -
673 3725 724 3794 Cf·
740 3729 780 3789 de
796 3726 974 3790 hassfffl'ffl
989 3729 1029 3788 ad

65 3835 127 3908 trop.
149 3849 202 3901 to,
224 3851 283 3894 tu.

79 3975 196 4042 Deum
207 3981 226 4062 )
277 3985 329 4044 Do
349 3981 409 4042 hac
431 3981 651 4042 contractione
673 3981 794 4042 dictum
816 3979 849 4038 in
871 3991 938 4040 not.
962 3979 1032 4042 crit.

34 4063 65 4128 ⁵1⁶
80 4075 180 4156 pamm
202 4098 237 4146 et
261 4085 317 4145 alii
343 4097 486 4149 auctores
511 4081 656 4167 prosaici.
704 4081 777 4144 Vid.
802 4077 969 4146 Drakenb.
991 4080 1032 4142 ad
