2764 4958
311 433 373 506 244
579 423 739 484 ttosau
779 423 1081 482 uxaoarrcra

314 605 404 689 plura
428 601 547 680 aliaque
578 597 700 658 dabunt
728 609 871 660 auctores
898 597 1044 660 historiae
1064 593 1232 659 universal.
1255 595 1292 658 Τ.
1313 614 1342 657 ι.

317 727 350 790 p.
375 700 457 783 362.
491 701 619 760 Ditmar
639 698 767 761 Beschr.
792 700 847 761 dea
867 699 951 761 alten
974 701 1158 783 Aegyptam
1178 699 1247 759 luit.
1293 697 1341 758 De

280 830 286 842 ·
319 809 388 871 eius
402 802 524 865 ambitu
542 815 573 862 et
590 799 747 862 divisione
763 815 910 862 veterum
925 815 1092 862 auctorum
1112 801 1181 862 loca
1201 796 1345 860 exhibue-

319 919 396 970 ruut
409 905 524 970 iidem.
551 901 668 983 quibus
681 903 755 962 addi
769 903 868 983 potest
884 904 915 962 iu
933 903 1044 982 primis
1059 901 1219 962 d’Anville
1232 900 1265 959 in
1280 897 1345 960 Me·

320 1011 440 1072 moires
462 1003 512 1064 sur
532 999 685 1085 l'Egypte
697 1005 852 1064 ancienne
870 1015 902 1064 et
916 1003 1082 1073 moderne,
1105 1015 1139 1064 et
1153 1021 1232 1083 qrrur
1252 1018 1287 1060 ex
1301 1019 1348 1059 re·

320 1105 516 1173 cautioribus
536 1105 674 1164 maxime
698 1105 851 1186 produxit
872 1105 1048 1166 Hartruann
1075 1103 1113 1163 ad
1136 1101 1251 1164 Edrifii
1270 1098 1349 1162 tiri-

321 1231 390 1274 cam
411 1227 444 1290 p.
465 1219 535 1282 525
553 1203 595 1286 sq.
618 1205 676 1266 alia
695 1207 729 1265 in
751 1203 815 1285 ipsa
837 1204 940 1266 Melae
956 1206 1132 1266 narratione
1152 1202 1349 1266 obiicientur.

323 1312 410 1396 Quia
433 1306 528 1368 Nilus
548 1306 656 1368 dextra
679 1305 829 1386 laevaque
850 1303 971 1366 divisus
994 1303 1179 1366 inferiorern
1200 1305 1266 1364 eius
1285 1321 1353 1383 par·

322 1427 390 1474 tem
413 1407 560 1488 amplexu
578 1405 634 1466 suo
651 1407 859 1477 determinat,
893 1409 1047 1488 quosdam
1068 1407 1249 1490 Aegyptum
1271 1404 1354 1464 inter

323 1509 437 1576 insulas
458 1505 596 1569 retulisse
620 1505 725 1569 scribit
747 1509 874 1570 Plinius
890 1520 923 1584 5,
944 1525 978 1586 9.
995 1505 1016 1569 s.
1034 1517 1069 1585 4.
1103 1520 1187 1568 certe
1210 1504 1355 1568 maximia

324 1615 511 1676 adnumerat
527 1609 648 1692 Hygia.
664 1605 726 1671 sab.
747 1621 828 1686 975.
857 1621 890 1671 et
909 1607 976 1670 Nili
998 1607 1129 1669 insulam
1147 1607 1254 1668 vocari
1269 1603 1356 1686 polle

324 1716 368 1778 ait
388 1712 535 1773 Martian.
552 1709 630 1790 Cap.
653 1709 708 1772 lib.
726 1711 760 1774 6.
781 1705 817 1792 p.
832 1721 914 1787 918.
949 1709 1036 1772 uude
1058 1709 1155 1771 etiam
1171 1704 1269 1794 stipor
1291 1703 1358 1770 τοῦ

326 1809 481 1900 ποταμοῦ
498 1831 572 1872 curn
587 1811 654 1872 aliis
668 1811 746 1872 dicit
760 1809 904 1872 Euslath.
920 1811 959 1872 ad
976 1807 1108 1890 Dionys
1126 1829 1160 1872 r.
1179 1826 1259 1870 999.
1290 1807 1359 1870 Sed

327 1915 369 1981 es.
391 1913 548 1978 Herodot.
572 1926 604 1981 9,
628 1923 660 1987 5.
697 1912 852 1975 Aristotel.
873 1909 1043 1974 Meteorol.
1071 1933 1100 1982 r,
1130 1920 1187 1992 14.
1221 1907 1361 1973 Diorlor.

329 2033 363 2099 3,
382 2031 415 2097 3.
439 2013 591 2075 Manilius
606 2013 726 2075 Allron.
737 2025 772 2094 4,
789 2021 873 2092 774.
898 2013 1103 2074 Germanicus
1118 2013 1152 2072 in
1167 2012 1252 2072 Arati
1266 2009 1365 2090 phae-

327 2140 419 2183 uom.
445 2137 477 2178 v.
494 2127 577 2191 955.
604 2115 643 2175 de
665 2116 757 2176 Delta
777 2115 931 2184 maxime,
965 2126 998 2176 et
1020 2133 1101 2195 quae
1121 2113 1159 2173 ad
1177 2111 1365 2174 Diodorum

327 2218 455 2284 notavit
488 2213 720 2299 wesselingius.
770 2212 911 2296 Operose
942 2215 1029 2277 idem
1063 2213 1220 2275 adllruere
1246 2213 1368 2274 nititur

327 2323 422 2386 Shaw
437 2319 471 2378 in
487 2317 557 2376 itin.
574 2318 614 2378 T.
634 2333 665 2379 9.
683 2337 715 2398 p.
732 2336 777 2378 m.
800 2327 866 2392 ¹85
887 2313 947 2397 sqq.
999 2317 1111 2400 Qualis
1129 2315 1163 2375 in
1181 2315 1288 2375 numia
1310 2315 1369 2374 arl-

326 2433 448 2506 pareat,
475 2417 575 2476 veluti
599 2417 777 2486 crocodilo,
804 2417 905 2486 ibide,
939 2417 1039 2486 sistro,
1067 2417 1154 2486 loto,
1184 2415 1261 2482 Nilo
1282 2415 1372 2478 aliie·

327 2543 389 2604 qne
407 2519 498 2602 lignis
515 2517 679 2598 adpositis,
702 2517 864 2578 docebunt
878 2516 999 2578 Prasche
1013 2519 1046 2578 in
1061 2519 1138 2580 Lex.
1155 2536 1246 2578 uum.
1267 2517 1310 2578 T.
1333 2535 1369 2580 r.

327 2625 367 2687 P.
389 2641 417 2686 ι.
443 2638 512 2702 pag.
534 2631 601 2694 ¹¹5
620 2617 681 2700 sqq.
709 2633 749 2692 ,ot
770 2617 909 2681 Eckhel.
934 2619 969 2681 in
988 2619 1131 2682 doctrina
1154 2636 1246 2680 uum.
1269 2617 1311 2680 P.
1333 2637 1371 2682 t.

276 2789 295 2814 s
325 2723 400 2787 Vol.
416 2731 452 2800 4.
473 2741 506 2804 p.
526 2737 569 2798 29
590 2718 652 2802 sqq.

405 2925 494 2986 imru
504 2923 514 2978 i
515 2911 545 3012 s
538 2911 569 3012 s
569 2943 589 2981 n
597 2919 616 3002 )
666 2921 809 2984 Declarat
828 2921 915 2984 hune
938 2923 1048 2986 locum
1061 2921 1188 2986 Plinius
1204 2932 1236 3000 5.
1254 2939 1289 3001 9.
1314 2917 1377 2985 his

333 3025 458 3090 verbis:
499 3024 653 3084 Proxima
674 3014 808 3110 Africae
829 3023 978 3086 incolitur
996 3027 1174 3106 Aegyptus,
1208 3014 1377 3114 introrsus

331 3129 378 3191 rui
400 3124 555 3188 meridiem
579 3123 736 3194 recedens,
769 3123 868 3186 donee
882 3147 905 3185 a
927 3137 1015 3206 tergo
1036 3123 1290 3204 praetendantur
1313 3129 1377 3186 Ae·

322 3233 468 3306 ‘tiriopeu
521 3225 572 3286 stc
591 3223 674 3284 Mela
691 3238 722 3303 3.
746 3238 779 3302 3.
804 3221 853 3312 [§.
873 3221 927 3314 3.]
955 3227 995 3287 sle
1017 3225 1150 3287 Arabico
1171 3226 1260 3286 sinu:
1297 3227 1377 3288 Inil

319 3331 460 3413 penitus
490 3317 719 3414 introrsusqne,
750 3327 825 3386 dnm
847 3331 1022 3408 Aegyptum
1049 3349 1149 3407 paene
1175 3339 1207 3388 et
1229 3339 1376 3387 ruorrteru

331 3427 473 3496 Arabisse
508 3423 636 3514 Castum
669 3429 825 3508 attingat.
879 3428 1011 3490 Solinus
1044 3447 1111 3510 cap.
1136 3441 1195 3506 39.
1222 3423 1265 3514 [s.
1289 3421 1376 3514 55.]

333 3537 496 3613 Aegyptus
516 3549 537 3588 a
558 3527 682 3588 meridie
700 3520 856 3620 introrsus
876 3529 1001 3600 recedit,
1027 3527 1135 3611 quoad
1149 3527 1376 3609 praetendunt

331 3634 497 3710 Aethiopes
520 3649 541 3688 a
562 3641 658 3709 tergo.
709 3629 885 3706 Martianus
912 3625 987 3717 [lib.
1006 3631 1040 3692 6.
1061 3650 1093 3712 p.
1116 3623 1220 3715 9ι3.]
1252 3626 1293 3693 V
1289 3651 1376 3690 arsur

334 3738 496 3814 Aegyptus
525 3721 682 3819 introrsus
705 3729 750 3790 nd
776 3731 932 3792 meridiem
959 3730 1076 3800 tendit,
1112 3731 1211 3792 donec
1236 3751 1260 3791 a
1286 3743 1376 3811 terge

337 3835 508 3910 Aethiopes
521 3823 737 3920 adversentur.
763 3851 976 3894 craecourvs.
1021 3832 1069 3894 Ab
1085 3831 1148 3894 hoc
1163 3833 1258 3894 litore
1279 3835 1376 3892 usarii

333 3935 485 4019 Aegyptii
501 3933 626 4014 longius
642 3933 827 4015 porrigitur,
854 3934 1012 4018 longeque
1028 3935 1062 3994 in
1080 3935 1251 3996 interiores
1272 3935 1376 4016 regin

333 4057 391 4100 ues
410 4047 506 4116 patet.
560 4033 738 4094 'l'ranalatio
761 4033 860 4098 suuua
875 4035 918 4096 est
933 4035 971 4096 ab
993 4037 1098 4116 equis,
1124 4053 1265 4117 qnorum
1288 4031 1376 4095 iren¹

332 4155 408 4202 eum
420 4136 607 4208 relaxantur,
623 4134 771 4197 dicuntur
787 4137 931 4204 immitti.
957 4133 1055 4203 Ovid.
1066 4137 1199 4202 Metam.
1214 4135 1269 4216 [r,
1280 4147 1375 4214 280.
