2764 4954
851 169 868 218 0

180 433 230 494 nt
257 433 392 493 tour.
422 433 528 490 nur.
571 432 652 489 nr.
697 433 802 492 nnn
843 431 921 506 rs.
1004 445 1062 514 ⁸⁷¹

64 624 112 666 non
127 607 238 672 adierit.
276 609 328 672 Sic
340 609 373 668 in
386 605 526 669 inferiori
545 607 687 690 Aegypto
701 607 784 666 inter
798 605 904 678 Kriro,
920 607 1066 674 Damintt

63 721 87 767 et
105 707 224 771 Roietto
246 711 350 772 nuiloe
371 711 454 772 vidit
479 707 636 770 Niebuhr.
664 704 774 786 (Reiie
791 707 861 771 Voi.
883 731 911 770 ι.
934 729 966 792 p.
985 717 1064 790 53.)

62 809 141 873 lione
161 809 249 873 iieiie
266 833 298 895 p.
317 821 378 890 38.
401 811 488 872 idem
510 809 670 878 adfirmat.
702 806 732 869 ie
753 804 859 872 nulioe
880 809 925 870 ibi
944 809 1067 894 conspi-

61 927 114 971 cere
130 912 268 993 potuiiie.
309 911 361 976 Cf.
384 925 416 974 et
440 912 576 972 Sounini
597 909 689 973 Reise
710 911 751 976 T.
769 925 802 972 α.
822 931 852 992 p.
873 912 957 974 261.
983 911 1064 990 365.

61 1009 136 1092 Quod
150 1033 247 1095 nuper
262 1015 370 1076 retulit
385 1015 502 1074 Denon
525 1010 644 1092 (lieise)
670 1032 701 1093 p.
720 1023 801 1088 228.
823 1012 903 1072 nulli
920 1011 1067 1076 viiuntnr

58 1109 124 1174 iurtr
147 1113 286 1192 Syenen,
318 1115 471 1198 adparent
494 1112 597 1176 rursus
619 1113 697 1173 uitro
721 1113 938 1184 catarrhactas,
969 1115 1067 1176 rnulti

58 1209 113 1272 iuot
130 1235 224 1296 prope
250 1217 389 1292 Tentyra
412 1228 445 1276 et
467 1215 608 1285 Omboe.
641 1215 775 1296 plurimi
796 1216 883 1276 iuxta
907 1216 1071 1278 Hermon·

58 1311 134 1375 thide.
169 1317 294 1379 Praeter
310 1317 377 1379 illae
393 1315 528 1388 belinae.
558 1335 633 1398 quae
652 1328 736 1377 recte
752 1315 865 1376 Noster
885 1314 997 1410 vastas
1014 1317 1067 1378 ad·

56 1415 145 1494 pellat,
169 1419 258 1500 plura
274 1420 331 1480 alia
348 1418 495 1480 animalia
508 1419 540 1478 in
557 1419 702 1501 Aegypto
718 1418 939 1490 inveniuntur,
966 1419 1069 1482 veluti

56 1515 222 1591 thamnan,
241 1509 373 1612 scincus
396 1553 444 1567 -
468 1517 518 1580 sed
535 1518 587 1580 itta
603 1519 747 1589 notiora,
772 1532 856 1580 certe
873 1520 1003 1584 maiora.

107 1719 236 1800 glebis
252 1719 332 1804 -)
368 1720 464 1806 Quod
482 1719 587 1804 postea
603 1719 779 1783 distinctius
795 1721 939 1804 explicat,
960 1741 1068 1806 quem·

54 1835 127 1896 qnam
145 1843 242 1886 nemo
265 1843 332 1885 non
349 1820 488 1884 fabulam
511 1821 670 1906 agnoscit.
701 1843 779 1904 qnae
800 1823 974 1894 Ovidium.
1000 1846 1066 1886 non

54 1919 170 1984 uoiirum
195 1939 358 1987 auctorem
383 1925 483 1986 decet.
537 1927 584 1986 lte
605 1943 681 1986 vero
701 1925 754 1984 itte
771 1925 904 1987 Metam.
929 1946 958 1996 r,
979 1937 1090 2005 [μσς

54 2021 93 2098 qui
111 2023 203 2107 locut,
230 2047 305 2087 cum
318 2024 458 2086 nostrum
475 2027 601 2110 egregie
617 2025 769 2094 inlustret.
794 2025 843 2086 his
859 2025 964 2089 verbie
982 2045 1068 2088 com·

55 2123 147 2197 potitus
160 2127 273 2189 exiiet:
301 2127 356 2187 Sic
372 2123 425 2187 nbi
437 2117 572 2216 desernit
588 2125 734 2188 madidos
745 2117 956 2218 septemfluus
972 2147 1068 2208 agros

54 2219 137 2296 Nilus,
168 2241 199 2289 et
218 2229 356 2312 antiquo
370 2219 587 2318 suasinnn‘na
608 2226 746 2290 reddidit
768 2227 869 2299 alveo,
902 2227 1067 2290 Aethereo-

54 2340 96 2400 φα
114 2346 212 2390 recens
234 2325 356 2420 exorfit
368 2323 476 2419 fidere
496 2328 609 2402 iimuu
640 2328 782 2390 Plurima
812 2330 949 2391 eunom
969 2325 1068 2420 verstr

55 2425 183 2490 animatia
198 2427 297 2512 glebis
310 2431 494 2498 Inveninnt.
518 2441 549 2492 et
564 2431 597 2492 in
611 2429 661 2491 iris
674 2429 829 2514 quaedam
847 2429 940 2493 modo
953 2445 1068 2508 coepta

51 2513 95 2610 sub
108 2521 202 2618 ipsum
218 2523 389 2623 Nascendt'
401 2519 571 2622 spatium
606 2531 761 2615 quaedam
780 2524 967 2622 imperfecta
982 2523 1067 2624 suir-

55 2643 98 2702 qte
119 2631 240 2693 Trunca
266 2631 377 2694 vident
403 2633 556 2703 numeris,
590 2644 622 2693 et
643 2632 747 2694 eodem
764 2635 801 2694 in
824 2653 952 2715 corpore
968 2626 1068 2724 saepe

55 2725 139 2790 Atera
153 2755 230 2812 pars
245 2735 351 2805 vivit,
377 2733 464 2794 rudis
479 2730 523 2824 est
541 2755 619 2813 pars
633 2733 736 2794 altera
752 2733 853 2798 telins.
906 2736 1067 2818 Deinceps

55 2825 84 2886 de
100 2833 186 2896 canite
203 2833 263 2898 suo
284 2853 387 2896 more.
424 2836 547 2897 Eadem
563 2835 726 2897 Diodorus
743 2837 807 2899 Sic.
827 2855 857 2906 1,
879 2854 933 2898 ro.
953 2837 1066 2898 tradit:

55 2917 115 2992 iret
136 2932 195 3000 σοῦ
230 2933 386 3026 ποταμοῦ
418 2929 477 3023 τὴν
515 2930 723 3024 ἂναχὼρησιν
754 2931 965 3026 ποιουμένου,
1006 2931 1067 3024 τὴν

54 3027 159 3122 πρώτην
179 3038 238 3122 τῆς
261 3028 352 3112 ἰλύος
371 3033 388 3100 ὁ
409 3028 499 3123 ἥλιος
518 3025 712 3126 διαξηράνῃ,
747 3031 831 3122 φασὶ
853 3035 1068 3102 συνίστασθαι

56 3124 123 3214 ζῶα,
153 3136 226 3202 τινα
249 3137 308 3226 μὲν
333 3137 375 3214 εἰς
394 3133 485 3216 τέλος
510 3135 747 3226 ἀπηρτισμένα,
779 3135 854 3203 τινα
877 3134 910 3202 δὲ
930 3133 1067 3226 ἡμιτελῆ

57 3229 187 3324 καῖιπρός
210 3231 301 3328 αὐτῆ
321 3238 459 3330 συμφυῆ
481 3239 525 3326 τῆ
540 3240 594 3326 γῆ.
647 3241 674 3302 1.
699 3241 884 3302 Gronovius
910 3239 979 3304 MS.
1005 3241 1068 3303 huc

56 3331 215 3401 admoverat
237 3343 348 3402 locunt
371 3342 531 3406 luvenalie
558 3363 587 3415 r,
613 3353 672 3422 83.
700 3341 937 3427 Paullatimqne
958 3344 1069 3404 anima

56 3433 192 3503 ‘tinemut
214 3443 324 3504 moiiio
341 3433 444 3535 saxo.

112 3643 292 3727 vitalia)
341 3645 497 3709 Animalia
520 3646 621 3708 vitam
645 3645 804 3710 habentia.
850 3643 977 3712 Vitatta
996 3667 1069 3730 pro·

58 3737 108 3813 ptie
128 3744 274 3808 dicuntur
295 3748 459 3810 interiores
476 3751 660 3810 animalium
684 3765 798 3832 parter,
825 3761 863 3808 ut
882 3768 945 3820 cor,
969 3751 1067 3828 jecur,

58 3841 213 3920 terebrum,
239 3850 369 3931 pulmo,
395 3851 551 3913 intestina.
590 3867 759 3912 onnuvtre
775 3849 852 3912 MS.
905 3850 1005 3932 Saepe
1030 3851 1069 3914 stc

58 3935 172 4007 tbioiute
194 3951 313 4011 vitalia
337 3953 453 4012 dicitur
469 3953 509 4014 de
532 3951 744 4014 nobilioribus
767 3950 923 4034 partibus,
954 3951 1070 4032 quibue

58 4037 319 4124 incutiuntur,
354 4055 401 4114 uti
424 4067 458 4114 et
480 4053 595 4114 Lexica
618 4053 745 4116 docent.
798 4052 927 4114 Orosrue
952 4067 984 4127 7,
1010 4064 1069 4130 23.

58 4139 214 4235 putrefacto
246 4144 418 4244 introrsum
445 4167 571 4237 pectore
602 4167 634 4216 et
659 4151 812 4218 vitalibus
837 4145 1004 4246 dissolutis
1028 4154 1069 4218 de
