2852 4946
218 277 269 334 ru
294 275 433 334 rone.
463 275 570 332 unt.
611 275 647 332 r..
669 277 692 330 1.
733 271 864 330 nnn.
906 272 984 342 ιι.
1059 279 1122 349 ⁴⁰7

74 445 316 510 Erichthonius
331 450 391 519 ita.
415 463 453 509 ut
470 448 540 530 poll
556 447 741 510 Semiramio
755 446 1009 530 amplificaverit,
1035 445 1123 508 ‹leio-

77 548 180 611 lntam
197 568 264 611 uno
281 551 333 612 die
354 549 475 612 Ninive
490 569 544 610 rex
564 549 763 620 excitaverit,
789 549 877 630 quorl
894 561 983 610 antea
1000 548 1040 608 de
1054 549 1123 610 Sar·

76 649 240 732 danrpalo
265 654 396 724 notavi;
422 649 595 736 (Geneime
621 669 649 712 c.
675 647 720 730 l.)
765 649 913 718 Sandan.
953 649 1120 730 Aethiope.

76 749 306 834 (Ameriam.
323 754 345 816 l.
372 773 444 814 curn
459 765 535 814 nota
551 747 685 834 Valefii.)
718 745 868 836 ’Δργιὶιιν
890 743 1026 814 ἄποικον
1046 747 1122 812 lacit

76 852 267 933 Stephanue
288 865 322 914 et
345 869 417 915 ante
436 873 511 914 euru
533 853 645 914 Strabo
666 863 719 929 14.
744 873 776 934 p.
791 854 877 930 465.
896 850 917 914 i.
935 853 1018 931 673.
1071 851 1122 912 Ex

76 954 204 1034 quibus
226 955 356 1034 quirlom
384 956 553 1036 antiquitas
578 953 665 1014 urbis
690 951 759 1014 latit
783 953 966 1014 declaratur.
1020 951 1120 1036 Quod

76 1056 181 1115 tradit
196 1053 323 1116 Malalas
339 1075 368 1117 c.
381 1057 403 1118 l.
429 1071 501 1117 ante
520 1051 566 1114 ibi
583 1054 705 1116 steterat
723 1055 815 1116 victu
830 1045 1006 1145 Audrcsus.
1050 1053 1119 1115 Alia

75 1157 218 1216 nomina
239 1156 304 1236 poll
318 1157 479 1240 impolita.
506 1176 585 1238 quae
605 1169 711 1218 tamen
732 1157 924 1240 cognomina
942 1155 1050 1242 potius
1064 1165 1121 1216 eut

77 1256 225 1337 epitheta
243 1257 386 1320 habenda
403 1257 484 1328 lunt.
501 1271 538 1318 ut
554 1251 634 1342 lepti,
655 1255 794 1318 recenset
805 1257 994 1338 Stephanae.
1028 1255 1119 1320 Cele·
1249 1331 1253 1338 ι

76 1355 232 1418 tricarem
248 1359 316 1418 eius
329 1359 478 1422 testantur
493 1359 599 1422 multi.
625 1359 677 1420 Sic
690 1378 706 1420 a
722 1357 936 1440 Xenophonte
951 1359 991 1420 de
1004 1355 1118 1441 exped.

77 1457 162 1536 Cyri
187 1479 214 1528 ι,
233 1475 266 1528 ιι,
283 1473 343 1538 23.
364 1461 538 1542 adpellatur
562 1453 656 1533 πόλις
672 1459 729 1542 τῆς
745 1455 894 1533 Κιλικίας
909 1451 1040 1546 μεγάλη
1063 1451 1119 1520 καὶ

77 1549 262 1645 εὐδαίμων,
289 1562 436 1623 Diodoro
457 1571 511 1640 ι4.
530 1578 589 1624 20.
612 1557 749 1649 μεγίστη
770 1558 836 1624 τῶν
856 1557 885 1623 ἐν
909 1555 1042 1645 Κιλικίᾳ
1062 1551 1121 1623 no'·

76 1655 185 1738 λεων,
217 1661 381 1742 Stephano
404 1657 642 1752 intoppoco'rty.
674 1663 795 1732 Paullo.
825 1664 891 1724 eiue
916 1663 1057 1731 alumno.
1082 1661 1118 1722 in

76 1775 138 1822 act.
165 1761 331 1843 apostolor.
356 1778 414 1834 ιιι,
441 1777 499 1844 59.
528 1760 591 1828 οιιίι
617 1755 739 1852 ἄσημος
768 1757 873 1835 πόλις.
923 1763 972 1824 Ειι
998 1761 1119 1824 Latinio

76 1864 245 1924 Ammian.
261 1881 288 1926 c.
303 1864 325 1925 l.
344 1863 446 1926 urbem
461 1856 696 1955 perspicabilem
710 1877 813 1936 vocat,
831 1864 894 1934 vel.
916 1877 954 1924 ut
968 1864 1039 1925 vult
1054 1863 1119 1924 Sal·

78 1964 197 2025 manus
211 1965 251 2024 ad
265 1965 366 2028 Solin.
387 1986 420 2048 p.
436 1987 480 2030 m.
497 1977 582 2046 545.
608 1956 828 2058 perspicuame
866 1965 990 2028 Pliniue
1006 1975 1039 2042 5.
1056 1979 1115 2028 22.

78 2062 100 2128 i.
119 2079 184 2140 27.
210 2061 357 2136 liberam,
383 2067 523 2130 undeet
547 2087 671 2138 κοινον,
702 2061 924 2140 κοινοβουλιοι
950 2067 986 2126 io
1008 2065 1119 2128 numi·

79 2166 294 2249 imperatoriis
316 2168 451 2252 logicum
483 2170 569 2251 quod
585 2168 775 2230 beneficium
794 2167 832 2230 ab
852 2167 995 2230 Antonio
1015 2163 1120 2228 coola·

80 2279 151 2328 turn
177 2268 359 2348 (Appianus
374 2270 414 2332 de
429 2270 576 2334 B.Civil.
589 2282 621 2348 5,
639 2275 695 2352 7.)
717 2271 772 2331 diu
789 2269 960 2332 levarunt.
987 2261 1119 2356 Mrrrpo'·

79 2365 178 2442 πολις
208 2387 277 2429 non
309 2368 411 2430 folum
445 2371 560 2433 dicitur
593 2373 626 2432 in
653 2371 844 2442 auctoribus,
867 2368 1025 2456 (loiepho
1044 2389 1070 2432 c.
1093 2369 1118 2432 l.

79 2471 191 2532 Dione
213 2468 370 2546 chrysost.
386 2473 427 2533 T.
444 2489 477 2534 ιι.
501 2495 533 2556 p.
551 2484 583 2550 5.
601 2471 684 2555 Lipl.
711 2473 859 2535 Hierocle
879 2493 912 2556 p.
931 2465 1038 2553 704.)
1065 2467 1118 2534 tet
1210 2523 1215 2535 .

80 2585 112 2632 et
147 2573 184 2632 in
215 2571 327 2634 multia.
355 2575 477 2636 numia.
534 2574 683 2635 inclaruit
714 2587 871 2656 praeterea
898 2569 1119 2656 philosophiae

78 2671 184 2732 studio
206 2672 337 2753 aliisque
352 2673 471 2736 artibue
492 2676 722 2757 doctorumque
742 2678 887 2738 virorum
906 2673 1062 2736 natalibue
1083 2673 1118 2734 in

79 2774 196 2854 primic
210 2773 312 2834 Paulli
326 2775 466 2856 apossoli.
489 2775 694 2860 (Straboni.
711 2789 744 2838 et
759 2777 863 2839 Actor.
881 2791 939 2847 aa.
957 2789 989 2855 5.
1017 2774 1120 2837 Breit·

79 2873 180 2956 haupt
193 2875 234 2934 tle
249 2875 340 2938 clario
353 2875 563 2948 Tarseniibuc,
578 2877 743 2962 Goetting.
760 2888 865 2960 ι748.
882 2875 933 2960 4.)
960 2879 999 2938 ln
1014 2875 1119 2957 impe·

79 2990 224 3038 natorum
247 2975 406 3039 honorem
429 2959 513 3040 varia
534 2977 683 3040 adlumiit
702 2982 905 3064 cognomina,
931 2991 967 3038 ut
987 2969 1121 3040 'louhen'-

79 3075 192 3152 πολις,
223 3078 308 3151 (Dio
328 3088 389 3157 47.
410 3084 487 3159 24.)
519 3075 683 3166 Ἀδριαν),
717 3079 772 3164 (in
794 3081 918 3151 nornis,
944 3075 1119 3160 dequibus

80 3169 206 3240 Eckhel
222 3179 254 3238 in
273 3178 414 3240 doctrina
430 3200 522 3242 num.
534 3182 604 3243 Vol.
622 3199 655 3245 1.
669 3180 706 3243 P.
725 3195 759 3260 5.
771 3201 803 3263 p.
815 3177 894 3264 76.)
917 3179 993 3243 olim
1009 3179 1118 3251 etiam,

81 3279 156 3344 teile
176 3279 353 3361 Stephano.
377 3281 559 3343 Antiochia.
614 3283 652 3343 ln
667 3283 906 3345 mediterraneis
921 3279 1055 3343 urbibus
1070 3299 1118 3342 re·

82 3377 228 3450 censent,
256 3379 403 3465 utsupra
428 3384 554 3453 notavi,
581 3383 706 3447 Plinius
723 3397 757 3445 et
771 3384 990 3454 Ptolemaeus,
1022 3399 1116 3464 quare

82 3495 269 3564 corruptum
301 3503 474 3546 numerum
508 3485 541 3544 in
575 3485 729 3547 Strabone
751 3494 805 3568 14.
832 3507 865 3568 p.
888 3481 1116 3567 463.s.675·

81 3601 147 3644 non
166 3596 288 3644 temere
307 3597 397 3666 putat
411 3585 564 3648 Cellariue
578 3587 612 3648 in
629 3587 747 3671 Geogr.
761 3601 825 3649 ant.
844 3599 877 3665 3.
893 3585 925 3654 6.
942 3601 1001 3660 7ο.
1029 3584 1068 3648 irc
1082 3597 1120 3646 ut

82 3702 140 3764 pro
156 3696 178 3762 5
195 3681 312 3757 hudhe,
340 3685 455 3768 quibua
469 3705 486 3750 a
502 3690 581 3748 mari
595 3701 753 3760 removet.
782 3702 841 3767 50.
864 3687 1038 3773 legendum
1058 3684 1118 3750 elie

83 3785 296 3848 recentiorum
338 3791 435 3850 etiarn
461 3787 588 3850 testium
626 3791 811 3852 auctoritate
845 3805 952 3852 motus
986 3787 1119 3854 censeat.

83 3883 189 3948 incola
210 3885 336 3950 Graecia
357 3879 518 3976 Ταρσεὺς,
549 3903 598 3960 et,
629 3889 714 3972 quod
742 3910 781 3953 ex
803 3889 1008 3952 Eratosthene
1029 3903 1120 3951 notat

85 3985 272 4070 Stephanae.
294 3985 461 4081 Ταροηιδς
482 3990 589 4064 etiarn.
612 3991 669 4054 ubi
685 3991 867 4070 Holilcnius
884 3999 1012 4076 p.3r4.
1031 3991 1119 4056 addit
