2892 4950
206 337 260 396 ru
286 335 423 394 rone.
451 323 683 390 nauta
725 329 875 412 mvn
915 331 994 402 te.
1057 316 1121 410 407

244 511 274 591 8.
306 527 337 572 u.
390 505 591 590 Prienen)
633 499 839 592 Gnllpuivp.
873 501 1119 568 ioniaeurbem

71 608 163 677 dicit
178 607 278 674 etiam
296 609 494 704 Stephanus,
519 609 573 670 etsi
590 622 623 670 et
634 605 691 670 nic
707 603 787 670 olim
803 606 902 670 Cares
916 603 1117 680 habitarunt,

72 712 201 800 quibui
227 709 350 774 exactio
377 706 488 773 coloni
516 710 596 772 haec
624 712 697 772 loca
723 721 920 780 tenuerunt,
954 722 992 770 ut
1015 707 1117 772 refert

70 811 253 878 Pausaniae
271 829 305 890 7,
326 831 358 885 a,
378 827 411 888 7.
462 813 499 872 lu
518 807 615 874 Caria
637 824 747 872 autem
766 831 807 872 ex
828 805 962 894 antiqua
985 806 1115 874 ratione

71 937 153 980 eum
180 917 319 996 lllyuute
346 909 443 1000 ponit
464 911 623 974 Herodot.
650 935 679 984 r,
703 921 783 994 ¹42·
816 931 856 973 ex
879 907 1113 995 pollerioribur

70 1019 285 1082 Ptolemaeus
303 1029 337 1094 5,
358 1034 389 1078 a.
413 1011 469 1076 hic
493 1010 593 1076 etiam
610 1010 646 1076 in
662 1009 911 1076 mediterraneis
934 1009 1006 1076 eiua
1023 1010 1112 1076 urbi·

71 1121 148 1184 bue.
176 1113 377 1180 Conditoree
393 1109 1063 1180 admixtieThebanislonaefacitPhilota
1078 1131 1112 1178 et
1170 1179 1172 1183 .

68 1223 222 1304 Aegypto
236 1215 378 1282 ducibus
393 1214 568 1280 Pausaniae
580 1238 607 1280 c.
626 1219 647 1280 l.
687 1217 923 1300 Seddepytum
940 1212 988 1278 ibi
1002 1219 1111 1299 legen·

69 1323 156 1382 dum
176 1320 255 1392 elle,
282 1335 370 1382 recte
386 1317 518 1380 monuit
532 1315 686 1380 Kuhuius
700 1340 732 1402 p.
752 1318 835 1394 526.
864 1315 955 1402 quod
969 1319 1112 1402 probant

69 1423 192 1486 Strabo
214 1432 266 1502 ¹4·
283 1432 409 1504 p.435.
426 1419 542 1496 [633.
569 1435 602 1482 et
617 1418 760 1482 Eustarh.
778 1419 819 1480 ad
833 1416 966 1498 Dionys.
982 1430 1109 1497 maes.

67 1527 122 1586 De
145 1520 293 1585 neminie
324 1517 538 1606 corruptione
567 1519 634 1583 vid.
663 1521 777 1600 Heyne
802 1521 842 1582 ad
867 1521 1057 1604 Apollodor.
1077 1538 1110 1594 e,

69 1636 106 1701 8,
125 1639 160 1702 5.
195 1627 244 1686 lta
261 1639 371 1686 tamen
387 1638 564 1707 utrumque
580 1637 727 1704 tempore
743 1619 912 1704 distinguit
927 1622 1055 1695 Strabo,
1072 1637 1111 1686 ut

67 1729 216 1810 Aepytus
240 1721 464 1808 praecellerit,
499 1722 568 1807 poll
590 1721 755 1796 Philotae,
791 1719 1108 1807 quippe'lloeotiue,

71 1827 218 1892 Cadmea
240 1847 313 1888 eam
332 1823 565 1910 adpellerent,
588 1825 678 1910 quod
696 1825 737 1888 de
752 1825 876 1886 Cadme
893 1821 993 1887 etiem
1008 1823 1108 1888 refert

66 1925 258 1990 Eustathiue
278 1947 306 1990 c.
324 1929 345 1990 l.
383 1924 471 1990 Hinc
488 1941 521 1988 et
537 1923 694 1988 Cadmios
712 1925 891 2008 adpellitur
908 1923 1000 1990 inille
1016 1921 1106 1990 Prie·
1184 1971 1186 1974 -

67 2029 186 2092 nenses
202 2049 243 2092 ex
266 2025 439 2090 Hellanieo
455 2025 606 2090 adfirmat
624 2023 805 2106 Hesychius
821 2028 918 2088 Tom.
939 2045 970 2090 e.
991 2049 1024 2112 p.
1044 2045 1104 2109 99.

68 2147 102 2192 et
122 2132 365 2194 Thebanorum
388 2127 554 2192 coloniam
574 2125 659 2192 dicit
677 2125 817 2212 Diogen.
841 2129 947 2191 Laert.
969 2151 999 2200 r,
1016 2139 1050 2208 5,
1069 2147 1102 2194 a.

66 2254 100 2295 n.
115 2243 176 2310 85.
216 2227 318 2294 Numi
343 2227 442 2293 etiam
458 2227 593 2316 quidem
616 2247 748 2315 κτιστην
769 2225 896 2291 faciunt
914 2232 1103 2305 Herculem,

66 2331 193 2418 quippe
215 2329 272 2418 qui
295 2332 394 2394 domo
414 2335 560 2394 lloeotus
582 2329 671 2394 fuit:
691 2329 742 2394 cf.
759 2331 883 2394 Rafche
906 2334 984 2397 Lex.
1009 2354 1104 2398 num.

66 2435 105 2496 T.
122 2447 159 2514 4.
180 2435 217 2496 Ρ.
235 2437 259 2496 Ι.
279 2455 310 2517 p.
328 2445 387 2510 55.
410 2448 443 2516 et
457 2435 583 2496 Ecltlrel
599 2430 635 2496 in
653 2432 757 2496 doctr.
778 2454 869 2496 num.
890 2435 926 2495 P.
940 2436 965 2496 1.
980 2435 1050 2498 Vol.
1069 2454 1102 2500 a.

64 2559 96 2621 p.
119 2537 207 2614 536.
258 2532 436 2614 AMyrina
459 2551 569 2598 tamen
593 2537 759 2597 Amazone
791 2531 955 2618 originem
980 2533 1103 2622 repetit

63 2636 205 2701 Diodor.
224 2651 257 2712 3.
281 2649 339 2715 55.
393 2638 485 2720 Quae
507 2639 528 2698 fr
554 2657 631 2698 vera
653 2635 741 2707 suut,
776 2637 817 2698 ad
845 2635 988 2722 primam
1007 2637 1101 2704 urbir

64 2735 298 2802 fundationem
319 2734 502 2822 pertinent,
536 2735 592 2800 illa
616 2737 657 2800 ad
674 2733 943 2802 instaurationem
959 2755 992 2803 et
1013 2743 1101 2804 colo·

63 2838 174 2912 niam,
209 2859 275 2925 qua
305 2838 446 2902 deducta
474 2839 574 2903 Cares
605 2839 726 2921 expulsi
748 2839 838 2916 sunt,
871 2837 920 2900 uti
944 2856 977 2903 et
1000 2840 1101 2906 refert

62 2938 242 3004 Pausaniae
258 2961 286 3004 c.
302 2943 323 3004 l.
363 2942 481 3002 Portus
499 2937 548 3002 illi
565 2936 683 3002 tribuit
702 2957 720 3001 a
744 2941 861 3018 Scylax
880 2961 912 3023 p.
925 2952 984 3019 38.
997 2942 1098 3004 Huds.

63 3063 208 3128 quorum
223 3061 310 3103 unus
327 3039 389 3104 suit
412 3041 549 3104 clausue.
587 3038 676 3106 Hinc
691 3037 792 3102 etiam
807 3041 995 3104 Herodotus
1012 3044 1046 3115 6.
1065 3053 1098 3120 8.

61 3143 290 3208 Prienensrum
304 3162 404 3205 naver
422 3157 669 3206 commemorat.
705 3141 778 3204 Poll
794 3157 905 3204 tamen
920 3143 1100 3208 Maeander

61 3259 109 3326 4ο
133 3241 246 3310 stadiis
268 3247 366 3328 longo
392 3263 511 3328 aggere
535 3241 811 3306 mediterraneam
836 3241 932 3318 fecit,
967 3247 1100 3330 qualem

63 3345 163 3410 etiarn
179 3345 325 3410 declarat
339 3347 548 3411 Ptolemaeus
563 3357 596 3424 5,
617 3365 648 3408 a.
683 3344 791 3410 etde
809 3346 871 3408 hac
887 3348 1098 3414 conversione
1172 3339 1174 3344 ’

61 3449 200 3514 Pausan.
220 3457 254 3524 8,
285 3458 342 3527 94,
366 3460 399 3526 5.
441 3448 557 3510 Strabo
579 3465 632 3510 re.
656 3439 738 3512 extr.
790 3443 988 3512 Nobilitarit
1026 3469 1099 3512 eam

61 3549 137 3614 Bias
155 3552 328 3619 alumnus,
355 3569 395 3612 ex
418 3565 438 3624 7
457 3543 653 3632 sapientium
668 3567 826 3621 numero,
852 3547 944 3610 unde
960 3546 1100 3638 Πριηνέα

61 3645 165 3740 ἄνδρα
188 3663 287 3712 vocat
304 3649 494 3712 Herodotus
521 3673 550 3722 t,
579 3667 658 3724 170.
692 3665 725 3713 et
750 3665 879 3734 praeter
903 3651 1099 3715 Strabonem

67 3764 121 3833 ¹4·
144 3775 178 3836 p.
201 3760 288 3828 438.
307 3751 328 3814 s.
344 3753 427 3827 636.
453 3749 603 3814 adfirmat
626 3748 793 3834 Diogenen
816 3771 845 3816 c.
866 3754 887 3816 l.
939 3752 1040 3838 Quod
1059 3773 1100 3818 ex

61 3855 264 3932 Pachyrtrere
280 3849 416 3916 discitur
434 3853 473 3914 T.
495 3875 523 3916 1.
540 3875 572 3935 p.
589 3867 672 3928 320.
696 3849 781 3914 stetit
796 3853 905 3917 adhuc
921 3875 973 3919 an.
994 3865 1098 3932 1280.

60 3957 174 4018 Incola
215 3952 294 4016 telle
329 3954 496 4038 Stephano
534 3949 656 4016 dicitrn
687 3945 845 4042 Πριηνεὺς
879 3970 913 4018 et
950 3941 1100 4045 Ilpnjuoe

59 4055 156 4122 Prior
172 4055 279 4120 forma
298 4053 405 4144 megia
425 4056 652 4148 frequentatur
667 4053 707 4120 ab
722 4052 913 4122 auctoribur
928 4073 961 4123 et
975 4056 1099 4128 numie.
