2764 4958
148 384 191 442 ttt
214 387 342 446 rom.
372 378 476 442 MEL.
516 385 597 442 LI.
639 383 771 446 Mm-
812 383 890 456 §.n
965 391 1024 439 eet

55 552 107 618 bon.
124 571 168 630 ι7.
188 578 218 640 p.
236 556 315 636 576.
342 556 363 620 i.
382 567 465 638 857.
506 557 593 618 Hinc
619 555 736 621 Catull.
762 571 795 634 7,
816 567 852 636 4.
875 546 1032 648 ieserpitt'·

50 646 116 742 ferne
133 657 263 740 Cyrrnne.
311 659 399 722 Olim
416 658 528 728 iibere,
554 658 623 740 post
639 659 802 744 Aegyptiie
816 661 899 719 victa
918 659 1032 738 paruit.

55 757 154 838 denique
172 759 336 822 Ptolemaei
359 759 491 842 Apionis
519 759 705 822 testamento
729 759 894 842 provincia
917 759 1034 820 Roma·

55 875 136 916 rurum
150 857 219 920 iacta
233 861 274 922 est
290 881 316 922 a.
333 863 373 922 U.
390 859 427 923 C.
442 861 526 938 657.
549 873 585 920 ut
600 881 638 921 ex
656 861 739 922 iulio
756 859 893 942 Obsequ.
909 877 936 920 c.
952 875 1034 938 109.

54 955 154 1020 discitur.
184 963 229 1020 De
245 960 305 1042 ipsa
326 981 360 1022 re
382 959 497 1042 pluree.
532 963 573 1024 At
593 963 662 1024 niue
678 963 768 1046 regni
790 961 935 1022 civitatee
957 975 1035 1021 tunc

54 1054 132 1120 liberta
151 1059 204 1122 elie
229 1059 370 1124 senatum
397 1058 525 1132 iuisrlie.
563 1077 666 1123 narrat
695 1061 780 1122 Livii
813 1063 953 1144 epitome
974 1077 1040 1136 70.

54 1161 250 1241 quodquidam
283 1162 321 1222 fic
346 1163 531 1233 conciliant.
566 1175 603 1222 ot
628 1163 750 1233 dicant.
784 1163 914 1224 liberam
940 1156 1036 1222 initio

54 1254 127 1326 iuilie.
149 1261 239 1342 posta
257 1263 396 1342 tyrannis
419 1261 591 1344 obpreffam
607 1266 784 1345 iterumque
805 1274 986 1344 occupatam
1003 1261 1039 1322 in

54 1364 198 1437 provintiae
218 1361 352 1426 formam
377 1363 533 1426 tranfliffe.
584 1364 645 1426 Sed
672 1365 712 1427 de
737 1365 799 1425 hoc
822 1364 889 1426 vid.
914 1361 1039 1424 Duker.

53 1461 78 1518 ti
90 1461 145 1524 Liv.
161 1483 184 1524 e.
199 1463 219 1526 l.
248 1466 436 1545 interpreter
459 1465 609 1548 Eutropii
630 1463 662 1535 6.
684 1485 738 1527 ιι.
757 1463 777 1526 s.
793 1481 827 1544 9.
859 1463 947 1528 Sexti
964 1463 1040 1526 ttnfi

53 1575 126 1638 213.
149 1565 252 1648 Sigon.
276 1567 317 1626 de
338 1566 468 1646 antiquo
489 1567 556 1626 iure
578 1565 727 1628 Proviuc.
745 1581 777 1636 o,
801 1565 854 1630 16.
881 1577 913 1628 et
926 1563 1040 1628 Cellar.

52 1657 182 1749 iutieogr.
196 1679 258 1730 ant.
274 1675 309 1745 4.
328 1684 359 1736 a,
376 1679 434 1745 57.
470 1665 512 1729 H.
530 1667 644 1727 dicitur
658 1667 800 1732 Borean.

101 1861 375 1949 Hammonis)
409 1871 459 1932 De
485 1869 678 1954 etymologia
707 1869 829 1930 variant
861 1865 1043 1929 sententiae.

54 1957 88 2024 Ci.
97 1963 238 2033 Plutarch.
258 1969 300 2030 de
321 1967 402 2030 lflde
417 1999 467 2014 -
483 1991 516 2052 p.
535 1971 618 2050 596.
639 1967 764 2052 (Lipi.)
787 1968 984 2030 Freinshem.
1005 1966 1043 2028 ad

54 2061 116 2126 Curt.
133 2079 164 2146 4,
185 2085 217 2146 7,
243 2083 278 2147 5.
305 2083 338 2130 et
356 2069 391 2130 in
413 2069 536 2141 indice.
569 2070 717 2134 Bochart.
745 2075 778 2130 in
801 2069 929 2152 Phaleg.
958 2087 987 2136 ι.
1011 2079 1044 2130 2.

55 2161 161 2232 Surum.
179 2171 212 2232 in
231 2169 301 2232 diff.
324 2171 365 2232 de
387 2173 466 2234 love
488 2173 681 2242 Hammone,
705 2170 866 2254 Viteberg.
888 2170 992 2246 1669.
1010 2177 1047 2246 4-

55 2263 173 2350 inutqne
186 2273 225 2334 de
240 2274 311 2334 eina
326 2273 452 2334 oraculo
468 2272 550 2336 vno.
568 2274 608 2335 de
623 2273 732 2334 idolol.
751 2292 781 2344 ι,
800 2287 858 2346 27.
875 2283 908 2332 et
926 2283 984 2348 32.
1016 2285 1048 2338 o,

60 2383 96 2428 ιι.
115 2371 220 2434 lianier
236 2373 438 2434 Gotteriehre
451 2375 492 2437 T.
510 2395 538 2436 ι.
555 2395 585 2456 p.
598 2376 668 2454 690
680 2371 741 2455 tqq.
757 2375 797 2436 T.
809 2389 840 2436 a.
857 2393 890 2455 p.
902 2372 973 2450 609
985 2367 1047 2452 sqq.

56 2463 180 2532 iioiitnin
201 2474 309 2534 indice
333 2472 450 2556 Nepot.
471 2475 503 2537 h.
525 2495 558 2538 v.
593 2475 756 2537 Staveren.
777 2474 814 2534 ad
843 2473 963 2556 Hygin.
985 2469 1048 2534 fab.

60 2579 115 2647 Ι33.
143 2571 351 2655 Oudendorp.
372 2576 411 2636 ad
431 2575 548 2637 Lucan.
570 2593 603 2656 9,
626 2589 711 2652 512.
734 2585 819 2653 513.
842 2586 874 2634 et
889 2591 967 2654 quoe
985 2591 1052 2638 me·

57 2683 160 2736 moram.
207 2671 331 2762 ’epoto
358 2676 447 2738 lovis
474 2677 556 2758 apud
584 2677 756 2761 Aegyption
781 2694 900 2736 nomen
923 2671 1001 2743 effe,
1034 2690 1052 2732 a

57 2763 150 2836 Gurtie
163 2771 340 2848 inversum,
362 2777 456 2838 tradit
467 2777 663 2848 Plutarchus,
680 2797 706 2838 c.
723 2777 745 2839 l.
772 2775 929 2837 Herodot.
944 2791 975 2842 o.
990 2781 1052 2850 42.

56 2867 141 2938 obiti.
161 2877 345 2960 Weffeling.
371 2890 442 2937 tum
461 2878 548 2939 idem
572 2878 755 2940 Herodotue
775 2886 811 2954 4.
841 2887 918 2952 181.
965 2866 1054 2934 loiri·

56 2976 177 3054 temptum
196 2977 321 3040 Thebis
343 2975 431 3040 fuiiie
457 2980 491 3040 in
514 2997 616 3060 eoque
638 2971 779 3066 ἄγαλμα
803 2967 1054 3064 κριοπρόσωπον,

56 3088 112 3146 quae
131 3083 257 3162 propius
280 3079 439 3164 originem
461 3077 609 3161 spectant.
661 3079 866 3142 Occasionem
895 3075 1054 3138 condendi

57 3177 143 3236 oraculi
164 3181 348 3242 Herodotue
372 3195 405 3250 o,
432 3191 489 3257 55.
518 3179 682 3254 aThebie
698 3182 793 3242 etiam
815 3178 944 3260 repetit,
969 3175 1056 3236 uude

57 3273 93 3331 rei
110 3279 179 3342 duae
198 3280 374 3343 sacerdotee
397 3281 643 3344 aPhoeuicibue
666 3283 816 3361 adductae
834 3277 968 3346 fuerint,
1002 3275 1057 3337 vol

57 3379 172 3452 geminae
193 3395 260 3443 atro
285 3382 390 3444 colore
414 3382 578 3444 columbae
601 3384 774 3451 mutarint,
807 3398 943 3462 quorum
964 3377 1058 3438 nitere

18 3515 19 3524 ι
58 3467 95 3534 tt.
111 3483 265 3546 confidens
286 3483 426 3544 humana
447 3501 527 3544 voce
552 3486 584 3544 id
611 3483 812 3565 praeceperit.
873 3481 938 3542 utta
960 3475 1060 3539 adfert

59 3571 152 3662 Hygin.
173 3604 199 3646 c.
223 3585 245 3646 1.
282 3585 334 3645 coi
357 3585 430 3644 addi
456 3585 556 3666 potest
581 3583 679 3646 ovid.
702 3583 833 3644 Metam.
859 3591 891 3658 5,
917 3593 1000 3658 327.
1028 3588 1061 3640 et

61 3671 216 3746 Serriutad
239 3685 352 3768 Virgii.
376 3689 454 3746 Aen.
471 3694 505 3762 4,
532 3697 611 3766 198.
664 3681 732 3766 lpse
754 3683 875 3766 Iupiter
898 3682 930 3742 in
954 3679 1061 3740 mrmie

61 3789 83 3834 et
96 3789 217 3863 gemmis
232 3789 336 3869 eapite
355 3787 488 3848 arietino
503 3789 649 3872 fingitur,
673 3799 705 3848 ot
719 3787 752 3846 in
764 3786 873 3866 'poetie
890 3779 976 3863 saepe
997 3799 1063 3842 eor·

62 3879 126 3957 niger
141 3888 263 3950 dicitur.
317 3887 388 3948 vid.
412 3885 510 3950 Ouid.
533 3889 665 3950 Metam.
690 3897 743 3963 ¹5·
767 3898 849 3964 509.
885 3883 1005 3944 Lucan.
1028 3897 1062 3959 9,

63 3985 124 4054 666.
152 3987 291 4050 Sii.1tai.
313 3997 368 4064 24.
386 3999 469 4063 572.
494 4020 543 4036 -
577 3989 663 4050 Hinc
680 3987 797 4050 Lucan.
813 4003 846 4065 9,
864 3995 906 4061 5¹
920 4003 948 4046 t.
971 3982 1064 4044 tortia

62 4083 195 4159 cumton.
231 4087 332 4184 Orio.
355 4087 488 4153 Metam.
505 4099 539 4168 5,
559 4101 643 4169 326.
668 4087 805 4151 recurvis
827 4105 897 4148 enat
920 4080 1065 4147 cornibus
