2764 4958
318 384 383 448 266
478 449 481 456 ,
588 387 752 448 NOTAE
791 390 1091 448 EXEGETICAE

315 564 412 630 novit
429 575 462 642 a.
485 560 538 626 ina
553 578 652 627 aetate
672 571 686 624 r·
693 577 712 642 5
730 564 780 626 vel
799 565 840 626 16
856 562 992 626 cubitos.
1015 562 1200 624 Plutarchus
1213 551 1329 620 deiide

315 687 350 750 p.
370 677 455 746 452.
475 663 559 747 Lipi.
594 667 650 748 qni
672 665 765 726 lunae
787 666 982 726 incrementa
1004 665 1036 725 in
1060 663 1188 724 divertis
1203 659 1274 722 tocie
1292 653 1329 716 di·

314 766 402 833 veria
416 765 566 848 adscripta
581 766 668 828 fuiiie
685 765 797 836 refert,
823 767 998 826 maximnm
1013 765 1096 848 apud
1117 758 1329 846 Elephantinen

316 867 376 933 elie
395 881 440 946 αθ
456 867 648 939 cubitorum,
672 873 733 947 (13
749 885 787 928 ex
802 867 872 928 aliie
887 867 1037 928 emendat
1049 856 1331 928 Brodaeusliliiiceil.

317 971 351 1042 6,
370 985 429 1032 22.
451 981 558 1031 contra
573 990 692 1030 nexum
708 971 829 1046 tamen)
853 969 1027 1028 minimum
1043 969 1126 1050 apud
1142 957 1332 1028 Medercmfi.

315 1071 462 1136 medium
486 1072 570 1150 apud
593 1070 761 1152 Memphin
790 1084 844 1146 ιιι.
899 1070 939 1129 Et
960 1069 999 1130 stc
1022 1069 1168 1132 Aristides
1190 1068 1282 1128 Tom.
1305 1073 1333 1120 α.

314 1193 348 1256 p.
371 1183 453 1252 533.
469 1171 558 1234 lebb.
582 1167 703 1258 πληροῖ
721 1163 790 1256 περὶ
812 1164 948 1254 Μέμφιν
970 1166 1129 1257 τέτταρας
1146 1164 1166 1256 ’i
1186 1155 1336 1232 ceretani·

314 1270 394 1336 derra
414 1268 541 1357 πήχεις.
591 1273 736 1334 Eandem
750 1273 843 1334 variis
858 1271 936 1332 locie
953 1270 1164 1333 diversmrem
1183 1267 1336 1331 confimat
1367 1331 1368 1338 χ

271 1393 272 1398 ’
315 1377 414 1437 etiam
435 1372 584 1436 Pococke
604 1394 630 1436 c.
647 1374 668 1435 l.
696 1373 848 1455 stmulqne
869 1370 1035 1435 recensum
1055 1373 1121 1457 agit
1140 1373 1338 1432 incremento·

315 1497 387 1539 rum
404 1495 461 1558 per
481 1479 597 1536 aetates
613 1475 768 1558 digestum
785 1497 817 1557 p.
839 1483 922 1554 574.
974 1471 1025 1536 Cf.
1049 1487 1082 1536 et
1097 1471 1252 1535 HerbeIot
1266 1462 1337 1528 bibl.

315 1579 432 1640 orient.
448 1573 469 1637 i.
485 1597 518 1639 v.
541 1575 607 1639 Nil.
646 1577 838 1638 Ctrbitorttm
861 1571 1020 1660 (πήχεων)
1042 1574 1186 1637 mensura
1201 1569 1272 1633 uioa
1287 1563 1340 1629 effe

313 1691 439 1740 veteres
456 1678 717 1740 adfirmatSuidae
728 1675 747 1740 i.
757 1699 790 1740 v.
807 1669 968 1764 Σάραπις.
993 1677 1228 1758 Diacrepantiae
1241 1683 1343 1733 autem

315 1781 350 1842 in
370 1777 549 1840 auctoribus
567 1777 654 1840 causa
669 1779 745 1842 inde
764 1779 882 1849 oritur,
908 1777 993 1859 quod
1011 1777 1064 1838 alii
1081 1789 1184 1840 totarn
1200 1785 1343 1856 aquarum

316 1881 499 1966 congeriem
519 1893 649 1952 notant,
681 1881 750 1950 alii,
783 1894 820 1941 ut
841 1879 970 1951 Strabo,
997 1879 1195 1942 adfluentem
1213 1887 1344 1938 tantum,

317 1983 436 2064 dequo
457 1983 585 2045 monuit
601 1980 749 2046 Pococke
764 1983 862 2044 Tom.
884 2001 912 2042 ι.
932 2001 964 2062 p.
983 1993 1067 2060 572.
1117 1981 1170 2044 stc
1188 1981 1222 2041 in
1239 1972 1344 2038 nostri·

315 2083 496 2146 auctoribus
514 2081 676 2145 mensurae
691 2082 879 2167 ambiguitas
894 2081 1015 2154 turbat,
1041 2095 1138 2164 prout
1154 2079 1346 2162 [requieque

315 2186 437 2248 ratione
453 2198 485 2245 et
500 2185 599 2246 modo
613 2186 725 2246 utitur.
755 2185 826 2246 Vid.
847 2183 977 2246 Norden
994 2205 1027 2266 p.
1046 2198 1125 2246 102.
1149 2197 1220 2262 150
1233 2178 1275 2262 sq.
1290 2173 1345 2239 nl.

315 2289 369 2350 Sic
390 2283 539 2347 Pococke
562 2287 603 2348 T.
625 2305 654 2348 r.
685 2307 717 2368 p.
740 2299 811 2368 375
833 2283 873 2365 iq.
902 2282 1088 2368 frugiferum
1114 2285 1348 2346 incrementum

316 2385 391 2448 iacit
409 2403 452 2448 eo
464 2401 564 2448 —ne
581 2385 782 2458 cubitorum
802 2385 918 2463 (Peeler
934 2389 1047 2464 vocat)
1073 2399 1175 2464 23-
1187 2393 1238 2467 etp
1255 2384 1350 2444 Lucet

315 2507 441 2570 voyage
457 2486 533 2548 dane
550 2488 576 2547 la
591 2489 732 2567 Turqrrie
753 2489 794 2550 T.
813 2503 844 2550 Ω.
867 2509 897 2568 p.
918 2499 977 2566 75.
1008 2485 1126 2550 Rooke
1144 2499 1190 2565 52
1212 2485 1349 2568 pednmt

315 2589 411 2652 Shaw
433 2590 472 2649 T.
491 2603 523 2649 a.
548 2609 580 2670 p.
601 2599 681 2664 175.
705 2586 804 2667 (veri.
825 2589 998 2672 Francog.)
1023 2587 1080 2648 ubi
1101 2591 1199 2650 etiam
1223 2585 1351 2648 varieta-

315 2701 382 2751 tem
398 2701 563 2752 auctorum
582 2702 821 2760 commemorat.
849 2689 1111 2762 recutitorum
1138 2690 1267 2764 Volney
1282 2701 1350 2768 pag.

317 2804 376 2870 52.
394 2809 421 2853 c.
435 2791 458 2854 l.
482 2791 515 2850 in
533 2791 624 2852 Delta
644 2805 701 2852 22.
726 2793 781 2872 qui
799 2792 987 2853 mutationis
1006 2788 1126 2854 causam
1146 2809 1210 2851 nec
1230 2791 1265 2850 in
1289 2781 1353 2868 ipio

314 2891 411 2962 Nito,
436 2892 544 2954 necin
561 2893 689 2952 adaucta
705 2904 782 2953 terra
797 2893 934 2974 quaerit,
967 2891 1018 2952 sed
1035 2894 1068 2954 in
1085 2890 1271 2954 Nilometro
1291 2901 1354 2947 tur·

316 2991 408 3064 bato.
442 2994 531 3055 coins
553 2992 662 3054 testem
684 2993 830 3074 producit
849 2992 1013 3064 Pococke,
1039 2995 1094 3074 qui
1116 2991 1146 3054 se
1165 2991 1284 3054 vidiiie
1303 2987 1354 3052 ad·

315 3095 431 3158 firmet.
463 3094 582 3158 Contra
598 3094 692 3157 Shaw
707 3115 733 3156 c.
749 3095 770 3156 l.
794 3095 927 3156 eandem
944 3095 1043 3156 hodio
1057 3093 1247 3156 cubitorum
1265 3110 1354 3154 men·

313 3194 414 3258 Iuram
439 3195 543 3258 valere
566 3195 740 3269 contendit,
768 3215 806 3258 ex
830 3197 924 3258 statua
940 3191 1009 3256 Nili
1031 3215 1107 3258 cunt
1129 3196 1171 3258 16
1194 3196 1308 3280 puerie
1324 3203 1356 3254 et

313 3317 418 3362 numo
438 3298 584 3368 Traiani,
623 3298 656 3357 in
680 3315 744 3379 quo
766 3317 844 3380 puer
875 3297 953 3360 itane
979 3317 1151 3360 numerum
1180 3297 1225 3360 16
1251 3295 1356 3381 digito

314 3398 477 3460 monstrat.
528 3396 579 3462 Ci.
603 3397 687 3461 Plio.
704 3399 761 3474 56,
782 3419 836 3460 rr.
855 3397 876 3462 i.
895 3413 928 3474 7.
961 3397 1140 3459 Philostrati
1157 3399 1248 3460 icon.
1272 3419 1302 3467 r,
1321 3407 1354 3473 5.

314 3513 348 3562 et
374 3501 502 3560 Lucian.
527 3501 560 3560 in
579 3501 744 3560 rhetorum
764 3514 964 3582 praeceptore
983 3497 1049 3580 cap.
1068 3500 1102 3564 6.
1139 3497 1294 3561 Oleariue
1317 3496 1357 3560 ad

313 3600 492 3664 Philostrat.
515 3620 542 3663 c.
566 3601 587 3663 l.
640 3603 688 3663 De
715 3599 807 3662 fimtti
838 3601 977 3684 imagine
1009 3601 1043 3661 in
1066 3619 1167 3664 numo
1195 3599 1358 3662 Hadriani

316 3702 489 3784 Spnnhem.
506 3703 545 3762 de
558 3699 613 3761 usu
628 3735 677 3747 -
693 3722 783 3766 num.
798 3703 838 3764 T.
854 3722 882 3766 t.
896 3723 927 3784 p.
944 3713 1023 3782 174.
1045 3703 1078 3764 in
1095 3703 1188 3764 statua
1200 3698 1359 3764 Ficoroni

314 3805 349 3866 in
376 3801 552 3887 fingolariti
577 3803 611 3862 di
636 3803 739 3883 lioma
756 3802 811 3864 lib.
836 3819 868 3866 a.
894 3823 922 3864 c.
946 3819 978 3866 Ω.
1003 3824 1034 3884 p.
1057 3815 1111 3880 15.
1162 3801 1298 3885 Nempe
1321 3813 1359 3862 ut

314 3905 504 3967 inerementi
522 3917 647 3986 tempue
669 3904 869 3985 modumque
887 3901 1006 3974 scirent,
1030 3903 1179 3965 structum
1194 3917 1268 3967 erat
1284 3902 1363 3968 Ner·

315 4001 504 4093 λομέτριον,
538 4006 571 4064 in
598 4002 697 4070 insuia
729 4005 941 4088 Elephantine
966 4005 1095 4082 (Strabo
1123 4020 1177 4081 17.
1204 4025 1240 4086 p.
1267 4008 1360 4084 562.

315 4105 337 4172 i.
357 4102 482 4184 817.f.
508 4105 673 4170 Heliodor.
683 4123 718 4188 9.
735 4110 884 4191 p.443.)
910 4105 1172 4180 Νειλοσκοπεῖον.
1199 4106 1365 4193 Memphi
