2764 4958
323 417 387 474 m
590 413 758 475 NOTAE
796 413 1096 474 EXEGETICAB
1219 409 1224 422 ’

321 603 437 650 manos
456 597 490 666 3.
516 597 548 666 3,
572 599 605 649 Ω.
643 587 791 649 Eundem
806 605 885 650 vero
908 587 1060 650 vestitum
1083 589 1181 652 etism
1198 586 1288 653 boiis
1310 589 1348 652 is

321 687 385 752 illis
399 687 527 770 pupulis
541 701 631 750 nutu
647 689 744 751 Shaw
757 689 798 752 Τ.
818 708 849 754 ι.
864 709 897 771 p.
917 690 1000 769 576.
1019 703 1174 773 romulus
1187 683 1349 782 Bumoofe,

321 791 379 872 qtti
400 788 664 851 Bardocucuttnm
685 787 816 870 referet,
850 790 904 852 vel
926 790 1037 854 demto
1065 791 1191 856 cucullo
1208 793 1352 876 penulam

321 889 557 955 Romsncrum.
600 888 651 954 Ci.
668 891 706 952 sd
722 905 754 970 3,
772 903 805 970 3,
823 905 857 954 2.

399 1073 534 1156 humi)
583 1075 636 1138 Sic
651 1075 771 1138 Sallust.
788 1075 860 1162 lug.
882 1095 949 1159 csp.
971 1088 1027 1156 ιθ.
1050 1075 1178 1140 Gaetuli
1197 1088 1228 1138 er
1243 1072 1354 1159 libyes

323 1166 447 1269 asperi,
479 1175 605 1246 inmiti,
639 1177 710 1258 quir
731 1174 818 1238 cibus
836 1190 905 1238 erat
929 1197 1004 1238 caro
1015 1168 1133 1266 ferina
1153 1189 1248 1262 atque
1267 1179 1355 1238 hunni

321 1275 490 1359 pairiium,
518 1277 567 1338 uti
588 1275 772 1357 pecoribus,·
805 1297 862 1360 pro
883 1297 946 1359 quo
965 1275 1121 1340 Gesnerus
1140 1279 1173 1339 iu
1194 1276 1353 1341 Thesauro

322 1377 361 1442 L.
378 1379 414 1440 t..
430 1379 520 1438 malit
532 1375 697 1471 stabulum
719 1379 799 1456 (vid.
819 1379 853 1441 h.
869 1381 916 1456 v.)
935 1392 967 1441 et
989 1377 1051 1440 fine
1067 1378 1172 1442 Codd.
1187 1391 1219 1441 et
1235 1393 1355 1462 praeter

320 1497 403 1542 rem.
444 1479 515 1540 Vid.
539 1497 618 1559 quse
640 1479 768 1539 monuit
786 1479 930 1541 Ouwens
952 1481 986 1540 in
1008 1479 1164 1542 Noctibus
1183 1480 1300 1564 Hsgau.
1319 1495 1355 1552 Ω,

325 1593 382 1660 15.
405 1599 439 1664 p.
459 1581 531 1659 264
546 1577 587 1660 sq.
616 1579 674 1640 ubi
688 1580 783 1641 etiam
799 1579 885 1640 hunc
901 1581 1010 1641 locum
1028 1579 1131 1642 Melae
1147 1578 1243 1643 iuiius
1258 1581 1358 1663 expli·

320 1681 416 1743 csvit.
465 1679 630 1744 Sententia
651 1680 763 1742 eadem
784 1681 824 1743 de
844 1680 957 1742 ssibus
978 1683 1061 1762 apud
1083 1681 1207 1763 Apulei.
1229 1681 1267 1743 de
1282 1683 1360 1746 Deo

319 1767 408 1846 Socr.
433 1801 466 1864 p.
490 1801 536 1844 m.
554 1795 611 1857 70.
645 1779 690 1873 est
718 1782 800 1842 enim
818 1771 945 1872 semper
969 1781 1030 1845 iltis
1060 1782 1167 1843 victus
1195 1783 1296 1846 omnis
1318 1783 1358 1844 irs

318 1893 418 1954 berra,
445 1879 557 1944 ibidem
578 1879 741 1964 pabulum,
766 1880 877 1944 ibidem
899 1879 1006 1945 cubile.
1056 1883 1105 1946 An
1121 1883 1260 1955 seruiit,
1284 1883 1362 1944 ber·

317 1981 370 2046 bis
385 1995 417 2047 et
432 1983 591 2044 radicibus
606 1983 748 2054 aluntur,
774 1997 903 2065 propter
924 1981 1059 2044 subiecta
1080 1982 1204 2048 dubito.
1243 1983 1363 2046 Omni·

319 2103 365 2147 no
387 2086 475 2148 enim
496 2085 560 2146 hoc
583 2085 671 2156 vult,
704 2085 797 2145 humi
821 2086 959 2146 iacentes
979 2099 1012 2145 et
1035 2086 1176 2146 dormire
1197 2085 1362 2149 eredere.

321 2183 436 2280 pairs,
461 2198 499 2246 ut
521 2183 623 2268 saepe,
652 2184 796 2256 somnus,
823 2197 855 2246 et
872 2185 911 2246 bc
935 2182 1014 2245 inira
1036 2187 1065 2262 §.
1083 2196 1117 2262 5.
1158 2185 1284 2266 Epulas
1304 2205 1366 2248 su·

318 2297 386 2348 tem
403 2282 438 2346 in
453 2286 546 2348 timiti
560 2305 643 2347 nexu
657 2285 762 2368 posuit
777 2286 877 2348 Veler.
895 2285 1020 2347 Flaccus
1030 2287 1063 2356 6.
1080 2299 1163 2366 335.
1186 2283 1237 2380 ψ
1249 2286 1368 2368 epulae

318 2385 525 2472 quodcunque
543 2407 655 2466 pecus,
686 2405 887 2470 quaecunque
901 2377 1060 2474 suarum.

397 2565 435 2633 V
437 2589 458 2629 a
463 2559 490 2660 s
488 2589 509 2630 a
516 2567 535 2652 )
587 2571 805 2654 Quaecunque
826 2584 929 2652 partes
952 2567 1171 2653 supellectilis,
1196 2589 1278 2652 quse
1293 2571 1368 2635 lio·

318 2687 391 2732 rnre
420 2671 484 2732 boc
511 2671 704 2732 vocabulum
728 2670 1056 2755 comprehendebant,
1089 2673 1176 2732 unde
1200 2673 1299 2734 toties
1325 2677 1369 2735 in

318 2770 510 2833 exercitibus
538 2771 734 2834 conclamare
766 2762 862 2863 vasa,
896 2785 930 2834 et
954 2773 990 2832 in
1021 2772 1133 2856 legetis
1157 2769 1370 2864 agnoscimus

318 2861 402 2962 vasa
426 2886 459 2933 et
481 2874 624 2943 cornices,
657 2886 693 2934 ut
714 2874 883 2955 aliquoties
901 2885 1070 2934 occurrunt
1096 2875 1179 2956 apud
1211 2874 1369 2939 Livium.

320 2991 345 3034 1.
366 2988 560 3036 ssouovrve
576 2971 652 3036 MS.
705 2975 751 3034 lte
771 2988 854 3036 certe
877 2995 905 3044 ι,
924 2983 981 3052 24,
999 2985 1033 3050 5.
1060 2993 1156 3054 quem
1178 2973 1288 3034 locum
1313 2977 1374 3036 in·

317 3071 425 3134 inibat
452 3073 594 3136 Turneb.
619 3073 771 3137 adversar.
800 3093 854 3146 ιο,
881 3075 939 3136 26.
975 3073 1083 3135 addito
1110 3075 1172 3136 elio
1194 3093 1234 3134 ex
1255 3073 1374 3137 Gratii

318 3173 444 3258 Cyneg.
461 3194 493 3235 v.
515 3191 598 3254 2¹9·
625 3174 691 3246 ubi,
717 3173 823 3236 fissus
840 3175 882 3236 est
904 3175 1010 3243 lectio.
1034 3173 1239 3235 instrumenta
1262 3195 1374 3238 vens·

318 3273 399 3336 toria
414 3273 454 3335 fic
470 3273 532 3335 dici
549 3275 711 3338 videntur.
744 3275 817 3339 Vid.
840 3277 1038 3358 interpretes.
1072 3275 1136 3338 Sed
1157 3275 1251 3338 latior
1266 3279 1374 3342 vocis

318 3375 502 3460 fignificstio
520 3375 574 3438 ills
595 3395 634 3438 ex
652 3376 719 3438 aliis
739 3375 868 3440 coniist.

393 3540 483 3624 lac)
532 3543 582 3605 De
600 3543 679 3605 lacte
694 3557 727 3605 et
743 3563 833 3605 csrne
850 3541 949 3604 ferina
966 3539 1006 3607 cf.
1024 3543 1144 3606 Sallust.
1162 3545 1233 3628 lug.
1252 3563 1281 3606 c.
1304 3559 1374 3624 18.

317 3651 424 3723 ct'89.
441 3655 473 3706 et
489 3643 533 3704 ibi
549 3643 658 3711 Corte,
680 3646 734 3725 qui
749 3645 837 3706 bunc
853 3647 976 3705 victum
992 3641 1247 3726 antiquiss'tnrum
1267 3643 1374 3711 fniffe

321 3743 425 3805 docet.
464 3737 777 3838 Fuiusrruspiyuur,
803 3747 897 3808 novit
926 3745 1088 3807 Homerus
1115 3747 1153 3810 11.
1179 3759 1235 3824 15.
1259 3747 1297 3810 6.
1335 3764 1374 3812 et

319 3835 397 3906 binc
421 3844 536 3927 plures.

395 4009 639 4094 baccarum)
688 4011 780 4096 Quse
800 4031 868 4075 non
892 4013 979 4075 cultu
1001 4011 1280 4095 producebantur,
1312 4013 1374 4078 sed

319 4109 434 4197 sponte
449 4132 490 4176 ex
509 4125 589 4177 terre
611 4113 844 4199 proveniebant
863 4116 898 4177 in
917 4113 1085 4179 fruticibus
1105 4115 1160 4178 vel
1177 4114 1374 4194 arboribus
