2756 4964
360 459 403 524 as
630 441 788 502 NOTAE
829 441 1133 499 EXEGETICAE

366 616 565 704 peculiariter
590 613 690 685 dicte,
724 614 765 676 de
791 633 852 695 qua
877 613 1000 696 prolixe
1032 612 1176 676 disseruit
1206 614 1329 678 Salmas.
1355 635 1365 674 a

364 721 466 786 Solin.
490 739 517 780 o.
541 732 599 778 αι.
624 713 645 778 s.
671 725 728 792 94.
753 735 785 797 p.
811 735 854 775 m.
882 729 951 788 172
971 713 1013 794 sq.
1065 715 1151 784 Alia,
1185 717 1286 776 veluti
1306 705 1365 804 lese

365 821 467 890 mola,
493 814 637 907 silphion
662 812 769 897 paffim
802 827 1034 876 commemorat
1064 817 1187 876 Plinius
1217 835 1292 877 cum
1317 817 1365 875 eiii

366 925 417 986 De
434 923 562 982 iliorum
584 917 671 977 euim
688 931 720 977 et
738 915 849 978 vestitu
868 915 908 979 cf.
926 918 1073 998 Xenoph.
1089 919 1121 977 in
1139 917 1261 998 Cyrop.
1278 937 1306 986 1,
1318 929 1365 993 3‚t

366 1039 401 1086 et
417 1022 461 1082 ibi
483 1019 633 1081 Zeunius.
675 1017 757 1079 Urbs
770 1017 914 1100 primaria
931 1015 992 1078 suit
1006 1015 1187 1086 Ecbatana.
1215 1017 1365 1097 Medores

365 1121 528 1186 Persarum
551 1120 646 1202 regia.
673 1119 807 1196 (Strabo
829 1135 883 1180 tt.
905 1137 938 1198 p.
958 1119 1040 1196 360.
1066 1115 1087 1180 i,
1106 1116 1211 1200 522.)
1248 1117 1331 1178 Alias
1350 1135 1364 1175 r

322 1241 329 1251 ’
366 1222 494 1288 censent
508 1221 591 1282 Piin.
613 1219 647 1289 6,
672 1215 763 1292 17.[.
786 1227 839 1295 ¹4·
871 1219 1073 1280 Ptolemaeus
1088 1238 1114 1280 c.
1136 1219 1157 1280 1.
1184 1231 1215 1280 et
1238 1219 1365 1279 recentis

364 1345 415 1388 res
437 1319 633 1404 Geographi‚
671 1331 767 1399 prout
798 1319 851 1379 vel
879 1318 1025 1402 angustos
1057 1319 1111 1380 vel
1136 1319 1216 1380 latos
1242 1319 1365 1380 termint

367 1423 580 1494 constitueris,
612 1418 668 1479 uhi
690 1417 766 1479 irak
788 1409 954 1509 Adsehemi
976 1420 1028 1480 vei
1052 1421 1131 1480 Iran
1152 1411 1365 1510 Aurhidsiriar

369 1525 466 1590 Giton
481 1536 514 1582 et
533 1518 756 1583 Iiioaonderan
777 1538 814 1580 ex
831 1533 918 1601 perte
937 1519 1135 1582 occidentali.
1176 1517 1227 1582 Cf.
1247 1520 1365 1581 Menoe

367 1625 484 1710 Geogr.
502 1624 542 1684 Τ.
558 1632 590 1697 5.
614 1631 750 1704 P·'¹¹5·
802 1623 851 1682 De
868 1621 1023 1683 Armeniis
1045 1622 1111 1683 viri.
1132 1621 1170 1682 ad
1187 1634 1218 1698 5,
1242 1631 1276 1698 8,
1296 1633 1328 1696 5.
1354 1643 1365 1678 t

370 1724 588 1805 Commagenis
603 1721 642 1782 ad
664 1741 692 1792 ι,
714 1741 767 1783 ιι.
782 1723 826 1783 in.
852 1723 892 1784 de
909 1717 1045 1784 obscuris
1061 1721 1229 1783 Murranis
1245 1735 1315 1784 not.
1328 1722 1365 1783 cri

442 1922 478 1990 V
481 1920 612 2003 eneti)
662 1922 719 1986 Gr.
741 1917 883 1994 Ἓνετοὶ,
914 1941 994 2004 quoe
1017 1935 1049 1985 et
1070 1937 1204 1985 noverat
1224 1926 1365 1987 Homero

365 2027 439 2090 vid.
457 2026 493 2088 lt.
512 2040 545 2096 Ω,
564 2037 648 2102 859.
682 2023 823 2086 Henetus
846 2038 938 2085 vocat
962 2023 1073 2106 Nepos
1092 2025 1176 2106 apud
1200 2026 1285 2088 Pliu.
1308 2029 1339 2094 6,
1364 2057 1365 2082 ;

366 2143 401 2192 et
416 2128 487 2192 Liv.
510 2147 537 2196 ι,
565 2145 593 2195 ι,
617 2138 649 2202 3.
701 2125 780 2186 inde
797 2121 953 2199 Ἑνετὶδες
975 2121 1068 2188 ἵπποι
1089 2127 1174 2207 apud
1196 2127 1365 2208 Stephanm

367 2229 402 2292 h.
418 2247 451 2290 v.
481 2218 642 2298 Ἑνετικὸς
662 2225 746 2306 apud
771 2223 915 2290 Strabon.
940 2237 973 2302 5.
998 2245 1028 2306 p.
1051 2237 1140 2304 147:
1154 2223 1174 2287 s.
1193 2245 1278 2292 ese.
1314 2225 1364 2287 ‘Er

365 2325 456 2414 τὴϊος
477 2321 602 2411 Πέλοψ
630 2325 712 2406 apud
739 2325 908 2406 Appollon.
931 2325 1040 2388 Rhod.
1065 2343 1094 2398 e,
1119 2337 1203 2406 558.
1258 2329 1365 2410 Deip!

366 2431 500 2492 nomine
521 2427 587 2488 vid.
610 2425 843 2488 Freinshemius
866 2427 904 2487 ad
928 2425 1020 2490 Curt.
1045 2439 1077 2506 3,
1103 2448 1131 2498 s,
1157 2425 1211 2488 eo'.
1241 2429 1297 2490 uhi
1321 2431 1365 2489 azir

367 2527 485 2612 potest,
509 2527 593 2609 quast
610 2518 725 2590 niverni
747 2527 894 2607 expiicari
912 2547 929 2587 a
944 2528 1087 2589 Diacono
1105 2528 1144 2589 de
1165 2527 1241 2612 gest·
1276 2531 1364 2612 Langt

365 2629 490 2692 hardor.
517 2643 551 2699 e,
581 2645 634 2688 ro.
685 2629 769 2687 Ante
794 2629 930 2689 Troiana
956 2641 1098 2708 tempora
1128 2629 1294 2694 Ceuconee
1318 2631 1364 2690 dic

366 2726 659 2792 secundumSchol.
672 2727 835 2808 Apollonii
849 2728 887 2789 ad
900 2747 925 2788 c.
940 2728 961 2790 l.
981 2729 1103 2788 Eorum
1119 2727 1205 2794 sedes
1223 2743 1363 2814 praeeunt

366 2831 512 2894 Homero
536 2843 658 2890 tamum
680 2847 747 2888 non
778 2847 889 2891 omnes
910 2831 943 2889 in
969 2829 1180 2914 Paphlagonia
1205 2835 1258 2894 rel
1280 2831 1363 2894 vicini

366 2945 511 3016 pennum
550 2929 570 2987 st
595 2929 662 2988 loca
686 2925 820 3008 spectes,
851 2930 888 2990 ad
918 2929 1112 3000 cromnam,
1142 2931 1275 3012 (Nepos
1297 2951 1321 2992 c.
1347 2931 1362 2992 Ι.

365 3032 447 3094 uitta
467 3027 674 3092 Parthenium
693 3025 725 3088 ss.
746 3030 783 3088 ad
812 3029 980 3107 Cytorum.
1011 3029 1142 3106 (Strabo
1162 3045 1216 3092 re.
1247 3051 1280 3114 p.
1308 3035 1362 3108 37i

366 3131 389 3195 f.
407 3133 510 3212 542.)
559 3129 648 3190 idem
672 3130 851 3209 primariam
871 3129 1110 3211 Paphlagonum
1135 3143 1266 3214 gentem
1289 3147 1361 3190 vom

365 3247 399 3298 et
420 3234 460 3294 de
478 3231 606 3290 illorum
629 3225 752 3290 sedibus
773 3230 859 3312 plura
882 3249 920 3290 ex
944 3229 1012 3288 aliis
1036 3231 1130 3290 etiam
1152 3229 1272 3293 adfert:
1311 3223 1361 3290 tud

364 3353 444 3398 vero
465 3331 538 3392 aliae
558 3341 651 3390 terras
678 3331 856 3410 petierunt,
887 3343 919 3391 et
939 3329 980 3390 iic
1001 3329 1210 3392 inveniuntur
1231 3333 1360 3394 Antenor

366 3433 502 3498 ducein
525 3431 674 3500 Thracia.
704 3429 833 3494 'Strabo
861 3447 914 3491 ια.
937 3448 970 3509 p.
996 3443 1077 3510 5714.
1102 3429 1123 3494 i.
1146 3443 1229 3512 543.
1257 3431 1309 3494 lib.
1330 3433 1360 3512 1)

365 3555 398 3618 p.
414 3544 499 3614 4ι8.
514 3528 535 3594 s.
554 3531 659 3612 608.)
683 3527 718 3590 in
735 3529 852 3591 Moesis
869 3547 968 3612 prope
988 3530 1154 3602 Triballoe,
1174 3537 1188 3612 (
1197 3531 1332 3594 Eustath.

365 3635 501 3697 Homer.
517 3652 544 3694 o.
561 3633 581 3693 l.
600 3650 639 3691 ex
653 3632 760 3692 codice
775 3630 936 3710 Stephani,
960 3631 1015 3710 qui
1031 3631 1105 3692 inde
1120 3631 1257 3716 suhpieri
1273 3643 1342 3716 pote

364 3735 401 3797 in
417 3733 554 3813 illyrico,
576 3731 752 3809 (Herodot.
774 3751 802 3800 ι,
825 3731 905 3810 ι96.
931 3741 964 3791 et
978 3749 1017 3792 ex
1037 3750 1076 3794 eo
1092 3736 1229 3796 maxime
1247 3733 1358 3894 Bardep

364 3831 417 3898 de’
439 3834 536 3916 primi
557 3831 703 3892 abitatori
731 3829 802 3892 tieli'
825 3833 928 3902 italia,
960 3827 1088 3894 articola
1116 3854 1169 3897 ιο.
1201 3855 1233 3916 p.
1260 3833 1326 3912 196
1356 3907 1357 3910 Ἴ

364 3933 417 4002 Cf.
443 3934 557 4010 Heyue
579 3930 617 3990 ad
642 3930 750 4012 virgil.
774 3931 852 3992 Aen.
882 3952 910 4000 ι,
937 3934 1039 4010 243.)
1071 3935 1109 3996 ad
1134 3934 1235 3996 finum
1258 3933 1326 3996 Ioni

361 4031 472 4100 versus
489 4032 610 4093 ltaliam
631 4029 880 4108 (Chaicondylae
897 4052 929 4112 p.
944 4049 1004 4110 99.
1031 4033 1102 4094 vid.
1119 4035 1255 4097 Stritter.
1272 4037 1303 4094 in
1320 3921 1357 4118 ἔ

362 4135 475 4202 moriit
495 4131 693 4217 populorum
710 4163 758 4180 -
779 4132 819 4193 T.
847 4151 876 4194 ι.
898 4151 931 4214 p.
950 4133 1055 4210 552.)
1084 4133 1185 4198 donec
1204 4132 1239 4198 in
1262 4123 1356 4212 Hadri
