2764 4954
1104 106 1115 140 l

320 393 385 464 27⁰
592 377 756 498 norun
793 383 1094 446 exuoerrcte

401 549 579 654 adverso
596 550 785 653 spiritu)
766 558 961 644 ).Lucan
983 579 1038 631 ιο,
1055 567 1138 640 245.
1163 554 1343 621 eademne:

326 682 431 751 equas
461 661 535 727 Nili
566 658 709 750 Adsiduo
732 654 864 754 feriam
896 675 1073 747 cogaturque
1101 656 1234 754 nfislere
1252 652 1347 746 flatu.

327 762 507 842 Pliniue5,
534 783 588 828 ιο.
599 761 666 843 l.9.
688 759 818 854 Etrfiae
831 785 867 824 eo
881 777 1019 845 tempore
1033 781 1074 826 ex
1087 751 1278 854 adversofle
1225 755 1348 849 flmntes

327 867 380 934 Aa
401 864 528 928 lenium
549 860 688 927 omnino
712 867 794 927 alter
818 861 949 929 Plinius
974 861 1097 949 epistol.
1115 873 1151 944 4,
1170 877 1229 940 3ο,
1245 871 1277 938 8.
1291 856 1350 947 flu·

329 970 420 1033 mina
449 958 695 1058 adversantibus
720 968 827 1030 arentis
852 964 1006 1050 obvioque
1026 964 1113 1058 aestu
1136 976 1351 1046 retorquentur.

223 1105 225 1111 ι
328 1067 409 1135 Fuit
434 1082 544 1130 autem
563 1065 648 1129 lraec
670 1063 786 1150 opinio
810 1063 921 1128 olim'
911 1088 947 1128 ιιι
969 1063 1087 1152 primis
1110 1053 1278 1136 Thaletis,
1310 1059 1353 1124 uti

331 1171 454 1235 docent
473 1165 641 1251 Diogenes
660 1171 820 1240 Laertr,
839 1191 868 1240 ι,
887 1183 919 1244 3.
936 1168 956 1231 [.
977 1181 1035 1246 37.
1069 1169 1195 1231 Seneca
1218 1166 1353 1248 natQu.

330 1283 368 1354 4,
389 1287 421 1333 o.
455 1265 594 1332 Diodor.
613 1265 678 1332 sic.
701 1293 731 1343 1,
750 1280 808 1348 38.
838 1266 961 1355 aliique
982 1273 1094 1355 plures
1116 1260 1356 1332 commemorati

332 1393 351 1436 a
375 1367 531 1455 Menagio
559 1370 600 1433 ad
621 1358 764 1455 Diogen.
786 1374 893 1458 Laept
915 1393 948 1455 p.
971 1387 1029 1441 cr.
1050 1391 1078 1434 c.
1101 1372 1123 1434 l.
1174 1368 1357 1432 Adverlatur

331 1487 462 1560 praeter
485 1467 567 1534 alios
589 1471 750 1534 Ludolitu
770 1469 806 1534 in
829 1469 938 1535 histor.
958 1468 1155 1558 Aethiopiae
1173 1493 1203 1544 1,
1221 1481 1254 1548 8.
1280 1484 1310 1531 et
1326 1463 1358 1528 in

216 1583 218 1592 ’
333 1587 513 1638 comment.
540 1592 568 1635 c.
600 1575 622 1635 l.
660 1589 829 1658 praetenta
863 1571 1084 1658 experientie;
1136 1592 1257 1656 nempe
1291 1588 1359 1632 eum

333 1677 459 1740 Etesiae
477 1675 537 1737 lunt
552 1670 702 1736 omnium
720 1671 994 1759 temperatissimi,
1023 1691 1056 1738 et
1071 1671 1221 1736 interdiu
1242 1686 1359 1734 tanturn

335 1773 469 1862 spirent,
496 1789 601 1838 noctu
615 1772 794 1860 quiescant,
820 1772 857 1838 id
873 1795 928 1838 eos
946 1776 1050 1838 solum
1065 1773 1199 1838 efficere
1214 1773 1308 1858 poffe,
1329 1783 1361 1831 ut

334 1874 554 1964 inaequaliter
574 1873 672 1939 Niluo
696 1877 829 1941 crescat.
888 1874 1044 1941 Pluribus
1066 1873 1141 1939 telis
1164 1868 1362 1960 impugnavit

271 1975 274 1988 ’
334 1977 490 2045 Aristides
507 1979 604 2041 Tom.
617 1996 647 2041 o.
662 2000 694 2063 p.
707 1993 789 2057 332.
806 1980 894 2042 lebb.
927 1984 959 2056 ι)
977 1975 1066 2064 quia,
1084 1975 1125 2040 iis
1141 1975 1281 2039 minime
1294 1973 1362 2034 flan-

337 2080 446 2154 tibus,
475 2077 567 2142 idem
587 2095 698 2142 tamen
715 2077 865 2155 eveniat3
904 2083 938 2160 e)
959 2077 996 2141 id
1012 2076 1093 2141 alibi
1109 2080 1149 2142 ab
1168 2076 1242 2141 aliie
1264 2069 1362 2137 ventis

338 2179 413 2248 lieri
429 2200 498 2244 non
516 2183 660 2266 legatur3
689 2186 726 2261 3)
740 2183 864 2244 Etesiae
876 2201 944 2243 non
960 2196 1028 2243 tam
1038 2196 1153 2243 contra
1168 2176 1282 2242 ollium
1291 2169 1361 2244 Nili,

338 2287 441 2371 lpuam
457 2282 629 2345 adversum
644 2278 839 2346 orientalem
852 2279 959 2366 ripam
976 2280 1108 2366 spirent,
1134 2303 1213 2345 cum
1226 2273 1363 2364 plerique

341 2387 403 2447 sint
422 2379 581 2468 Zephyri,
614 2377 672 2468 qui
693 2384 733 2445 ab
756 2381 890 2448 Oriente
913 2381 949 2445 in
970 2380 1191 2448 Occidentem
1212 2381 1363 2447 ferentum

339 2491 381 2566 4)
403 2500 528 2547 tantam
541 2479 612 2546 vim
633 2480 683 2545 illi
703 2504 773 2547 non
790 2485 948 2558 habeant,
980 2482 1105 2571 quippe
1127 2505 1215 2570 quae
1235 2474 1364 2566 rapidio-

339 2585 434 2649 ribuc
457 2586 540 2649 adeo
564 2603 632 2648 non
653 2581 744 2648 infit:
787 2591 824 2665 5)
845 2583 1016 2648 manifesto
1036 2581 1078 2647 iit
1102 2584 1259 2649 llantibue
1280 2577 1365 2643 Nilus

342 2687 476 2763 effluat3
513 2689 549 2768 6)
572 2685 687 2749 aestate
703 2683 808 2770 magis
824 2687 911 2760 fere,
939 2707 1039 2774 quam
1054 2683 1166 2749 hieme
1184 2706 1268 2772 aqua
1285 2675 1366 2744 emit·

342 2805 441 2854 tatur.
492 2789 644 2852 Attamen
665 2789 820 2851 Wansleb
844 2785 939 2850 Reile
964 2791 1050 2852 nach
1073 2789 1243 2872 Aegypten
1263 2808 1293 2870 p.
1319 2798 1365 2840 21·

343 2889 394 2971 (in
410 2891 532 2952 Paulus
549 2891 741 2973 Sammlung
762 2923 803 2937 —
823 2889 860 2953 P
878 2893 925 2969 3.)
948 2909 988 2952 ex
1010 2887 1151 2952 aliorum
1175 2879 1366 2951 sermonibus

343 2991 466 3079 suaque
488 2989 586 3075 ipsius
613 2986 816 3074 experientia
841 2987 1054 3055 confirmatus
1076 2989 1190 3063 refert,
1217 3009 1275 3074 per
1295 2977 1367 3046 illud

344 3110 476 3178 tempus
491 3089 683 3156 Thralciam
703 3085 828 3171 (Nord·
836 3093 947 3155 Nord·
955 3093 1061 3155 Well-
1069 3089 1188 3170 Wind)
1210 3085 1324 3174 spirare
1341 3092 1367 3138 et

346 3191 520 3257 eilluvium
532 3190 613 3265 Nili,
640 3209 740 3277 prout
753 3189 852 3276 lprrat
870 3208 925 3255 aut
941 3191 1061 3264 acrius,
1080 3207 1137 3256 aut
1151 3189 1260 3254 lenius
1276 3177 1366 3264 magis

345 3293 500 3358 minusve
520 3295 685 3358 retardare
703 3309 736 3358 et
756 3289 869 3359 hinc
858 3287 1368 3378 meremenrumaugere.1dem

347 3395 500 3459 adfirmat
521 3395 622 3459 etiam
635 3419 668 3481 p.
691 3397 771 3460 160.
795 3398 850 3458 etsi
867 3419 898 3481 p.
920 3399 999 3462 166.
1022 3392 1238 3481 praecipuam
1253 3387 1368 3454 caulam

347 3497 454 3564 defert
468 3495 505 3560 in
519 3494 661 3583 pluviat,
682 3512 721 3561 ut
733 3498 860 3579 Volney
872 3519 904 3583 p.
920 3509 980 3579 43.
1012 3498 1077 3560 Sed
1091 3494 1160 3560 vid
1180 3495 1282 3580 lupra.

424 3641 754 3732 Antlelatltones)
803 3651 967 3714 Antoecoe
996 3647 1054 3712 hic
1079 3649 1180 3711 habet
1204 3643 1369 3726 Nicagoras

350 3751 439 3834 apud
461 3751 569 3814 Schol.
590 3747 759 3834 Apollonii
779 3751 821 3814 ad
840 3761 878 3833 4,
897 3753 979 3836 296.
1001 3750 1103 3824 unde,
1129 3768 1197 3837 quo
1217 3743 1305 3811 sensu
1322 3755 1369 3800 vt·

349 3853 455 3926 leant,
481 3848 688 3936 intelligitur.

424 4002 572 4087 caeco)
621 4001 678 4069 sic
694 4023 772 4070 cum
784 4003 923 4070 flumina
939 4003 1098 4068 dicuntur
1116 4001 1292 4090 procedere
1311 4007 1371 4054 non

350 4123 482 4176 tantum
497 4105 554 4172 lub
571 4120 676 4184 terra,
708 4107 764 4174 led
781 4106 882 4176 etiam
901 4109 958 4172 sub
977 4103 1046 4193 iplo
1063 4103 1167 4182 mari,
1197 4113 1292 4191 prout
1306 4087 1371 4160 ulit
