2796 4956
192 347 242 404 tlt
268 345 542 405 Pollia-Mal„
584 347 666 404 [Α.
708 346 842 410 cvm.
884 348 966 418 §.at
1038 361 1099 428 ⁸99

422 536 450 600 C
477 539 504 602 Δ
530 539 569 602 Ρ.
621 537 731 602 vt11.

292 721 856 774 cruaNAtcA.

161 893 191 970 5·
223 911 254 954 ¹·
304 891 329 951 Ῑ
341 889 460 971 nde)
508 884 675 952 Praeceffit
706 894 842 954 narratio
868 891 910 954 de
934 889 1096 953 Philaenie
1163 900 1170 909 ’
1216 909 1222 916 ·

74 991 222 1062 iratribus,
249 992 354 1073 itaque
371 991 499 1052 videtur
512 991 550 1052 ab
566 1010 677 1054 eorum
697 993 757 1054 arie
772 992 965 1072 Cyrenaicae
982 991 1097 1074 princi·

73 1096 154 1178 pium
174 1092 317 1154 statuere.
360 1091 422 1154 Sed
438 1111 515 1154 vero
530 1094 592 1153 iam
608 1089 749 1174 inperiuc
762 1093 928 1174 Phycunta
944 1111 1097 1174 promun-

72 1197 183 1256 torium
202 1190 378 1263 recenlnit,
416 1205 576 1274 tamqnam
599 1192 621 1253 fi
643 1211 683 1254 eo
708 1212 807 1275 oeque
831 1191 936 1258 Africa
966 1194 1095 1275 proprie

72 1296 145 1356 dicta
167 1295 403 1356 extenderetur.
458 1295 500 1356 Et
524 1293 594 1356 lane
617 1294 837 1358 Artemidorus
858 1295 942 1377 apud
970 1294 1096 1356 Strabo·

71 1415 138 1456 nem
163 1395 214 1474 [3.
234 1415 266 1476 p.
287 1391 397 1472 ross.i.
413 1395 508 1474 157.]
530 1413 603 1456 cum
617 1393 721 1472 nollro
738 1395 803 1458 huc
816 1415 915 1478 usque
933 1393 1096 1478 Lotopha-

68 1516 119 1580 goa
134 1493 284 1555 habitalle
300 1494 438 1598 tradidit.
476 1495 539 1558 Sed
555 1509 588 1558 et
602 1495 728 1558 Solinus
747 1489 793 1581 [c.
810 1509 868 1576 3ο.
880 1495 900 1558 l.
912 1490 991 1580 27.]
1010 1495 1098 1576 Phy-

69 1609 158 1657 cunta
190 1593 312 1657 Africae
337 1595 458 1657 tribuit.
509 1595 680 1658 Salmasrue
698 1609 805 1658 tamen
829 1596 892 1658 hoc
916 1596 988 1659 loco
1019 1615 1097 1658 eum

67 1697 174 1782 nugari
193 1697 319 1778 inqrrit;
345 1693 395 1754 led
416 1709 508 1758 errat.
560 1696 726 1780 Quidquid
740 1698 829 1758 enirn
844 1699 927 1759 inter
949 1696 1098 1758 Maurita-

67 1799 150 1860 niam
170 1810 204 1858 et
226 1797 433 1876 Cyrenaicam
456 1797 551 1866 iacet.
583 1797 615 1858 id
632 1794 752 1860 Africae
773 1799 900 1881 proprie
924 1799 1024 1859 dictae
1045 1799 1098 1858 tri·

68 1897 188 1960 buitur.
241 1899 310 1957 lam
326 1915 405 1958 vero
420 1894 608 1977 Cyrenaicae
627 1917 694 1960 non
713 1899 842 1960 eoadem
859 1895 976 1959 faciunt
992 1898 1099 1958 termi-

67 2018 124 2060 noa
139 2012 278 2060 veteres.
310 1999 373 2060 dlii
388 1999 474 2060 enim
489 1997 680 2078 Cyrenaicae
696 2000 827 2060 initium
840 1996 971 2059 sumunt
986 1998 1025 2059 ah
1040 1999 1100 2062 aria

68 2101 304 2170 Philaenorum,
328 2092 386 2184 [ut
404 2094 508 2186 lllela]
541 2099 592 2160 alii
615 2099 763 2184 aBpuo'iv
787 2100 1011 2182 promuntorio
1034 2099 1099 2162 lire

69 2201 189 2272 Boreo,
225 2203 273 2259 uti
298 2199 437 2268 Plinius.
469 2195 523 2286 [5.
548 2195 601 2287 4.]
633 2202 761 2282 quidam
790 2199 829 2261 ab
863 2197 1099 2281 Hesperidibua,

69 2295 199 2387 [Scylax
213 2321 246 2382 p.
256 2309 317 2380 qq..
333 2297 435 2360 liudi·
458 2302 574 2383 quippe
588 2303 644 2382 qui
659 2299 713 2360 luh
723 2300 906 2362 Marmarica
920 2301 1100 2381 complecti·

69 2398 136 2490 tur]
162 2403 264 2483 aliqui
279 2401 374 2462 etiam
391 2421 406 2461 a
424 2401 601 2481 Phycunte.
625 2398 698 2488 [Cf.
715 2402 753 2462 ad
769 2422 834 2483 cap.
854 2417 886 2476 7.
903 2395 957 2487 6.]
991 2403 1099 2482 ltaque

68 2523 105 2564 ex
125 2523 242 2566 eurum
264 2501 416 2564 sententia
444 2522 512 2564 arae
534 2503 762 2564 Philaenorum
790 2521 856 2563 non
880 2501 951 2562 [unt
972 2503 1101 2564 termini

69 2603 191 2668 Africae
223 2604 348 2686 proprie
374 2603 490 2674 dictae,
532 2601 583 2664 led
616 2605 749 2665 ditionis
783 2603 1099 2686 Carthaginienslum.

70 2706 238 2788 Quidquid
256 2723 331 2764 vero
348 2701 496 2764 Afrorum
512 2705 593 2765 ultra
614 2703 682 2766 illae
702 2704 821 2765 habitat
839 2723 920 2774 arae,
946 2704 979 2764 id
997 2702 1100 2785 ipsum

68 2826 194 2888 quoque
215 2801 335 2866 Africae
355 2805 482 2887 proprie
504 2805 604 2867 dictae
627 2805 789 2868 tribuitur.
841 2801 907 2866 afri
930 2823 1007 2866 vero
1031 2802 1102 2865 lunt

68 2907 275 2991 Lotophagi,
300 2906 354 2985 qui
370 2924 468 2986 uaque
481 2905 519 2966 ad
534 2905 733 2985 Phycuntem
749 2906 946 2988 pertingunt.
982 2904 1102 2986 Quem·

69 3009 245 3070 admodum
269 3024 345 3088 ergo
366 3005 493 3067 Graecia
513 3021 661 3078 vocatur,
687 3006 870 3087 ubicunque
885 3005 995 3067 Graeci
1015 3005 1102 3065 habi·

69 3123 153 3180 tant,
184 3110 229 3172 ita
253 3125 379 3187 quoque
402 3103 522 3175 Africa.
556 3127 744 3188 quacunque
776 3103 846 3166 lunt
870 3103 947 3168 diri.
999 3103 1102 3168 Africa

70 3227 178 3272 autem
202 3209 256 3270 vel
280 3207 381 3287 Libya
408 3207 518 3270 multia
546 3209 651 3270 modia
673 3209 840 3297 accipitur..
871 3207 976 3268 tribua-
996 3220 1104 3267 tamen

70 3307 288 3392 potilinnum;
327 3307 361 3390 ι)
382 3309 421 3370 de
444 3325 531 3390 parte
549 3309 679 3369 habitati
704 3309 783 3368 olim
808 3307 911 3378 orbie3
950 3303 985 3386 a)
1008 3326 1103 3389 angu-

70 3411 196 3474 itili'tme
215 3413 255 3471 de
272 3409 580 3494 Carthaginienslum
597 3410 739 3480 ditione;
775 3406 811 3490 3)
832 3409 872 3468 de
894 3421 981 3488 terra.
1009 3425 1104 3488 qnam

74 3511 141 3574 afri
165 3523 289 3573 tenent.
320 3529 463 3572 voestve.
512 3511 630 3572 Tabula
648 3510 830 3592 Peutinger.
849 3509 920 3568 vlt.
941 3509 1104 3588 utriusque
1154 3567 1159 3582 ,

73 3615 215 3700 regionis
236 3613 392 3672 terminos
407 3611 632 3673 Philaenorum
656 3631 719 3672 arae
736 3609 857 3670 disertis
877 3608 983 3669 verbio
1002 3609 1105 3690 ponit.

74 3735 150 3796 quas
172 3729 278 3774 tamen
302 3713 387 3792 Syrti
412 3713 533 3772 minori
552 3713 705 3774 admovet
726 3707 832 3771 reriua
858 3709 1028 3778 maiorem.
1062 3711 1108 3771 ita

74 3831 108 3876 ut
133 3817 217 3875 hanc
239 3815 430 3894 Cyrenaicae
454 3809 616 3875 adscribat.
676 3811 745 3873 Nec
765 3812 943 3892 discrepant
961 3822 1106 3872 tamena

75 3918 179 3978 tabula
205 3916 360 3976 Antonini
384 3914 490 3976 itiner.
513 3934 544 3996 p.
570 3915 637 3990 65.
655 3927 688 3974 et
712 3913 828 3994 Geogr.
851 3912 996 3974 Ravenn.
1014 3926 1046 3991 5,
1069 3921 1104 3991 4.

76 4017 94 4077 li
116 4017 286 4086 Anabucin
315 4013 486 4078 subiectam
510 4013 666 4100 respicias.
722 4015 761 4076 In
783 4012 929 4076 Philaeni
949 4013 1009 4078 arie
1032 4031 1107 4078 cou-
