2756 4964
183 413 244 470 IN
271 413 413 472 POMP.
439 337 552 470 illm:
591 407 676 470 Lr.
718 413 810 476 GV·
852 413 981 487 §.4-5.
1055 427 1115 494 257

125 577 260 677 solo)
301 583 545 650 Fertiliffirnurn
561 585 638 656 elie,
663 598 702 646 nt
716 601 749 649 et
764 587 902 648 vicinam
916 587 1115 660 Numidiam.

70 687 182 768 urimur
206 689 341 750 dieitur
368 687 623 752 demonstrat-illa
645 706 700 748 reu
724 687 890 752 Melinill'a.
931 707 957 752 r.
985 707 1116 754 onouo·

72 808 139 851 vin
155 790 237 852 MS.
264 813 298 853 ι.
356 787 411 854 Cf.
433 789 547 851 strabo
575 790 786 870 17.p.569.
810 787 933 867 [898.
984 791 1060 854 Pata
1081 795 1116 856 itt

71 891 172 970 primis
189 891 342 954 litoralis
362 890 408 952 eli
427 885 627 960 leracill'rma,
651 889 738 951 uude
754 901 787 952 et
802 889 900 952 hodia
917 887 1116 956 frumentum

72 992 193 1069 petitur.
251 993 299 1054 At
315 991 450 1054 incolae
466 989 584 1074 legnea,
610 1001 647 1050 nt
663 989 732 1072 poll
754 989 820 1074 iple
837 989 922 1054 Mela
938 1007 1061 1066 monet,
1083 1009 1117 1058 et

72 1093 145 1176 regi.
184 1091 244 1157 Cf.
261 1091 374 1155 Hoell
395 1113 428 1174 p.
444 1106 528 1168 977.
545 1101 628 1170 987.
647 1087 795 1176 303qu.

133 1296 180 1356 oi
187 1297 225 1357 ri
232 1317 251 1358 s
259 1293 281 1377 )
339 1291 477 1358 Sio'iere
495 1283 536 1356 ¹(le
556 1293 656 1356 Gallia
672 1291 870 1357 Narbonensi
893 1295 1040 1362 Martiam
1057 1299 1116 1364 Cr·

69 1395 139 1476 pella
158 1399 195 1459 6.
214 1418 253 1480 p.
273 1405 366 1475 204.
389 1397 555 1476 provincie
570 1395 648 1458 uiris
666 1429 718 1444 -
731 1386 889 1487 frugibus
903 1401 1116 1466 memoranda.

69 1497 178 1560 Contra
194 1498 317 1562 noller
336 1515 370 1570 9,
390 1513 422 1560 9.
438 1498 485 1559 in.
505 1496 546 1560 de
558 1495 703 1558 Thracia.

123 1691 369 1792 segnitia)
420 1695 576 1762 Gesnerna
601 1699 637 1762 in
660 1692 802 1764 thesauro
825 1699 862 1764 L.
885 1703 922 1767 1..
943 1701 999 1766 iub
1023 1703 1058 1770 lr.
1082 1727 1116 1772 v.

66 1802 192 1884 explicat
210 1804 261 1863 de
277 1799 480 1882 stupiditate,
499 1801 657 1864 vecordia.
695 1801 791 1863 Forte
807 1801 942 1884 respexit
960 1805 1117 1870 Graecum

66 1898 200 1990 μυρός,
231 1921 309 1984 quo
327 1902 363 1960 id
376 1901 543 1964 indicatur.
590 1903 732 1964 Avienus
748 1922 782 1964 v.
802 1915 872 1981 978
889 1902 930 1986 lq.
949 1906 989 1968 cle
1003 1925 1117 1970 eornm

65 2006 205 2068 moribus
228 2004 298 2066 l‘rc:
338 2002 392 2062 itis
405 1995 505 2088 fluxo
518 1999 604 2093 fides
623 2015 654 2064 et
679 1993 845 2094 inhospita
867 1995 987 2096 [nuper
1011 2007 1118 2070 corta

66 2108 158 2185 rigent
164 2127 181 2180 ,-
210 2104 375 2166 trahitur
390 2101 478 2163 druis
493 2123 590 2184 vago.
639 2103 732 2166 Plura
746 2104 954 2190 conlegerunt
967 2107 1061 2194 Angli
1082 2109 1118 2170 iu

65 2204 126 2270 hile
141 2205 280 2271 nrhol.
297 2216 337 2268 et
350 2203 400 2266 ibi
413 2204 529 2267 Ritter.
545 2203 616 2268 Vol.
632 2220 665 2268 9.
688 2224 722 2288 p.
745 2214 811 2285 141
830 2204 873 2290 lq.

233 2411 270 2488 §-
301 2417 342 2485 5·
393 2396 608 2498 ausiti)
657 2406 1114 2491 UtlolentaputlLatinoeea.

66 2530 136 2592 quae
151 2508 338 2594 spectandi
359 2508 458 2593 gratia
479 2507 651 2570 ordinatim
673 2507 789 2571 alicubi
811 2511 1020 2584 collocantur,
1053 2515 1117 2576 dici

66 2617 191 2696 proprie
204 2609 353 2689 exponi.
379 2627 404 2672 r.
422 2625 615 2672 ororovtva
627 2607 704 2672 MS.
718 2627 751 2675 t.
788 2607 840 2674 Cf.
854 2611 923 2695 poll
937 2633 1004 2697 cap.
1021 2615 1056 2682 6.
1070 2617 1116 2680 in.

66 2722 285 2791 aaut

138 2913 191 2979 ob
234 2929 449 2975 nurnerum
479 2901 661 3002 septem)
721 2911 847 2976 Mirum
882 2915 975 2985 alieni
1013 2917 1118 2981 videri

67 3015 177 3100 potiit,
203 3033 314 3097 qnare
335 3007 563 3094 ἕπταδέλφους
583 3013 656 3076 iiior
675 3010 804 3077 monlea
819 3034 886 3078 non
902 3017 991 3078 fimul
1013 3021 1118 3080 nomi·

69 3135 121 3180 net
136 3138 219 3180 cum
241 3113 360 3193 thyla.
409 3113 491 3176 Sane
506 3114 631 3175 nullum
646 3115 766 3178 vallum
781 3113 932 3199 spatium.
958 3119 1048 3201 quale
1064 3121 1117 3182 hio

70 3219 158 3282 Mela
181 3213 359 3286 describit,
388 3213 558 3278 intercedit
578 3215 662 3277 inter
684 3215 736 3278 ista
758 3219 848 3301 iuga.
883 3217 935 3280 led
956 3236 1035 3281 vero
1059 3221 1118 3282 libi

72 3321 219 3380 invicem
245 3319 438 3400 iunguntur.
488 3313 612 3378 Plinius
626 3327 659 3393 5.
678 3332 710 3380 9.
733 3315 777 3396 [l.
800 3321 853 3400 r.]
874 3319 914 3381 de
928 3319 1116 3403 Tingitana:

74 3412 156 3512 ipsa
179 3418 361 3498 proventu
389 3412 431 3476 ob
459 3419 575 3477 oriente
593 3407 756 3509 montoso,
782 3409 857 3506 fert
879 3419 1061 3501 elephantos
1082 3422 1116 3483 ire

77 3521 168 3582 Airita
181 3537 316 3602 qnoque
331 3528 444 3588 monte,
471 3529 503 3578 et
520 3537 601 3601 quos
611 3509 736 3608 septem
748 3509 878 3608 fratres
893 3517 1026 3612 ofimili
1042 3521 1115 3584 alti·

79 3621 190 3684 rudiu
200 3615 394 3698 appellunt:
417 3607 512 3707 freto
528 3619 689 3680 imminent
709 3619 747 3680 iri
752 3663 761 3691 ,
787 3621 889 3683 iuneti
906 3619 1023 3684 Abilae.
1062 3623 1115 3688 Sit

79 3737 109 3785 et
122 3721 260 3784 Solinue
274 3737 343 3800 cap.
358 3729 418 3794 95.
443 3710 487 3802 [l.
503 3712 583 3804 aa]
609 3748 660 3763 —
702 3721 809 3782 Unum
824 3741 862 3784 ex
880 3721 943 3785 illie
957 3719 1114 3797 iratribur,

80 3825 167 3886 illm
184 3838 328 3904 nempe,
353 3819 409 3902 qui
429 3820 567 3882 maxime
588 3816 670 3882 itero
689 3821 855 3892 imminet.
881 3821 919 3884 ab
939 3824 1116 3906 elephantie

82 3943 200 3988 nomen
224 3918 350 3984 traxill'e
378 3918 540 3982 exillimoa
580 3916 771 4005 Ἐλέφαντα
794 3924 883 3985 enim
905 3923 995 3986 illum
1020 3941 1116 3988 votat

82 4025 200 4089 sento.
230 4017 315 4111 [17.
329 4042 362 4104 p.
377 4021 463 4100 569.
479 4017 500 4083 l.
514 4033 597 4099 397.
621 4035 654 4085 et
668 4021 910 4106 elephantorum
924 4025 1036 4108 plenoa
1052 4026 1113 4090 elie

82 4145 131 4190 eea
160 4137 297 4192 monte·
328 4121 437 4186 scribit
463 4119 637 4188 Martianus
669 4123 797 4208 Capella
822 4124 877 4189 lib.
895 4123 929 4192 6.
953 4147 986 4210 p.
1006 4121 1113 4214 216.]
