2828 4966
370 459 412 526 52
640 440 802 499 North
843 439 1145 498 EXEGEthAE

451 616 567 680 diver
568 605 599 707 s
598 635 616 676 o
626 611 644 694 )
680 615 702 675 i.
724 633 753 676 e.
777 613 948 684 contrario,
972 615 1023 674 uti
1042 613 1129 696 saepe
1144 615 1229 697 apud
1246 613 1375 676 iustinr

377 721 472 786 Nilus
492 720 578 780 enim
595 713 737 778 diversor
753 735 768 776 a
783 715 917 776 meridie
933 715 1040 778 versus
1058 714 1327 798 septemtrionem
1351 719 1372 776 fl

379 839 548 885 ouaavrva
571 817 647 879 Mo.
701 813 752 878 ef.
780 813 870 895 [upra
895 819 924 892 §.
950 829 985 894 4.
1040 817 1181 878 Plurima
1206 819 1294 888 ioca,
1332 820 1371 876 in

378 926 468 988 hunc
489 923 602 989 etiam.
629 918 669 978 de
692 918 756 980 hoc
777 917 866 980 vocia
887 914 976 978 seusu
993 913 1150 1004 congeffit
1164 921 1203 982 ad
1219 919 1371 982 Frontin

244 1046 248 1054 ‘
380 1029 413 1099 6,
439 1045 469 1088 ι.
495 1018 686 1084 Teouuliua.

769 1351 915 1418 CAP.
973 1355 1024 1420 ΙΙ.

608 1537 749 1589 BREVIS
784 1538 901 1587 ASIAE
936 1539 1188 1590 nasamone.

503 1729 536 1806 §.
567 1745 598 1788 ι.
649 1721 777 1805 hanc)
827 1724 947 1795 Asiam,
972 1745 1051 1806 quae
1075 1725 1131 1788 Gr.
1147 1721 1250 1788 Ἀσία.
1288 1726 1375 1788 Dior

380 1849 413 1892 v.
431 1843 489 1892 20.
510 1819 594 1902 'Aoir
614 1815 673 1888 αἶα
694 1839 728 1886 et
749 1845 783 1888 r.
801 1837 859 1902 25.
882 1824 1020 1911 At'oriyrtr
1040 1817 1115 1900 αἴας
1157 1826 1259 1890 Ovid.
1287 1827 1375 1888 Meta

383 1943 415 2010 5,
440 1933 524 2009 648.
550 1945 583 2007 9.
604 1936 690 2006 447.
717 1921 789 2016 Asts
812 1939 909 1990 terro.
961 1929 1042 1990 lude
1061 1924 1209 2018 Astacus.
1242 1923 1375 2016 Astatia

382 2028 521 2120 Afianns
541 2025 649 2111 paffim
664 2029 698 2087 in
716 2027 846 2090 Latinis.
878 2029 927 2090 De
944 2028 1070 2090 Graecia
1085 2026 1124 2090 cf.
1140 2028 1329 2110 Stephanus
1346 2029 1375 2088 h.

385 2135 512 2194 Nomen
535 2131 679 2211 plerique
702 2128 849 2188 derivant
868 2128 907 2189 ab
922 2129 1007 2200 Asta,
1041 2129 1228 2192 Promethei
1243 2150 1351 2191 uxore

383 2245 493 2301 matre.
519 2231 625 2292 minua
640 2243 746 2289 tamen
761 2241 855 2298 recte,
884 2230 985 2290 veluti
1002 2231 1189 2292 Herodotus
1204 2241 1239 2310 4.
1255 2242 1322 2308 45.
1358 2231 1375 2290 S

382 2334 504 2416 phanoa
522 2329 555 2390 h.
581 2351 614 2390 v.
657 2329 763 2392 Schol.
786 2329 948 2409 Apollonii
970 2331 1010 2392 ad
1037 2352 1066 2402 a,
1092 2341 1178 2410 444.
1213 2331 1362 2392 Eustath.

382 2429 515 2512 Dionys.
527 2452 558 2492 v.
573 2445 656 2504 270.
672 2442 704 2488 et
720 2428 804 2491 620.
830 2431 965 2491 Taetzes
980 2433 1016 2492 ati
1028 2431 1188 2513 Lycophr.
1203 2453 1237 2494 v.
1253 2445 1375 2510 128&

384 2533 523 2617 Quidam
545 2532 640 2592 etiam
660 2530 699 2590 ab
724 2529 813 2590 Afieo
834 2529 956 2609 Cotyoa
979 2533 1031 2592 vel
1052 2533 1153 2612 Atyoa
1174 2533 1257 2605 filio,
1294 2535 1335 2592 de
1357 2554 1374 2612 q

383 2635 450 2699 vid.
468 2631 607 2694 Eustath.
621 2651 667 2694 cc.
681 2631 714 2692 ll.
747 2627 933 2693 Valckenar.
955 2619 994 2692 ari
1009 2634 1164 2696 Herodot.
1181 2655 1208 2695 c.
1228 2633 1251 2696 l.
1287 2634 1374 2694 Berk

385 2739 421 2798 ad
439 2734 638 2816 Stephanum
652 2753 684 2814 p.
705 2744 784 2804 177.
809 2744 841 2790 rt
864 2731 986 2794 Politna
1007 2733 1044 2794 ad
1068 2734 1210 2797 Eustath.
1228 2735 1262 2796 in
1283 2735 1374 2796 Hom

385 2839 425 2898 T.
449 2858 477 2898 r.
500 2855 532 2915 p.
548 2846 633 2912 438.
687 2832 784 2894 Addit
798 2833 975 2911 Stephanus
991 2853 1064 2894 cum
1081 2835 1245 2897 Eustathio
1262 2849 1296 2896 et
1312 2835 1371 2898 Scir

386 2937 549 3018 Apollonii
572 2938 610 2996 ari
634 2955 662 3004 ι,
686 2943 772 3010 444.
804 2925 954 2996 ἀπὸτοῦ
980 2929 1107 3020 πολλὴν
1138 2927 1209 2998 ἄσιν
1233 2930 1321 3020 ἔχειν
1343 2939 1363 2997 i.

386 3029 476 3107 ἰλὺν,
509 3037 558 3096 uti
588 3035 667 3096 hanc
693 3049 807 3094 rocem
836 3035 969 3114 explicat
993 3035 1132 3096 Eustath.
1156 3037 1195 3095 ad
1218 3037 1255 3100 lt.
1277 3053 1308 3106 a,
1327 3037 1373 3114 46

385 3159 418 3222 p.
440 3134 557 3216 192.f.
582 3135 650 3197 Bas.
691 3133 890 3217 Agathemer.
918 3156 945 3204 ι,
978 3155 1007 3198 r.
1040 3131 1107 3198 tiro*
1127 3133 1187 3200 τοῦ
1216 3123 1312 3200 ἆσσον
1332 3127 1372 3200 εἶν

387 3237 454 3314 τοῖς
475 3233 531 3300 a'rr'
548 3227 706 3326 Εὐρώπης
731 3231 872 3298 ἀπιοῦσι.
913 3235 1088 3298 Bochartua
1107 3237 1140 3296 in
1158 3237 1284 3322 Phaleg.
1302 3248 1372 3318 45

387 3339 538 3404 aPunica
553 3357 631 3398 voce
655 3332 712 3425 Ast
732 3337 752 3396 i.
775 3355 803 3396 e.
829 3337 991 3404 medium,
1022 3357 1061 3398 ex
1079 3337 1137 3397 srtu
1153 3339 1235 3400 inter
1256 3341 1371 3420 Europa

388 3457 422 3506 et
448 3439 596 3502 Africam.
648 3437 737 3498 Olim
761 3435 899 3498 historici
926 3437 1034 3498 Graeci
1061 3435 1148 3498 sensu
1181 3441 1284 3501 artiori
1308 3441 1371 3502 Alia

389 3543 554 3610 dixerunt,
588 3539 711 3600 nonde
732 3539 823 3598 tertia
843 3537 927 3598 orbis
951 3551 1103 3599 terrarum
1125 3553 1228 3619 parte.
1256 3538 1301 3601 fed
1318 3543 1371 3604 det

388 3643 538 3726 ragione,
564 3659 644 3720 quaa
661 3639 733 3721 ipsu
751 3639 782 3697 iu
800 3639 940 3719 obposua
959 3657 1012 3700 ora
1026 3651 1092 3700 erat
1105 3641 1262 3721 proxima,
1284 3642 1321 3704 de
1339 3665 1370 3724 qu

389 3739 430 3804 ci.
454 3740 672 3802 Eratosthenes
696 3739 778 3818 apud
800 3739 985 3801 Strabonem
1003 3739 1058 3800 lib.
1081 3761 1110 3802 a.
1133 3760 1165 3821 p.
1181 3751 1240 3820 45.
1256 3741 1274 3804 i.
1290 3745 1341 3820 65.
1364 3765 1370 3806 t

389 3861 468 3926 quaa
492 3843 538 3902 ihi
558 3841 683 3902 notarit
706 3837 918 3902 Casaubonua.
971 3841 1020 3902 De
1039 3843 1127 3902 vario
1144 3841 1229 3904 Afrae
1245 3841 1320 3904 [ertio
1337 3847 1370 3910 dt

391 3943 498 4006 ierunt
528 3943 624 4004 etiam
653 3939 831 4022 Stephanus
856 3941 888 4002 h.
916 3961 949 4004 v.
991 3954 1025 4002 et
1049 3942 1191 4005 Enssath.
1219 3943 1254 4004 ad
1277 3945 1367 4026 Diony

391 4065 423 4108 v.
441 4045 525 4108 620.
576 4043 629 4104 Sic
649 4041 792 4102 Priamus
812 4041 850 4100 ad
874 4042 1041 4124 Virgilium
1055 4045 1135 4106 Aen.
1153 4059 1186 4114 o,
1204 4056 1278 4122 557.
1297 4066 1369 4126 argu.

391 4159 444 4212 tor
462 4141 558 4240 Astae
576 4143 701 4206 dicitur.
753 4143 800 4204 ita
824 4155 907 4206 certe
926 4145 1050 4209 Troada
1071 4143 1110 4208 ab
1129 4145 1319 4210 ottonom
1338 4170 1369 4218 vt
