<?xml version="1.0" encoding="UTF-8"?>
<!DOCTYPE html PUBLIC "-//W3C//DTD XHTML 1.0 Transitional//EN"
    "http://www.w3.org/TR/xhtml1/DTD/xhtml1-transitional.dtd">
<html xmlns="http://www.w3.org/1999/xhtml" xml:lang="en" lang="en">
 <head>
  <title>
</title>
<meta http-equiv="Content-Type" content="text/html;charset=utf-8" />
  <meta name='ocr-system' content='tesseract 3.04.00' />
  <meta name='ocr-capabilities' content='ocr_page ocr_carea ocr_par ocr_line ocrx_word'/>
</head>
<body>
  <div class='ocr_page' id='page_1' title='image "./pomponiimelaede06melagoog_0113.png"; bbox 0 0 2756 4964; ppageno 0'>
   <div class='ocr_carea' id='block_1_1' title="bbox 18 89 21 274">
    <p class='ocr_par' dir='ltr' id='par_1_1' title="bbox 18 89 21 274">
     <span class='ocr_line' id='line_1_1' title="bbox 18 89 21 274; baseline 0 0"><span class='ocrx_word' id='word_1_1' title='bbox 18 89 21 274; x_wconf 84' lang='lat' dir='ltr'>l</span> 
     </span>
    </p>
   </div>
   <div class='ocr_carea' id='block_1_2' title="bbox 18 315 1043 550">
    <p class='ocr_par' dir='ltr' id='par_1_2' title="bbox 18 315 1043 550">
     <span class='ocr_line' id='line_1_2' title="bbox 18 315 1043 550; baseline 0.003 -124"><span class='ocrx_word' id='word_1_2' title='bbox 18 315 22 550; x_wconf 52' lang='grc' dir='ltr'><strong>ι</strong></span> <span class='ocrx_word' id='word_1_3' title='bbox 173 369 513 428; x_wconf 77' lang='lat' dir='ltr'>renouauerat.</span> <span class='ocrx_word' id='word_1_4' title='bbox 553 367 634 426; x_wconf 78' lang='lat' dir='ltr'>ur.</span> <span class='ocrx_word' id='word_1_5' title='bbox 676 367 779 428; x_wconf 82' lang='lat' dir='ltr'>etv.</span> <span class='ocrx_word' id='word_1_6' title='bbox 821 367 899 460; x_wconf 59' lang='lat' dir='ltr'>tq·</span> <span class='ocrx_word' id='word_1_7' title='bbox 985 383 1043 446; x_wconf 76' lang='lat'>1⁰3</span> 
     </span>
    </p>
   </div>
   <div class='ocr_carea' id='block_1_3' title="bbox 18 538 1044 2429">
    <p class='ocr_par' dir='ltr' id='par_1_3' title="bbox 18 538 1041 928">
     <span class='ocr_line' id='line_1_3' title="bbox 18 538 1041 626; baseline 0.002 -24"><span class='ocrx_word' id='word_1_8' title='bbox 18 571 19 602; x_wconf 79' lang='lat' dir='ltr'>t</span> <span class='ocrx_word' id='word_1_9' title='bbox 68 541 127 606; x_wconf 84' lang='lat' dir='ltr'>rihue</span> <span class='ocrx_word' id='word_1_10' title='bbox 148 538 326 626; x_wconf 85' lang='lat' dir='ltr'>opponitur,</span> <span class='ocrx_word' id='word_1_11' title='bbox 361 539 641 626; x_wconf 84' lang='lat' dir='ltr'><strong>quemadmodum</strong></span> <span class='ocrx_word' id='word_1_12' title='bbox 666 542 798 624; x_wconf 81' lang='lat' dir='ltr'>Europa</span> <span class='ocrx_word' id='word_1_13' title='bbox 824 539 921 611; x_wconf 85' lang='lat' dir='ltr'>solet,</span> <span class='ocrx_word' id='word_1_14' title='bbox 955 561 1041 626; x_wconf 87' lang='lat' dir='ltr'>quae</span> 
     </span>
     <span class='ocr_line' id='line_1_4' title="bbox 69 637 1040 726; baseline 0.004 -24"><span class='ocrx_word' id='word_1_15' title='bbox 69 647 92 704; x_wconf 86' lang='lat' dir='ltr'>al</span> <span class='ocrx_word' id='word_1_16' title='bbox 102 643 278 726; x_wconf 83' lang='lat' dir='ltr'><strong>Hellesponto</strong></span> <span class='ocrx_word' id='word_1_17' title='bbox 299 641 342 703; x_wconf 93' lang='lat' dir='ltr'>ad</span> <span class='ocrx_word' id='word_1_18' title='bbox 355 662 460 726; x_wconf 84' lang='lat' dir='ltr'>usque</span> <span class='ocrx_word' id='word_1_19' title='bbox 476 637 641 724; x_wconf 85' lang='lat' dir='ltr'>Rhipaeoe</span> <span class='ocrx_word' id='word_1_20' title='bbox 659 637 818 704; x_wconf 89' lang='lat' dir='ltr'>continuo</span> <span class='ocrx_word' id='word_1_21' title='bbox 834 656 940 704; x_wconf 88' lang='lat' dir='ltr'>tractu</span> <span class='ocrx_word' id='word_1_22' title='bbox 952 643 1040 706; x_wconf 78' lang='lat' dir='ltr'>Asiae</span> 
     </span>
     <span class='ocr_line' id='line_1_5' title="bbox 68 739 1041 814; baseline 0.002 -11"><span class='ocrx_word' id='word_1_23' title='bbox 68 745 159 806; x_wconf 72' lang='lat' dir='ltr'>obversa</span> <span class='ocrx_word' id='word_1_24' title='bbox 177 743 223 804; x_wconf 91' lang='lat' dir='ltr'>est.</span> <span class='ocrx_word' id='word_1_25' title='bbox 273 743 339 805; x_wconf 90' lang='lat' dir='ltr'>Sed</span> <span class='ocrx_word' id='word_1_26' title='bbox 359 764 401 804; x_wconf 91' lang='lat' dir='ltr'>an</span> <span class='ocrx_word' id='word_1_27' title='bbox 422 740 635 803; x_wconf 78' lang='lat' dir='ltr'>illudverum</span> <span class='ocrx_word' id='word_1_28' title='bbox 656 743 706 813; x_wconf 83' lang='lat' dir='ltr'>stt,</span> <span class='ocrx_word' id='word_1_29' title='bbox 737 739 871 814; x_wconf 87' lang='lat' dir='ltr'>dubito,</span> <span class='ocrx_word' id='word_1_30' title='bbox 903 763 980 804; x_wconf 91' lang='lat' dir='ltr'>curu</span> <span class='ocrx_word' id='word_1_31' title='bbox 1001 763 1041 806; x_wconf 85' lang='lat' dir='ltr'>ex</span> 
     </span>
     <span class='ocr_line' id='line_1_6' title="bbox 67 839 1041 928; baseline 0.003 -23"><span class='ocrx_word' id='word_1_32' title='bbox 67 844 205 906; x_wconf 76' lang='lat' dir='ltr'>Ptolemaeo</span> <span class='ocrx_word' id='word_1_33' title='bbox 239 843 296 922; x_wconf 73' lang='lat'>[4.</span> <span class='ocrx_word' id='word_1_34' title='bbox 318 847 378 926; x_wconf 74' lang='grc'>4.]</span> <span class='ocrx_word' id='word_1_35' title='bbox 408 839 444 904; x_wconf 91' lang='lat' dir='ltr'>in</span> <span class='ocrx_word' id='word_1_36' title='bbox 476 857 582 904; x_wconf 87' lang='lat' dir='ltr'>tractu</span> <span class='ocrx_word' id='word_1_37' title='bbox 617 839 833 920; x_wconf 78' lang='lat' dir='ltr'>Cyrenaicae,</span> <span class='ocrx_word' id='word_1_38' title='bbox 867 839 924 928; x_wconf 91' lang='lat' dir='ltr'>qui</span> <span class='ocrx_word' id='word_1_39' title='bbox 960 839 1041 908; x_wconf 83' lang='lat' dir='ltr'>eitra</span> 
     </span>
    </p>

    <p class='ocr_par' dir='ltr' id='par_1_4' title="bbox 18 940 1044 2429">
     <span class='ocr_line' id='line_1_7' title="bbox 18 940 1042 1022; baseline 0.002 -17"><span class='ocrx_word' id='word_1_40' title='bbox 18 1019 19 1022; x_wconf 8' lang='grc' dir='ltr'><strong>Ἴ</strong></span> <span class='ocrx_word' id='word_1_41' title='bbox 66 943 243 1006; x_wconf 71' lang='lat' dir='ltr'>Alexandriam</span> <span class='ocrx_word' id='word_1_42' title='bbox 263 944 326 1016; x_wconf 83' lang='lat' dir='ltr'>est,</span> <span class='ocrx_word' id='word_1_43' title='bbox 361 944 541 1006; x_wconf 89' lang='lat' dir='ltr'>secundum</span> <span class='ocrx_word' id='word_1_44' title='bbox 564 957 690 1006; x_wconf 88' lang='lat' dir='ltr'>certum</span> <span class='ocrx_word' id='word_1_45' title='bbox 714 940 937 1004; x_wconf 83' lang='lat' dir='ltr'>meridianum</span> <span class='ocrx_word' id='word_1_46' title='bbox 962 941 1042 1007; x_wconf 82' lang='lat' dir='ltr'>inde</span> 
     </span>
     <span class='ocr_line' id='line_1_8' title="bbox 67 1041 1041 1127; baseline 0.002 -23"><span class='ocrx_word' id='word_1_47' title='bbox 67 1041 87 1104; x_wconf 87' lang='lat' dir='ltr'>iu</span> <span class='ocrx_word' id='word_1_48' title='bbox 101 1041 279 1106; x_wconf 85' lang='lat' dir='ltr'>latitudinem</span> <span class='ocrx_word' id='word_1_49' title='bbox 304 1045 462 1114; x_wconf 86' lang='lat' dir='ltr'>ductum,</span> <span class='ocrx_word' id='word_1_50' title='bbox 497 1043 760 1127; x_wconf 82' lang='lat' dir='ltr'>deprehendatur</span> <span class='ocrx_word' id='word_1_51' title='bbox 786 1041 918 1108; x_wconf 82' lang='lat' dir='ltr'>cariam</span> <span class='ocrx_word' id='word_1_52' title='bbox 944 1045 1041 1124; x_wconf 79' lang='lat' dir='ltr'>cyre·</span> 
     </span>
     <span class='ocr_line' id='line_1_9' title="bbox 65 1141 1042 1228; baseline 0.003 -23"><span class='ocrx_word' id='word_1_53' title='bbox 65 1144 142 1206; x_wconf 77' lang='lat' dir='ltr'>uncae</span> <span class='ocrx_word' id='word_1_54' title='bbox 158 1143 291 1228; x_wconf 91' lang='lat' dir='ltr'>opponi;</span> <span class='ocrx_word' id='word_1_55' title='bbox 329 1161 477 1208; x_wconf 85' lang='lat' dir='ltr'>ceterum</span> <span class='ocrx_word' id='word_1_56' title='bbox 500 1145 582 1206; x_wconf 88' lang='lat' dir='ltr'>adeo</span> <span class='ocrx_word' id='word_1_57' title='bbox 607 1141 727 1226; x_wconf 85' lang='lat' dir='ltr'>exiguo</span> <span class='ocrx_word' id='word_1_58' title='bbox 749 1141 869 1228; x_wconf 88' lang='lat' dir='ltr'>spatio,</span> <span class='ocrx_word' id='word_1_59' title='bbox 899 1159 937 1206; x_wconf 90' lang='lat' dir='ltr'>ut</span> <span class='ocrx_word' id='word_1_60' title='bbox 962 1142 1042 1208; x_wconf 87' lang='lat' dir='ltr'>inde</span> 
     </span>
     <span class='ocr_line' id='line_1_10' title="bbox 63 1242 1040 1328; baseline 0.004 -22"><span class='ocrx_word' id='word_1_61' title='bbox 63 1243 209 1306; x_wconf 80' lang='lat' dir='ltr'>calumniari</span> <span class='ocrx_word' id='word_1_62' title='bbox 231 1247 340 1307; x_wconf 78' lang='lat' dir='ltr'>illelae</span> <span class='ocrx_word' id='word_1_63' title='bbox 364 1242 569 1328; x_wconf 79' lang='lat' dir='ltr'>diligentiam</span> <span class='ocrx_word' id='word_1_64' title='bbox 589 1265 688 1306; x_wconf 89' lang='lat' dir='ltr'>nemo</span> <span class='ocrx_word' id='word_1_65' title='bbox 711 1260 820 1328; x_wconf 84' lang='lat' dir='ltr'>queat.</span> <span class='ocrx_word' id='word_1_66' title='bbox 858 1263 1040 1310; x_wconf 73' lang='lat' dir='ltr'>vanitare-</span> 
     </span>
     <span class='ocr_line' id='line_1_11' title="bbox 62 1343 1040 1430; baseline 0.004 -26"><span class='ocrx_word' id='word_1_67' title='bbox 62 1345 158 1407; x_wconf 79' lang='lat' dir='ltr'>Scilicet</span> <span class='ocrx_word' id='word_1_68' title='bbox 171 1349 206 1408; x_wconf 92' lang='lat' dir='ltr'>ab</span> <span class='ocrx_word' id='word_1_69' title='bbox 219 1345 366 1417; x_wconf 82' lang='lat' dir='ltr'>oriente,</span> <span class='ocrx_word' id='word_1_70' title='bbox 393 1343 470 1430; x_wconf 89' lang='lat' dir='ltr'>quia</span> <span class='ocrx_word' id='word_1_71' title='bbox 483 1343 578 1407; x_wconf 84' lang='lat' dir='ltr'>Nilne</span> <span class='ocrx_word' id='word_1_72' title='bbox 592 1365 660 1406; x_wconf 89' lang='lat' dir='ltr'>non</span> <span class='ocrx_word' id='word_1_73' title='bbox 678 1361 745 1406; x_wconf 89' lang='lat' dir='ltr'>tam</span> <span class='ocrx_word' id='word_1_74' title='bbox 764 1347 861 1428; x_wconf 86' lang='lat' dir='ltr'>longe</span> <span class='ocrx_word' id='word_1_75' title='bbox 876 1346 917 1407; x_wconf 88' lang='lat' dir='ltr'>ad</span> <span class='ocrx_word' id='word_1_76' title='bbox 933 1343 1040 1408; x_wconf 88' lang='lat' dir='ltr'>orien-</span> 
     </span>
     <span class='ocr_line' id='line_1_12' title="bbox 61 1443 1040 1531; baseline 0.002 -25"><span class='ocrx_word' id='word_1_77' title='bbox 61 1446 171 1520; x_wconf 78' lang='lat' dir='ltr'>temes,</span> <span class='ocrx_word' id='word_1_78' title='bbox 201 1469 299 1531; x_wconf 87' lang='lat' dir='ltr'>quam</span> <span class='ocrx_word' id='word_1_79' title='bbox 326 1447 401 1507; x_wconf 90' lang='lat' dir='ltr'>sunt</span> <span class='ocrx_word' id='word_1_80' title='bbox 424 1448 513 1508; x_wconf 76' lang='lat' dir='ltr'>Asiae</span> <span class='ocrx_word' id='word_1_81' title='bbox 536 1443 651 1518; x_wconf 90' lang='lat' dir='ltr'>litora,</span> <span class='ocrx_word' id='word_1_82' title='bbox 683 1459 761 1528; x_wconf 87' lang='lat' dir='ltr'>puta</span> <span class='ocrx_word' id='word_1_83' title='bbox 788 1443 903 1518; x_wconf 89' lang='lat' dir='ltr'>Caria,</span> <span class='ocrx_word' id='word_1_84' title='bbox 935 1445 1040 1520; x_wconf 87' lang='lat' dir='ltr'>ionia,</span> 
     </span>
     <span class='ocr_line' id='line_1_13' title="bbox 60 1544 1040 1631; baseline 0.003 -25"><span class='ocrx_word' id='word_1_85' title='bbox 60 1545 144 1608; x_wconf 76' lang='lat' dir='ltr'>leolis.</span> <span class='ocrx_word' id='word_1_86' title='bbox 191 1549 287 1620; x_wconf 82' lang='lat' dir='ltr'>Totis,</span> <span class='ocrx_word' id='word_1_87' title='bbox 312 1545 392 1631; x_wconf 89' lang='lat' dir='ltr'>quia</span> <span class='ocrx_word' id='word_1_88' title='bbox 410 1546 636 1630; x_wconf 81' lang='lat' dir='ltr'>Hellespontus</span> <span class='ocrx_word' id='word_1_89' title='bbox 650 1561 683 1608; x_wconf 88' lang='lat' dir='ltr'>et</span> <span class='ocrx_word' id='word_1_90' title='bbox 698 1544 859 1608; x_wconf 85' lang='lat' dir='ltr'>Thracius</span> <span class='ocrx_word' id='word_1_91' title='bbox 878 1547 1040 1631; x_wconf 76' lang='lat' dir='ltr'>Bosporus</span> 
     </span>
     <span class='ocr_line' id='line_1_14' title="bbox 60 1645 1041 1731; baseline 0.004 -25"><span class='ocrx_word' id='word_1_92' title='bbox 60 1645 239 1709; x_wconf 75' lang='lat' dir='ltr'>trientdiorea</span> <span class='ocrx_word' id='word_1_93' title='bbox 255 1649 341 1719; x_wconf 86' lang='lat' dir='ltr'>sunt,</span> <span class='ocrx_word' id='word_1_94' title='bbox 366 1668 463 1731; x_wconf 88' lang='lat' dir='ltr'>quarn</span> <span class='ocrx_word' id='word_1_95' title='bbox 480 1648 516 1708; x_wconf 82' lang='lat' dir='ltr'>stt</span> <span class='ocrx_word' id='word_1_96' title='bbox 530 1645 651 1710; x_wconf 79' lang='lat' dir='ltr'>Africa.</span> <span class='ocrx_word' id='word_1_97' title='bbox 677 1667 816 1710; x_wconf 82' lang='lat' dir='ltr'>ooonvo.</span> <span class='ocrx_word' id='word_1_98' title='bbox 858 1646 909 1710; x_wconf 84' lang='lat' dir='ltr'>cf.</span> <span class='ocrx_word' id='word_1_99' title='bbox 928 1663 1041 1710; x_wconf 89' lang='lat' dir='ltr'>notata</span> 
     </span>
     <span class='ocr_line' id='line_1_15' title="bbox 58 1743 1041 1838; baseline 0.006 -32"><span class='ocrx_word' id='word_1_100' title='bbox 58 1743 173 1809; x_wconf 71' lang='lat' dir='ltr'>nenne.</span> <span class='ocrx_word' id='word_1_101' title='bbox 204 1745 297 1838; x_wconf 73' lang='lat' dir='ltr'>Asiae</span> <span class='ocrx_word' id='word_1_102' title='bbox 320 1769 398 1810; x_wconf 91' lang='lat' dir='ltr'>cum</span> <span class='ocrx_word' id='word_1_103' title='bbox 415 1749 438 1808; x_wconf 94' lang='lat' dir='ltr'>l.</span> <span class='ocrx_word' id='word_1_104' title='bbox 455 1745 624 1810; x_wconf 87' lang='lat' dir='ltr'>Gronovio</span> <span class='ocrx_word' id='word_1_105' title='bbox 638 1743 823 1831; x_wconf 85' lang='lat' dir='ltr'>genitivum</span> <span class='ocrx_word' id='word_1_106' title='bbox 837 1763 936 1830; x_wconf 87' lang='lat' dir='ltr'>puto,</span> <span class='ocrx_word' id='word_1_107' title='bbox 962 1769 1041 1812; x_wconf 84' lang='lat' dir='ltr'>eum</span> 
     </span>
     <span class='ocr_line' id='line_1_16' title="bbox 58 1843 1042 1933; baseline 0.004 -29"><span class='ocrx_word' id='word_1_108' title='bbox 58 1848 83 1905; x_wconf 79' lang='lat' dir='ltr'>ul</span> <span class='ocrx_word' id='word_1_109' title='bbox 98 1847 175 1910; x_wconf 90' lang='lat' dir='ltr'>litora</span> <span class='ocrx_word' id='word_1_110' title='bbox 195 1848 374 1919; x_wconf 85' lang='lat' dir='ltr'>reseratur,</span> <span class='ocrx_word' id='word_1_111' title='bbox 405 1845 455 1908; x_wconf 86' lang='lat' dir='ltr'>uti</span> <span class='ocrx_word' id='word_1_112' title='bbox 479 1845 613 1933; x_wconf 88' lang='lat' dir='ltr'>quidem</span> <span class='ocrx_word' id='word_1_113' title='bbox 633 1845 733 1910; x_wconf 87' lang='lat' dir='ltr'>etiam</span> <span class='ocrx_word' id='word_1_114' title='bbox 755 1843 791 1908; x_wconf 89' lang='lat' dir='ltr'>in</span> <span class='ocrx_word' id='word_1_115' title='bbox 814 1844 925 1908; x_wconf 90' lang='lat' dir='ltr'>dativo</span> <span class='ocrx_word' id='word_1_116' title='bbox 947 1845 1042 1910; x_wconf 91' lang='lat' dir='ltr'>intel-</span> 
     </span>
     <span class='ocr_line' id='line_1_17' title="bbox 57 1944 1043 2033; baseline 0.002 -27"><span class='ocrx_word' id='word_1_117' title='bbox 57 1946 110 2008; x_wconf 85' lang='lat' dir='ltr'>lexit</span> <span class='ocrx_word' id='word_1_118' title='bbox 122 1947 284 2011; x_wconf 80' lang='lat' dir='ltr'>l&#39;adianue.</span> <span class='ocrx_word' id='word_1_119' title='bbox 329 1949 435 2011; x_wconf 85' lang='lat' dir='ltr'>Huius</span> <span class='ocrx_word' id='word_1_120' title='bbox 451 1949 494 2010; x_wconf 86' lang='lat' dir='ltr'>est</span> <span class='ocrx_word' id='word_1_121' title='bbox 509 1952 677 2033; x_wconf 87' lang='lat' dir='ltr'>Europae,</span> <span class='ocrx_word' id='word_1_122' title='bbox 704 1945 799 2012; x_wconf 85' lang='lat' dir='ltr'>cuiue</span> <span class='ocrx_word' id='word_1_123' title='bbox 820 1944 971 2008; x_wconf 75' lang='lat' dir='ltr'>litoribus</span> <span class='ocrx_word' id='word_1_124' title='bbox 987 1948 1043 2008; x_wconf 91' lang='lat' dir='ltr'>ob·</span> 
     </span>
     <span class='ocr_line' id='line_1_18' title="bbox 57 2043 1042 2132; baseline 0.005 -27"><span class='ocrx_word' id='word_1_125' title='bbox 57 2047 163 2110; x_wconf 82' lang='lat' dir='ltr'>tenditur</span> <span class='ocrx_word' id='word_1_126' title='bbox 183 2065 310 2112; x_wconf 86' lang='lat' dir='ltr'>tantum</span> <span class='ocrx_word' id='word_1_127' title='bbox 328 2070 347 2110; x_wconf 87' lang='lat' dir='ltr'>a</span> <span class='ocrx_word' id='word_1_128' title='bbox 365 2063 457 2131; x_wconf 88' lang='lat' dir='ltr'>parte</span> <span class='ocrx_word' id='word_1_129' title='bbox 472 2047 665 2132; x_wconf 84' lang='lat' dir='ltr'>Hispaniae,</span> <span class='ocrx_word' id='word_1_130' title='bbox 695 2045 808 2110; x_wconf 87' lang='lat' dir='ltr'>Italiae</span> <span class='ocrx_word' id='word_1_131' title='bbox 823 2061 857 2108; x_wconf 91' lang='lat' dir='ltr'>et</span> <span class='ocrx_word' id='word_1_132' title='bbox 875 2043 1042 2110; x_wconf 81' lang='lat' dir='ltr'>Graeciae.</span> 
     </span>
     <span class='ocr_line' id='line_1_19' title="bbox 57 2145 1044 2234; baseline 0.002 -26"><span class='ocrx_word' id='word_1_133' title='bbox 57 2145 269 2212; x_wconf 80' lang='lat' dir='ltr'>Oiteadiautcm</span> <span class='ocrx_word' id='word_1_134' title='bbox 282 2148 441 2212; x_wconf 88' lang='lat' dir='ltr'>dicuntur</span> <span class='ocrx_word' id='word_1_135' title='bbox 455 2152 526 2212; x_wconf 87' lang='lat' dir='ltr'>loca</span> <span class='ocrx_word' id='word_1_136' title='bbox 541 2147 633 2222; x_wconf 81' lang='lat' dir='ltr'>loeis,</span> <span class='ocrx_word' id='word_1_137' title='bbox 655 2149 787 2234; x_wconf 86' lang='lat' dir='ltr'>quando</span> <span class='ocrx_word' id='word_1_138' title='bbox 803 2147 877 2208; x_wconf 89' lang='lat' dir='ltr'>sunt</span> <span class='ocrx_word' id='word_1_139' title='bbox 889 2149 1044 2233; x_wconf 84' lang='lat' dir='ltr'>opposita.</span> 
     </span>
     <span class='ocr_line' id='line_1_20' title="bbox 58 2240 1044 2342; baseline 0.005 -36"><span class='ocrx_word' id='word_1_140' title='bbox 58 2246 92 2309; x_wconf 77' lang='lat' dir='ltr'>Sic</span> <span class='ocrx_word' id='word_1_141' title='bbox 105 2249 215 2313; x_wconf 82' lang='lat' dir='ltr'>Plinius</span> <span class='ocrx_word' id='word_1_142' title='bbox 230 2265 265 2329; x_wconf 86' lang='lat'>5,</span> <span class='ocrx_word' id='word_1_143' title='bbox 289 2267 347 2327; x_wconf 85' lang='lat'>17.</span> <span class='ocrx_word' id='word_1_144' title='bbox 363 2250 387 2312; x_wconf 87' lang='lat' dir='ltr'>s.</span> <span class='ocrx_word' id='word_1_145' title='bbox 404 2269 460 2314; x_wconf 86' lang='lat' dir='ltr'>eo.</span> <span class='ocrx_word' id='word_1_146' title='bbox 481 2251 568 2314; x_wconf 84' lang='lat' dir='ltr'>Huic</span> <span class='ocrx_word' id='word_1_147' title='bbox 585 2271 675 2314; x_wconf 82' lang='lat' dir='ltr'>mons</span> <span class='ocrx_word' id='word_1_148' title='bbox 696 2277 743 2296; x_wconf 91' lang='lat'><em>-</em></span> <span class='ocrx_word' id='word_1_149' title='bbox 756 2240 919 2342; x_wconf 58' lang='lat' dir='ltr'>‚adversus</span> <span class='ocrx_word' id='word_1_150' title='bbox 939 2245 1044 2313; x_wconf 78' lang='lat' dir='ltr'>obtetr-</span> 
     </span>
     <span class='ocr_line' id='line_1_21' title="bbox 56 2345 454 2429; baseline 0.005 -17"><span class='ocrx_word' id='word_1_151' title='bbox 56 2345 122 2416; x_wconf 75' lang='lat' dir='ltr'>dt&#39;ttn.</span> <span class='ocrx_word' id='word_1_152' title='bbox 151 2351 197 2416; x_wconf 79' lang='lat' dir='ltr'>Cf.</span> <span class='ocrx_word' id='word_1_153' title='bbox 212 2350 301 2414; x_wconf 83' lang='lat' dir='ltr'>infra</span> <span class='ocrx_word' id='word_1_154' title='bbox 318 2370 352 2424; x_wconf 78' lang='lat' dir='ltr'>e,</span> <span class='ocrx_word' id='word_1_155' title='bbox 372 2370 404 2424; x_wconf 81' lang='lat' dir='ltr'>e,</span> <span class='ocrx_word' id='word_1_156' title='bbox 420 2361 454 2429; x_wconf 85' lang='lat'>5.</span> 
     </span>
    </p>
   </div>
   <div class='ocr_carea' id='block_1_4' title="bbox 55 2497 1152 3894">
    <p class='ocr_par' dir='ltr' id='par_1_5' title="bbox 55 2497 1152 3894">
     <span class='ocr_line' id='line_1_22' title="bbox 104 2497 1043 2588; baseline 0.002 -26"><span class='ocrx_word' id='word_1_157' title='bbox 104 2501 273 2588; x_wconf 79' lang='lat' dir='ltr'>longior)</span> <span class='ocrx_word' id='word_1_158' title='bbox 320 2503 372 2568; x_wconf 82' lang='lat' dir='ltr'>ab</span> <span class='ocrx_word' id='word_1_159' title='bbox 396 2499 522 2564; x_wconf 87' lang='lat' dir='ltr'>oriente</span> <span class='ocrx_word' id='word_1_160' title='bbox 549 2503 591 2566; x_wconf 88' lang='lat' dir='ltr'>ad</span> <span class='ocrx_word' id='word_1_161' title='bbox 617 2502 784 2574; x_wconf 81' lang='lat' dir='ltr'>occasum,</span> <span class='ocrx_word' id='word_1_162' title='bbox 818 2497 868 2563; x_wconf 85' lang='lat' dir='ltr'>uti</span> <span class='ocrx_word' id='word_1_163' title='bbox 895 2499 991 2562; x_wconf 89' lang='lat' dir='ltr'>docet</span> <span class='ocrx_word' id='word_1_164' title='bbox 1011 2523 1043 2574; x_wconf 89' lang='grc' dir='ltr'>ι,</span> 
     </span>
     <span class='ocr_line' id='line_1_23' title="bbox 60 2597 1045 2686; baseline -0.001 -22"><span class='ocrx_word' id='word_1_165' title='bbox 60 2617 111 2676; x_wconf 79' lang='grc' dir='ltr'>ι,5.</span> <span class='ocrx_word' id='word_1_166' title='bbox 143 2603 192 2664; x_wconf 87' lang='lat' dir='ltr'>Sic</span> <span class='ocrx_word' id='word_1_167' title='bbox 206 2601 340 2666; x_wconf 83' lang='lat' dir='ltr'>Plinius</span> <span class='ocrx_word' id='word_1_168' title='bbox 358 2605 392 2672; x_wconf 87' lang='grc'>6,</span> <span class='ocrx_word' id='word_1_169' title='bbox 412 2615 471 2680; x_wconf 82' lang='lat'>38.</span> <span class='ocrx_word' id='word_1_170' title='bbox 488 2604 508 2664; x_wconf 91' lang='lat' dir='ltr'>s.</span> <span class='ocrx_word' id='word_1_171' title='bbox 526 2619 585 2681; x_wconf 70' lang='lat'>33..</span> <span class='ocrx_word' id='word_1_172' title='bbox 605 2601 846 2686; x_wconf 85' lang='lat' dir='ltr'>longitudinem</span> <span class='ocrx_word' id='word_1_173' title='bbox 861 2599 910 2663; x_wconf 92' lang='lat' dir='ltr'>illi</span> <span class='ocrx_word' id='word_1_174' title='bbox 927 2597 1045 2663; x_wconf 84' lang='lat' dir='ltr'>tribuit</span> 
     </span>
     <span class='ocr_line' id='line_1_24' title="bbox 56 2697 1043 2788; baseline 0.003 -29"><span class='ocrx_word' id='word_1_175' title='bbox 56 2697 132 2762; x_wconf 75' lang='lat' dir='ltr'>eiciet</span> <span class='ocrx_word' id='word_1_176' title='bbox 151 2724 186 2766; x_wconf 85' lang='lat' dir='ltr'>ac</span> <span class='ocrx_word' id='word_1_177' title='bbox 208 2701 328 2788; x_wconf 81' lang='lat' dir='ltr'>septies</span> <span class='ocrx_word' id='word_1_178' title='bbox 350 2719 565 2765; x_wconf 86' lang='lat' dir='ltr'>centenorum</span> <span class='ocrx_word' id='word_1_179' title='bbox 584 2701 763 2786; x_wconf 78' lang='lat' dir='ltr'>nonaginta</span> <span class='ocrx_word' id='word_1_180' title='bbox 786 2719 926 2786; x_wconf 87' lang='lat' dir='ltr'>quatuor</span> <span class='ocrx_word' id='word_1_181' title='bbox 943 2701 991 2762; x_wconf 88' lang='grc' dir='ltr'>Μ.</span> <span class='ocrx_word' id='word_1_182' title='bbox 1006 2701 1043 2764; x_wconf 91' lang='grc' dir='ltr'>Ρ.</span> 
     </span>
     <span class='ocr_line' id='line_1_25' title="bbox 56 2801 1045 2888; baseline -0.01 -16"><span class='ocrx_word' id='word_1_183' title='bbox 56 2803 240 2882; x_wconf 56' lang='lat' dir='ltr'>(elaeone.</span> <span class='ocrx_word' id='word_1_184' title='bbox 256 2807 316 2882; x_wconf 91' lang='lat' dir='ltr'>P.)</span> <span class='ocrx_word' id='word_1_185' title='bbox 341 2801 560 2876; x_wconf 83' lang='lat' dir='ltr'>latitudinem,</span> <span class='ocrx_word' id='word_1_186' title='bbox 586 2825 651 2888; x_wconf 86' lang='lat' dir='ltr'>qua</span> <span class='ocrx_word' id='word_1_187' title='bbox 676 2806 856 2876; x_wconf 85' lang='lat' dir='ltr'>colebatur,</span> <span class='ocrx_word' id='word_1_188' title='bbox 881 2821 1045 2886; x_wconf 78' lang='lat' dir='ltr'>nunquam</span> 
     </span>
     <span class='ocr_line' id='line_1_26' title="bbox 55 2899 1043 2990; baseline 0.007 -32"><span class='ocrx_word' id='word_1_189' title='bbox 55 2899 231 2966; x_wconf 86' lang='lat' dir='ltr'>ducentortnn</span> <span class='ocrx_word' id='word_1_190' title='bbox 252 2902 610 2990; x_wconf 60' lang='lat' dir='ltr'>quinquagintula</span> <span class='ocrx_word' id='word_1_191' title='bbox 660 2901 813 2968; x_wconf 84' lang='lat' dir='ltr'>Straboni</span> <span class='ocrx_word' id='word_1_192' title='bbox 834 2919 887 2980; x_wconf 88' lang='lat'>17.</span> <span class='ocrx_word' id='word_1_193' title='bbox 908 2925 941 2986; x_wconf 93' lang='lat' dir='ltr'>p.</span> <span class='ocrx_word' id='word_1_194' title='bbox 959 2904 1043 2980; x_wconf 86' lang='lat'>567.</span> 
     </span>
     <span class='ocr_line' id='line_1_27' title="bbox 56 2999 1152 3090; baseline 0 -26"><span class='ocrx_word' id='word_1_195' title='bbox 56 2999 143 3080; x_wconf 68' lang='lat'>[325.</span> <span class='ocrx_word' id='word_1_196' title='bbox 158 3005 299 3067; x_wconf 86' lang='lat' dir='ltr'>latitudo</span> <span class='ocrx_word' id='word_1_197' title='bbox 317 3005 361 3065; x_wconf 88' lang='lat' dir='ltr'>est</span> <span class='ocrx_word' id='word_1_198' title='bbox 381 3021 497 3082; x_wconf 80' lang='lat'>13000</span> <span class='ocrx_word' id='word_1_199' title='bbox 515 3009 568 3090; x_wconf 83' lang='lat' dir='ltr'>vel</span> <span class='ocrx_word' id='word_1_200' title='bbox 587 3014 705 3084; x_wconf 65' lang='lat' dir='ltr'>rlpooo</span> <span class='ocrx_word' id='word_1_201' title='bbox 730 3001 915 3076; x_wconf 83' lang='lat' dir='ltr'>stadiorum,</span> <span class='ocrx_word' id='word_1_202' title='bbox 940 3000 1045 3086; x_wconf 85' lang='lat' dir='ltr'>longi·</span> <span class='ocrx_word' id='word_1_203' title='bbox 1146 3073 1152 3088; x_wconf 63' lang='lat'><em>‚</em></span> 
     </span>
     <span class='ocr_line' id='line_1_28' title="bbox 56 3101 1047 3190; baseline 0.002 -28"><span class='ocrx_word' id='word_1_204' title='bbox 56 3102 109 3164; x_wconf 89' lang='lat' dir='ltr'>tado</span> <span class='ocrx_word' id='word_1_205' title='bbox 126 3106 214 3190; x_wconf 89' lang='lat' dir='ltr'>dupla</span> <span class='ocrx_word' id='word_1_206' title='bbox 236 3106 328 3178; x_wconf 86' lang='lat' dir='ltr'>sere;</span> <span class='ocrx_word' id='word_1_207' title='bbox 352 3125 472 3188; x_wconf 89' lang='lat' dir='ltr'>magno</span> <span class='ocrx_word' id='word_1_208' title='bbox 492 3101 697 3168; x_wconf 85' lang='lat' dir='ltr'>discrimine.</span> <span class='ocrx_word' id='word_1_209' title='bbox 744 3107 836 3167; x_wconf 89' lang='lat' dir='ltr'>Valet</span> <span class='ocrx_word' id='word_1_210' title='bbox 855 3102 890 3165; x_wconf 93' lang='lat' dir='ltr'>id</span> <span class='ocrx_word' id='word_1_211' title='bbox 910 3101 1047 3188; x_wconf 90' lang='lat' dir='ltr'>quidem</span> 
     </span>
     <span class='ocr_line' id='line_1_29' title="bbox 56 3201 1047 3289; baseline 0.004 -30"><span class='ocrx_word' id='word_1_212' title='bbox 56 3202 208 3268; x_wconf 84' lang='lat' dir='ltr'>omninode</span> <span class='ocrx_word' id='word_1_213' title='bbox 225 3204 284 3268; x_wconf 90' lang='lat' dir='ltr'>illa</span> <span class='ocrx_word' id='word_1_214' title='bbox 300 3220 423 3276; x_wconf 83' lang='lat' dir='ltr'>aetate,</span> <span class='ocrx_word' id='word_1_215' title='bbox 449 3227 513 3289; x_wconf 89' lang='lat' dir='ltr'>qua</span> <span class='ocrx_word' id='word_1_216' title='bbox 534 3201 722 3268; x_wconf 84' lang='lat' dir='ltr'>nesciebant</span> <span class='ocrx_word' id='word_1_217' title='bbox 736 3205 873 3266; x_wconf 77' lang='lat' dir='ltr'>recessus</span> <span class='ocrx_word' id='word_1_218' title='bbox 892 3207 978 3266; x_wconf 88' lang='lat' dir='ltr'>ultra</span> <span class='ocrx_word' id='word_1_219' title='bbox 994 3223 1047 3264; x_wconf 91' lang='lat' dir='ltr'>ae·</span> 
     </span>
     <span class='ocr_line' id='line_1_30' title="bbox 56 3301 1093 3388; baseline 0.002 -24"><span class='ocrx_word' id='word_1_220' title='bbox 56 3301 216 3382; x_wconf 85' lang='lat' dir='ltr'>quationem.</span> <span class='ocrx_word' id='word_1_221' title='bbox 253 3302 368 3369; x_wconf 84' lang='lat' dir='ltr'>Hodie</span> <span class='ocrx_word' id='word_1_222' title='bbox 383 3321 492 3367; x_wconf 85' lang='lat' dir='ltr'>tamen</span> <span class='ocrx_word' id='word_1_223' title='bbox 508 3305 641 3376; x_wconf 85' lang='lat' dir='ltr'>constat,</span> <span class='ocrx_word' id='word_1_224' title='bbox 664 3303 809 3368; x_wconf 79' lang='lat' dir='ltr'>Africam</span> <span class='ocrx_word' id='word_1_225' title='bbox 824 3303 940 3388; x_wconf 78' lang='lat' dir='ltr'>insigni</span> <span class='ocrx_word' id='word_1_226' title='bbox 955 3318 1049 3388; x_wconf 79' lang='lat' dir='ltr'>parte</span> <span class='ocrx_word' id='word_1_227' title='bbox 1090 3373 1093 3382; x_wconf 50' lang='grc'><strong>,</strong></span> 
     </span>
     <span class='ocr_line' id='line_1_31' title="bbox 57 3400 1048 3490; baseline 0.01 -32"><span class='ocrx_word' id='word_1_228' title='bbox 57 3400 166 3467; x_wconf 85' lang='lat' dir='ltr'>latiorem</span> <span class='ocrx_word' id='word_1_229' title='bbox 179 3408 252 3480; x_wconf 82' lang='lat' dir='ltr'>elle,</span> <span class='ocrx_word' id='word_1_230' title='bbox 279 3427 380 3490; x_wconf 88' lang='lat' dir='ltr'>quam</span> <span class='ocrx_word' id='word_1_231' title='bbox 398 3403 592 3489; x_wconf 85' lang='lat' dir='ltr'>longiorem.</span> <span class='ocrx_word' id='word_1_232' title='bbox 629 3407 679 3466; x_wconf 90' lang='lat' dir='ltr'>De</span> <span class='ocrx_word' id='word_1_233' title='bbox 697 3405 772 3468; x_wconf 86' lang='lat' dir='ltr'>salsa</span> <span class='ocrx_word' id='word_1_234' title='bbox 794 3423 904 3468; x_wconf 88' lang='lat' dir='ltr'>autem</span> <span class='ocrx_word' id='word_1_235' title='bbox 917 3401 1048 3470; x_wconf 78' lang='lat' dir='ltr'>Africae</span> 
     </span>
     <span class='ocr_line' id='line_1_32' title="bbox 58 3500 1048 3591; baseline 0.002 -27"><span class='ocrx_word' id='word_1_236' title='bbox 58 3500 129 3566; x_wconf 76' lang='lat' dir='ltr'>sonna</span> <span class='ocrx_word' id='word_1_237' title='bbox 147 3527 163 3568; x_wconf 89' lang='lat' dir='ltr'>a</span> <span class='ocrx_word' id='word_1_238' title='bbox 181 3504 353 3570; x_wconf 82' lang='lat' dir='ltr'>veteribus</span> <span class='ocrx_word' id='word_1_239' title='bbox 383 3523 514 3590; x_wconf 83' lang='lat' dir='ltr'>recepta</span> <span class='ocrx_word' id='word_1_240' title='bbox 541 3505 679 3591; x_wconf 79' lang='lat' dir='ltr'>eiusque</span> <span class='ocrx_word' id='word_1_241' title='bbox 704 3509 802 3569; x_wconf 84' lang='lat' dir='ltr'>causta</span> <span class='ocrx_word' id='word_1_242' title='bbox 825 3502 890 3590; x_wconf 86' lang='lat' dir='ltr'>legi</span> <span class='ocrx_word' id='word_1_243' title='bbox 918 3504 1048 3590; x_wconf 86' lang='lat' dir='ltr'>possunt</span> 
     </span>
     <span class='ocr_line' id='line_1_33' title="bbox 58 3602 1048 3692; baseline 0.005 -29"><span class='ocrx_word' id='word_1_244' title='bbox 58 3602 182 3669; x_wconf 80' lang='lat' dir='ltr'>llaunert.</span> <span class='ocrx_word' id='word_1_245' title='bbox 200 3605 431 3692; x_wconf 85' lang='lat' dir='ltr'>(Geographie</span> <span class='ocrx_word' id='word_1_246' title='bbox 448 3608 505 3670; x_wconf 90' lang='lat' dir='ltr'>der</span> <span class='ocrx_word' id='word_1_247' title='bbox 521 3606 685 3672; x_wconf 88' lang='lat' dir='ltr'>Grieehen</span> <span class='ocrx_word' id='word_1_248' title='bbox 706 3609 777 3670; x_wconf 89' lang='lat' dir='ltr'>und</span> <span class='ocrx_word' id='word_1_249' title='bbox 795 3609 935 3668; x_wconf 82' lang='lat' dir='ltr'>Iloemer</span> <span class='ocrx_word' id='word_1_250' title='bbox 957 3607 997 3668; x_wconf 88' lang='lat' dir='ltr'>T.</span> <span class='ocrx_word' id='word_1_251' title='bbox 1017 3629 1048 3668; x_wconf 87' lang='lat' dir='ltr'>t.</span> 
     </span>
     <span class='ocr_line' id='line_1_34' title="bbox 58 3705 1049 3794; baseline 0.002 -28"><span class='ocrx_word' id='word_1_252' title='bbox 58 3725 119 3782; x_wconf 76' lang='lat' dir='ltr'>pn.</span> <span class='ocrx_word' id='word_1_253' title='bbox 132 3710 171 3772; x_wconf 80' lang='lat'>60</span> <span class='ocrx_word' id='word_1_254' title='bbox 182 3709 269 3794; x_wconf 87' lang='lat' dir='ltr'>sqq.)</span> <span class='ocrx_word' id='word_1_255' title='bbox 293 3725 328 3770; x_wconf 90' lang='lat' dir='ltr'>et</span> <span class='ocrx_word' id='word_1_256' title='bbox 345 3711 511 3794; x_wconf 86' lang='lat' dir='ltr'>Spreugel.</span> <span class='ocrx_word' id='word_1_257' title='bbox 539 3707 750 3789; x_wconf 84' lang='lat' dir='ltr'>(Geschichte</span> <span class='ocrx_word' id='word_1_258' title='bbox 768 3708 825 3770; x_wconf 87' lang='lat' dir='ltr'>der</span> <span class='ocrx_word' id='word_1_259' title='bbox 840 3705 1049 3792; x_wconf 77' lang='lat' dir='ltr'>wiehtignea</span> 
     </span>
     <span class='ocr_line' id='line_1_35' title="bbox 59 3803 475 3894; baseline 0.017 -30"><span class='ocrx_word' id='word_1_260' title='bbox 59 3803 283 3893; x_wconf 78' lang='lat' dir='ltr'>Entdeeltungen</span> <span class='ocrx_word' id='word_1_261' title='bbox 304 3833 334 3893; x_wconf 83' lang='lat' dir='ltr'>p.</span> <span class='ocrx_word' id='word_1_262' title='bbox 350 3813 391 3874; x_wconf 82' lang='lat'>61</span> <span class='ocrx_word' id='word_1_263' title='bbox 411 3811 475 3894; x_wconf 87' lang='lat' dir='ltr'>sq.)</span> 
     </span>
    </p>
   </div>
   <div class='ocr_carea' id='block_1_5' title="bbox 61 3951 1051 4150">
    <p class='ocr_par' dir='ltr' id='par_1_6' title="bbox 61 3951 1051 4150">
     <span class='ocr_line' id='line_1_36' title="bbox 108 3951 1048 4054; baseline 0 -36"><span class='ocrx_word' id='word_1_264' title='bbox 108 3979 174 4038; x_wconf 84' lang='lat' dir='ltr'>qua</span> <span class='ocrx_word' id='word_1_265' title='bbox 197 3960 250 4022; x_wconf 84' lang='lat' dir='ltr'>ad</span> <span class='ocrx_word' id='word_1_266' title='bbox 271 3951 487 4054; x_wconf 81' lang='lat' dir='ltr'>fluvium)</span> <span class='ocrx_word' id='word_1_267' title='bbox 536 3958 622 4046; x_wconf 88' lang='lat' dir='ltr'>Quia</span> <span class='ocrx_word' id='word_1_268' title='bbox 654 3956 859 4044; x_wconf 82' lang='lat' dir='ltr'>frequentius</span> <span class='ocrx_word' id='word_1_269' title='bbox 890 3955 938 4020; x_wconf 86' lang='lat' dir='ltr'>ibi</span> <span class='ocrx_word' id='word_1_270' title='bbox 962 3953 1048 4046; x_wconf 72' lang='lat' dir='ltr'>inili-</span> 
     </span>
     <span class='ocr_line' id='line_1_37' title="bbox 61 4058 1051 4150; baseline -0.004 -27"><span class='ocrx_word' id='word_1_271' title='bbox 61 4065 161 4124; x_wconf 77' lang='lat' dir='ltr'>lterum</span> <span class='ocrx_word' id='word_1_272' title='bbox 176 4058 294 4126; x_wconf 85' lang='lat' dir='ltr'>itinera</span> <span class='ocrx_word' id='word_1_273' title='bbox 311 4061 354 4126; x_wconf 90' lang='lat' dir='ltr'>ad</span> <span class='ocrx_word' id='word_1_274' title='bbox 376 4061 580 4150; x_wconf 70' lang='lat' dir='ltr'>quaerendos</span> <span class='ocrx_word' id='word_1_275' title='bbox 598 4058 669 4126; x_wconf 90' lang='lat' dir='ltr'>Nili</span> <span class='ocrx_word' id='word_1_276' title='bbox 684 4061 811 4136; x_wconf 75' lang='lat' dir='ltr'>sontes,</span> <span class='ocrx_word' id='word_1_277' title='bbox 838 4079 920 4146; x_wconf 86' lang='lat' dir='ltr'>quoe</span> <span class='ocrx_word' id='word_1_278' title='bbox 940 4075 1051 4124; x_wconf 87' lang='lat' dir='ltr'>tamen</span> 
     </span>
    </p>
   </div>
   <div class='ocr_carea' id='block_1_6' title="bbox 0 0 1382 4964">
    <p class='ocr_par' dir='ltr' id='par_1_7' title="bbox 0 0 1382 4964">
     <span class='ocr_line' id='line_1_38' title="bbox 0 0 1382 4964; baseline 0 1"><span class='ocrx_word' id='word_1_279' title='bbox 0 0 1382 4964; x_wconf 95' lang='lat' dir='ltr'> </span> 
     </span>
    </p>
   </div>
  </div>
 </body>
</html>
