2756 4964
160 370 527 430 muniturum„
568 371 649 428 LI.
692 369 813 431 evil.
856 372 936 442 §.n
1016 367 1074 437 ²⁶7

41 550 104 611 olim
119 543 229 614 iuill'e,
258 546 380 628 partim
403 544 436 606 in
459 561 576 625 campo
596 537 713 626 plan'o,
739 546 908 628 partimin
928 545 1072 608 adiacen-

41 652 108 710 uns
122 647 282 716 collibus,
319 645 445 706 ambitu
465 659 573 706 autem
594 647 795 728 complexam
818 645 907 708 inille
926 644 992 709 iere
1012 648 1072 708 mi·

40 752 112 812 liare.
135 744 284 831 (liene.)
324 747 536 810 Rubricatum
556 743 592 808 n.
618 767 714 828 quem
731 750 819 810 iuxta
840 767 914 810 eam
934 747 1073 812 olleudit

39 852 250 922 Ptolemaeus,
275 849 389 911 Poiret
409 847 443 909 h.
458 847 660 930 Mra-Fragg
674 848 734 912 ello
756 861 861 932 putat.

190 1055 225 1132 §.
259 1065 292 1114 o.
349 1047 602 1131 Candidum)
649 1051 844 1134 Simpliciter
866 1053 1073 1138 agitauctor,

39 1156 225 1239 etlinguam
243 1151 337 1212 luam
350 1147 498 1232 praefert,
515 1171 612 1232 qutun
625 1151 782 1231 Polybius
796 1154 830 1214 id
846 1167 940 1216 vocet
951 1155 1071 1216 Graeca

38 1252 161 1327 inuiu,
197 1267 243 1314 ut
267 1265 439 1336 appareat,
476 1253 564 1314 aliud
595 1252 736 1315 habuille
756 1273 876 1350 nomen
899 1275 938 1316 ex
962 1255 1071 1340 lingua
1185 1293 1188 1302 ‚

1 1391 2 1408 ,
37 1359 224 1428 Phoenicia,
261 1352 437 1436 quodidie
460 1352 843 1436 vonbuttrretpondon.
889 1375 913 1420 r.
941 1375 1072 1420 oaouo·

1 1501 2 1506 η
37 1479 99 1519 rrrr
120 1459 207 1520 MS.
264 1453 421 1534 Polybiue
443 1467 477 1534 3,
499 1471 558 1518 22.
575 1468 608 1517 et
633 1469 691 1536 23.
716 1475 797 1536 quae
818 1457 887 1519 loca
910 1456 1071 1540 reipexille

35 1563 151 1622 ridetur
177 1557 392 1626 Gronoviue,
426 1549 531 1620 καλὸν
557 1551 757 1644 ἀκρωτήριον
784 1557 898 1628 habett
938 1559 978 1622 de
1008 1577 1072 1641 quo

35 1662 151 1742 postea,
200 1657 389 1723 Candidum
411 1671 530 1720 vocant
549 1659 649 1719 etiam
671 1659 794 1720 Plinius
810 1673 844 1734 5,
865 1673 897 1738 5.
915 1657 936 1722 i.
952 1669 987 1738 4.
1014 1661 1072 1722 ubi

36 1763 106 1824 ilela
124 1761 252 1824 iisdem
268 1758 379 1820 verbio
391 1759 543 1830 redditur,
566 1759 668 1820 Solin.
687 1778 715 1821 c.
732 1773 790 1837 30.
801 1756 822 1820 l.
835 1775 893 1834 27.
918 1759 1072 1826 Martian.

36 1863 146 1946 capell,
164 1865 199 1926 6.
221 1881 257 1944 p.
277 1862 386 1926 216„
417 1860 515 1943 Quod
533 1857 638 1920 album
659 1861 757 1922 etiam
779 1860 902 1924 Pliniue
918 1875 951 1936 3.
969 1863 1014 1926 in.
1037 1863 1073 1922 in

35 1964 130 2028 lirina
151 1975 419 2032 commemorat,
446 1961 530 2022 aliud
550 1961 583 2022 id
602 1960 661 2032 ell,
688 1977 721 2024 et
741 1963 815 2044 quia
833 1963 996 2025 Mellaria·
1017 1961 1073 2025 ob·

37 2071 127 2148 ponit,
151 2059 347 2152 Ampelusia
363 2063 452 2124 aliae.
502 2061 709 2125 Ptolemaeo·
730 2063 919 2134 nonhabet,
946 2063 996 2125 led
1013 2081 1071 2146 pro
1122 2062 1149 2116 κ’

39 2173 118 2230 eoin
142 2167 271 2229 eudem
290 2164 354 2224 litu
371 2165 464 2246 ponit
481 2177 516 2240 4,
535 2177 569 2241 3.
587 2157 688 2226 innuo
713 2155 816 2251 inpar
839 2167 927 2228 iuxta
942 2164 1072 2228 Stobor·

39 2289 106 2333 rum.
158 2269 254 2330 Cum
278 2265 394 2326 Liriur
411 2283 470 2343 29,
494 2279 550 2338 27.
573 2265 611 2324 in
630 2264 695 2326 hoc
716 2277 818 2326 tractu
840 2267 905 2328 duo
925 2286 1074 2347 promun-

41 2375 105 2430 turia
127 2367 274 2434 adierat,
302 2366 442 2427 alterurn
462 2366 626 2436 lilercurii,
653 2365 791 2428 alterum
814 2367 953 2438 Pulchri,
979 2367 1073 2448 qualo

40 2469 90 2532 hoe
101 2471 197 2540 effer,
223 2469 322 2528 varie
337 2467 513 2548 qrraeiiturn
528 2465 571 2526 eu
584 2478 618 2526 et
633 2466 844 2548 disputatum.
875 2468 973 2531 Shaw
986 2469 1025 2530 T.
1042 2487 1072 2532 t.

1 2587 2 2598 ¹
39 2587 160 2650 p177.
187 2569 368 2632 contendit
393 2565 453 2628 elle
479 2565 660 2628 Candidum
684 2583 719 2629 et
744 2581 873 2650 propter
894 2569 1007 2640 suum,
1040 2581 1073 2631 et

41 2675 114 2752 quod
136 2675 219 2736 aliae
244 2669 361 2750 Scipio
378 2665 487 2728 irustra
507 2665 631 2729 clallem
647 2669 774 2731 Uticam
796 2668 941 2740 mifillet,
971 2671 1075 2732 immo

1 2819 2 2822 ,
42 2795 90 2835 rer
112 2777 249 2836 mittere
275 2767 450 2852 potuillet,
483 2769 536 2830 cui
560 2767 734 2830 adsentitur
764 2770 891 2834 Heereu
917 2771 950 2832 in
976 2770 1074 2832 idern

42 2875 106 2936 uber
122 2877 175 2938 die
189 2870 328 2935 Politilt
342 2904 389 2917 -
405 2872 462 2931 der
476 2869 563 2930 alten
582 2869 701 2932 Viilker
720 2893 752 2954 p.
771 2887 831 2948 71.
864 2871 1017 2934 Cellariue
1040 2874 1074 2932 io

1 3017 2 3034 .
44 2973 144 3060 Gtogr.
168 2989 246 3036 ant.
269 2983 308 3051 4„
330 2982 366 3049 4,
389 2971 449 3048 56.
481 2970 744 3052 dubinuhaeret.
796 2971 1009 3035 Schwartnim
1035 2973 1075 3032 ad

44 3095 106 3136 cum
128 3079 169 3138 de
193 3075 356 3138 Mercurii
382 3073 605 3155 promontorio
628 3073 797 3158 intelligit,
828 3075 914 3154 quod
936 3071 1075 3155 supertu-

45 3181 127 3240 tionie
143 3180 325 3240 Romanae
346 3193 464 3258 gnarus
480 3173 675 3256 gubernator
689 3175 832 3255 Scipioni
847 3175 1013 3254 quaerenti
1031 3174 1077 3233 itu

47 3279 266 3359 adpellaverit,
303 3277 360 3337 etii
382 3276 497 3336 Livius
521 3274 561 3334 ab
584 3293 625 3338 eo
646 3275 752 3357 primo
775 3272 895 3335 intuitu
919 3271 1077 3336 secernere

46 3381 189 3444 rideatur.
246 3379 361 3462 Quam
382 3375 513 3457 quidem
530 3372 720 3438 sententiam
737 3377 904 3438 confirmat
922 3374 1078 3455 Polybius

1 3531 2 3566 p
50 3485 131 3546 toll.
162 3482 225 3565 qui
243 3478 439 3562 Carthagini
458 3496 476 3538 a
498 3475 778 3558 septemtrionibue
800 3474 969 3539 nurerum
989 3477 1076 3546 dicit,

1 3573 2 3602 ³
52 3585 291 3664 roquerrantiro
306 3579 482 3659 Byzacium
496 3580 588 3659 ponit
601 3593 634 3641 et
645 3580 767 3658 Syrtim
783 3581 953 3640 minorem.
976 3577 1077 3640 Porro
1212 3641 1213 3645 ,

54 3701 110 3744 tum
131 3687 195 3746 hoc
217 3702 325 3746 unum
349 3678 458 3742 verius
477 3681 620 3742 Siciliam
642 3693 803 3750 excurrat,
837 3681 957 3744 accedit
978 3679 1080 3740 Plinii

56 3789 231 3856 annitar,
257 3783 317 3866 qni
337 3781 369 3842 id
387 3779 536 3842 Mercurii
555 3783 779 3862 promontorio
800 3781 926 3843 tribuit.
970 3781 1031 3843 Sed
1057 3778 1077 3838 ir

58 3889 113 3964 quis
129 3890 228 3970 plura
244 3883 411 3950 desiderat.
434 3901 510 3944 cum
529 3883 569 3944 ad
587 3883 709 3944 Melam
725 3884 869 3964 proxime
885 3878 995 3942 referri
1010 3899 1078 3943 non

58 3984 173 4065 polline,
200 3983 328 4052 eoniuli
341 3983 436 4046 debet
451 3983 600 4064 Heyniue
615 3986 648 4046 iu
663 3981 768 4065 opuic.
789 3984 936 4044 Academ.
952 3983 1024 4042 Vol.
1045 3993 1077 4060 3.

57 4100 135 4170 ΜῚ
153 4089 200 4174 iq.
248 4087 293 4150 lu
317 4085 473 4151 hodierno
497 4087 633 4152 nomino
665 4083 856 4152 dialeutiuut
889 4083 953 4147 viri
981 4081 1078 4155 docti,
1169 4131 1173 4148 .
