<?xml version="1.0" encoding="UTF-8"?>
<!DOCTYPE html PUBLIC "-//W3C//DTD XHTML 1.0 Transitional//EN"
    "http://www.w3.org/TR/xhtml1/DTD/xhtml1-transitional.dtd">
<html xmlns="http://www.w3.org/1999/xhtml" xml:lang="en" lang="en">
 <head>
  <title>
</title>
<meta http-equiv="Content-Type" content="text/html;charset=utf-8" />
  <meta name='ocr-system' content='tesseract 3.04.00' />
  <meta name='ocr-capabilities' content='ocr_page ocr_carea ocr_par ocr_line ocrx_word'/>
</head>
<body>
  <div class='ocr_page' id='page_1' title='image "./pomponiimelaede06melagoog_0468.png"; bbox 0 0 2852 4946; ppageno 0'>
   <div class='ocr_carea' id='block_1_1' title="bbox 332 397 1151 506">
    <p class='ocr_par' dir='ltr' id='par_1_1' title="bbox 332 397 1151 506">
     <span class='ocr_line' id='line_1_1' title="bbox 332 397 1151 506; baseline 0.004 -44"><span class='ocrx_word' id='word_1_1' title='bbox 332 397 396 482; x_wconf 66' lang='grc' dir='ltr'>ιιι</span> <span class='ocrx_word' id='word_1_2' title='bbox 605 403 768 465; x_wconf 76' lang='lat' dir='ltr'>Nouae</span> <span class='ocrx_word' id='word_1_3' title='bbox 806 407 1151 506; x_wconf 34' lang='lat' dir='ltr'>excoctione!</span> 
     </span>
    </p>
   </div>
   <div class='ocr_carea' id='block_1_2' title="bbox 323 575 1360 2900">
    <p class='ocr_par' dir='ltr' id='par_1_2' title="bbox 323 575 1360 2900">
     <span class='ocr_line' id='line_1_2' title="bbox 333 575 1358 665; baseline 0.004 -27"><span class='ocrx_word' id='word_1_4' title='bbox 333 577 427 639; x_wconf 87' lang='lat' dir='ltr'>bium</span> <span class='ocrx_word' id='word_1_5' title='bbox 449 575 537 642; x_wconf 87' lang='lat' dir='ltr'>abiit.</span> <span class='ocrx_word' id='word_1_6' title='bbox 579 577 652 643; x_wconf 87' lang='lat' dir='ltr'>Viti.</span> <span class='ocrx_word' id='word_1_7' title='bbox 672 579 771 644; x_wconf 87' lang='lat' dir='ltr'><strong>Ovid.</strong></span> <span class='ocrx_word' id='word_1_8' title='bbox 797 579 838 643; x_wconf 88' lang='lat' dir='ltr'>de</span> <span class='ocrx_word' id='word_1_9' title='bbox 860 581 896 644; x_wconf 85' lang='lat' dir='ltr'>A.</span> <span class='ocrx_word' id='word_1_10' title='bbox 918 581 957 646; x_wconf 80' lang='grc' dir='ltr'>Δ.</span> <span class='ocrx_word' id='word_1_11' title='bbox 980 601 1009 654; x_wconf 87' lang='grc' dir='ltr'>ι,</span> <span class='ocrx_word' id='word_1_12' title='bbox 1035 595 1119 662; x_wconf 77' lang='lat'>233.</span> <span class='ocrx_word' id='word_1_13' title='bbox 1153 595 1187 646; x_wconf 88' lang='lat' dir='ltr'>et</span> <span class='ocrx_word' id='word_1_14' title='bbox 1207 585 1241 644; x_wconf 91' lang='lat' dir='ltr'>iu</span> <span class='ocrx_word' id='word_1_15' title='bbox 1261 581 1358 665; x_wconf 79' lang='lat' dir='ltr'>primia</span> 
     </span>
     <span class='ocr_line' id='line_1_3' title="bbox 334 677 1360 768; baseline 0.001 -27"><span class='ocrx_word' id='word_1_16' title='bbox 334 677 472 742; x_wconf 88' lang='lat' dir='ltr'>Metam.</span> <span class='ocrx_word' id='word_1_17' title='bbox 490 700 526 767; x_wconf 84' lang='lat'>9,</span> <span class='ocrx_word' id='word_1_18' title='bbox 542 691 616 761; x_wconf 78' lang='lat'>452</span> <span class='ocrx_word' id='word_1_19' title='bbox 633 680 695 764; x_wconf 87' lang='lat' dir='ltr'>qu.</span> <span class='ocrx_word' id='word_1_20' title='bbox 735 683 833 768; x_wconf 85' lang='lat' dir='ltr'>Quod</span> <span class='ocrx_word' id='word_1_21' title='bbox 857 684 952 745; x_wconf 83' lang='lat' dir='ltr'>tradit</span> <span class='ocrx_word' id='word_1_22' title='bbox 971 685 1163 748; x_wconf 87' lang='lat' dir='ltr'>Partheniae</span> <span class='ocrx_word' id='word_1_23' title='bbox 1185 687 1218 746; x_wconf 92' lang='lat' dir='ltr'>in</span> <span class='ocrx_word' id='word_1_24' title='bbox 1236 683 1360 745; x_wconf 80' lang='lat' dir='ltr'>Eroticit</span> 
     </span>
     <span class='ocr_line' id='line_1_4' title="bbox 334 781 1359 870; baseline -0.002 -26"><span class='ocrx_word' id='word_1_25' title='bbox 334 801 403 864; x_wconf 87' lang='lat' dir='ltr'>cap.</span> <span class='ocrx_word' id='word_1_26' title='bbox 425 799 482 848; x_wconf 92' lang='grc' dir='ltr'>ιι.</span> <span class='ocrx_word' id='word_1_27' title='bbox 504 785 574 846; x_wconf 86' lang='lat' dir='ltr'>eim</span> <span class='ocrx_word' id='word_1_28' title='bbox 593 785 712 846; x_wconf 87' lang='lat' dir='ltr'>amorie</span> <span class='ocrx_word' id='word_1_29' title='bbox 733 783 820 846; x_wconf 82' lang='lat' dir='ltr'>caula</span> <span class='ocrx_word' id='word_1_30' title='bbox 840 781 967 870; x_wconf 82' lang='lat' dir='ltr'>fugient</span> <span class='ocrx_word' id='word_1_31' title='bbox 988 785 1053 846; x_wconf 89' lang='lat' dir='ltr'>huc</span> <span class='ocrx_word' id='word_1_32' title='bbox 1071 782 1229 850; x_wconf 79' lang='lat' dir='ltr'>concesslt.</span> <span class='ocrx_word' id='word_1_33' title='bbox 1277 785 1359 846; x_wconf 84' lang='lat' dir='ltr'>Plura</span> 
     </span>
     <span class='ocr_line' id='line_1_5' title="bbox 333 883 1359 968; baseline 0.003 -22"><span class='ocrx_word' id='word_1_34' title='bbox 333 886 432 946; x_wconf 85' lang='lat' dir='ltr'>etiam</span> <span class='ocrx_word' id='word_1_35' title='bbox 447 883 489 948; x_wconf 89' lang='lat' dir='ltr'>de</span> <span class='ocrx_word' id='word_1_36' title='bbox 503 886 636 948; x_wconf 87' lang='lat' dir='ltr'>nornine</span> <span class='ocrx_word' id='word_1_37' title='bbox 650 885 773 948; x_wconf 87' lang='lat' dir='ltr'>dabunt</span> <span class='ocrx_word' id='word_1_38' title='bbox 786 887 968 968; x_wconf 79' lang='lat' dir='ltr'>Stephanae</span> <span class='ocrx_word' id='word_1_39' title='bbox 982 887 1017 948; x_wconf 93' lang='lat' dir='ltr'>h.</span> <span class='ocrx_word' id='word_1_40' title='bbox 1032 907 1067 950; x_wconf 85' lang='lat' dir='ltr'>v.</span> <span class='ocrx_word' id='word_1_41' title='bbox 1093 889 1249 950; x_wconf 79' lang='lat' dir='ltr'>Antonin.</span> <span class='ocrx_word' id='word_1_42' title='bbox 1266 885 1359 948; x_wconf 83' lang='lat' dir='ltr'>Liber.</span> 
     </span>
     <span class='ocr_line' id='line_1_6' title="bbox 334 986 1359 1069; baseline -0.001 -21"><span class='ocrx_word' id='word_1_43' title='bbox 334 1005 402 1068; x_wconf 89' lang='lat' dir='ltr'>cap.</span> <span class='ocrx_word' id='word_1_44' title='bbox 420 999 480 1063; x_wconf 78' lang='lat'>30.</span> <span class='ocrx_word' id='word_1_45' title='bbox 513 987 631 1050; x_wconf 85' lang='lat' dir='ltr'>Conon</span> <span class='ocrx_word' id='word_1_46' title='bbox 648 1001 761 1052; x_wconf 89' lang='lat' dir='ltr'>narrat.</span> <span class='ocrx_word' id='word_1_47' title='bbox 776 1007 804 1050; x_wconf 93' lang='lat' dir='ltr'>c.</span> <span class='ocrx_word' id='word_1_48' title='bbox 818 1003 851 1050; x_wconf 79' lang='lat' dir='ltr'>a.</span> <span class='ocrx_word' id='word_1_49' title='bbox 878 987 1021 1050; x_wconf 85' lang='lat' dir='ltr'>Euilath.</span> <span class='ocrx_word' id='word_1_50' title='bbox 1039 989 1077 1050; x_wconf 86' lang='lat' dir='ltr'>ad</span> <span class='ocrx_word' id='word_1_51' title='bbox 1098 986 1228 1069; x_wconf 75' lang='lat' dir='ltr'>Dionys.</span> <span class='ocrx_word' id='word_1_52' title='bbox 1244 999 1359 1065; x_wconf 76' lang='lat' dir='ltr'><strong>v.533.</strong></span> 
     </span>
     <span class='ocr_line' id='line_1_7' title="bbox 333 1081 1359 1174; baseline -0.002 -26"><span class='ocrx_word' id='word_1_53' title='bbox 333 1081 481 1174; x_wconf 67' lang='lat' dir='ltr'>lioptalyv</span> <span class='ocrx_word' id='word_1_54' title='bbox 501 1082 597 1152; x_wconf 77' lang='grc' dir='ltr'><strong>πόλιν</strong></span> <span class='ocrx_word' id='word_1_55' title='bbox 620 1105 715 1152; x_wconf 83' lang='lat' dir='ltr'>vocat</span> <span class='ocrx_word' id='word_1_56' title='bbox 729 1088 839 1168; x_wconf 79' lang='lat' dir='ltr'>Scylax</span> <span class='ocrx_word' id='word_1_57' title='bbox 857 1109 888 1170; x_wconf 90' lang='lat' dir='ltr'>p.</span> <span class='ocrx_word' id='word_1_58' title='bbox 907 1101 965 1166; x_wconf 75' lang='lat'>58.</span> <span class='ocrx_word' id='word_1_59' title='bbox 988 1087 1088 1152; x_wconf 79' lang='lat' dir='ltr'>hludl.</span> <span class='ocrx_word' id='word_1_60' title='bbox 1112 1110 1186 1151; x_wconf 87' lang='lat' dir='ltr'>cum</span> <span class='ocrx_word' id='word_1_61' title='bbox 1200 1089 1275 1158; x_wconf 82' lang='lat' dir='ltr'>aliie.</span> <span class='ocrx_word' id='word_1_62' title='bbox 1298 1107 1359 1169; x_wconf 86' lang='lat' dir='ltr'>por·</span> 
     </span>
     <span class='ocr_line' id='line_1_8' title="bbox 334 1189 1359 1270; baseline -0.002 -21"><span class='ocrx_word' id='word_1_63' title='bbox 334 1201 468 1270; x_wconf 90' lang='lat' dir='ltr'>tumque</span> <span class='ocrx_word' id='word_1_64' title='bbox 488 1192 585 1252; x_wconf 87' lang='lat' dir='ltr'>etiam</span> <span class='ocrx_word' id='word_1_65' title='bbox 606 1191 677 1253; x_wconf 84' lang='lat' dir='ltr'>eiua</span> <span class='ocrx_word' id='word_1_66' title='bbox 697 1203 871 1260; x_wconf 83' lang='lat' dir='ltr'>memorat,</span> <span class='ocrx_word' id='word_1_67' title='bbox 897 1202 936 1251; x_wconf 87' lang='lat' dir='ltr'>ut</span> <span class='ocrx_word' id='word_1_68' title='bbox 954 1191 1067 1253; x_wconf 84' lang='lat' dir='ltr'>Strabo</span> <span class='ocrx_word' id='word_1_69' title='bbox 1089 1209 1117 1254; x_wconf 92' lang='lat' dir='ltr'>c.</span> <span class='ocrx_word' id='word_1_70' title='bbox 1139 1192 1161 1252; x_wconf 93' lang='lat' dir='ltr'>l.</span> <span class='ocrx_word' id='word_1_71' title='bbox 1202 1189 1359 1251; x_wconf 86' lang='lat' dir='ltr'>Litoralem</span> 
     </span>
     <span class='ocr_line' id='line_1_9' title="bbox 333 1288 1359 1371; baseline -0.005 -19"><span class='ocrx_word' id='word_1_72' title='bbox 333 1288 447 1352; x_wconf 88' lang='lat' dir='ltr'>urbem</span> <span class='ocrx_word' id='word_1_73' title='bbox 466 1289 586 1352; x_wconf 84' lang='lat' dir='ltr'>faciunt</span> <span class='ocrx_word' id='word_1_74' title='bbox 607 1293 704 1354; x_wconf 90' lang='lat' dir='ltr'>etiam</span> <span class='ocrx_word' id='word_1_75' title='bbox 724 1291 789 1356; x_wconf 90' lang='lat' dir='ltr'>alii.</span> <span class='ocrx_word' id='word_1_76' title='bbox 822 1291 944 1354; x_wconf 87' lang='lat' dir='ltr'>Pliniua</span> <span class='ocrx_word' id='word_1_77' title='bbox 960 1303 994 1369; x_wconf 83' lang='lat'>5.</span> <span class='ocrx_word' id='word_1_78' title='bbox 1014 1307 1074 1370; x_wconf 79' lang='lat'>29.</span> <span class='ocrx_word' id='word_1_79' title='bbox 1098 1288 1119 1354; x_wconf 83' lang='lat' dir='ltr'>l.</span> <span class='ocrx_word' id='word_1_80' title='bbox 1140 1303 1200 1368; x_wconf 78' lang='lat'>28.</span> <span class='ocrx_word' id='word_1_81' title='bbox 1220 1289 1359 1371; x_wconf 77' lang='lat' dir='ltr'>oppidum</span> 
     </span>
     <span class='ocr_line' id='line_1_10' title="bbox 333 1389 1359 1464; baseline -0.004 -12"><span class='ocrx_word' id='word_1_82' title='bbox 333 1405 428 1453; x_wconf 80' lang='lat' dir='ltr'>vocat</span> <span class='ocrx_word' id='word_1_83' title='bbox 449 1389 587 1464; x_wconf 82' lang='lat' dir='ltr'>liberum,</span> <span class='ocrx_word' id='word_1_84' title='bbox 613 1411 689 1454; x_wconf 87' lang='lat' dir='ltr'>cum</span> <span class='ocrx_word' id='word_1_85' title='bbox 703 1406 795 1454; x_wconf 87' lang='lat' dir='ltr'>antea</span> <span class='ocrx_word' id='word_1_86' title='bbox 814 1393 950 1456; x_wconf 79' lang='lat' dir='ltr'>Rhodiia</span> <span class='ocrx_word' id='word_1_87' title='bbox 964 1392 1124 1455; x_wconf 79' lang='lat' dir='ltr'>Antiocho</span> <span class='ocrx_word' id='word_1_88' title='bbox 1139 1393 1267 1454; x_wconf 83' lang='lat' dir='ltr'>devicto</span> <span class='ocrx_word' id='word_1_89' title='bbox 1280 1391 1359 1452; x_wconf 87' lang='lat' dir='ltr'>adtri-</span> 
     </span>
     <span class='ocr_line' id='line_1_11' title="bbox 332 1489 1358 1576; baseline -0.004 -22"><span class='ocrx_word' id='word_1_90' title='bbox 332 1489 450 1554; x_wconf 86' lang='lat' dir='ltr'>butum</span> <span class='ocrx_word' id='word_1_91' title='bbox 464 1491 620 1574; x_wconf 84' lang='lat' dir='ltr'>paruillet.</span> <span class='ocrx_word' id='word_1_92' title='bbox 635 1507 672 1555; x_wconf 88' lang='lat' dir='ltr'>ut</span> <span class='ocrx_word' id='word_1_93' title='bbox 686 1492 815 1556; x_wconf 81' lang='lat' dir='ltr'><strong>discitur</strong></span> <span class='ocrx_word' id='word_1_94' title='bbox 831 1514 870 1556; x_wconf 89' lang='lat' dir='ltr'>ex</span> <span class='ocrx_word' id='word_1_95' title='bbox 880 1493 1018 1575; x_wconf 81' lang='lat' dir='ltr'>Polybio</span> <span class='ocrx_word' id='word_1_96' title='bbox 1037 1509 1095 1572; x_wconf 79' lang='lat'>30,</span> <span class='ocrx_word' id='word_1_97' title='bbox 1108 1505 1128 1571; x_wconf 85' lang='lat'><strong>5</strong></span> <span class='ocrx_word' id='word_1_98' title='bbox 1141 1492 1204 1576; x_wconf 82' lang='lat' dir='ltr'><strong>sqq.</strong></span> <span class='ocrx_word' id='word_1_99' title='bbox 1230 1494 1358 1576; x_wconf 76' lang='lat' dir='ltr'>Appiano</span> 
     </span>
     <span class='ocr_line' id='line_1_12' title="bbox 333 1585 1360 1682; baseline -0.006 -26"><span class='ocrx_word' id='word_1_100' title='bbox 333 1595 370 1656; x_wconf 87' lang='lat' dir='ltr'>in</span> <span class='ocrx_word' id='word_1_101' title='bbox 389 1589 503 1658; x_wconf 84' lang='lat' dir='ltr'>Mithr.</span> <span class='ocrx_word' id='word_1_102' title='bbox 518 1613 546 1658; x_wconf 93' lang='lat' dir='ltr'>c.</span> <span class='ocrx_word' id='word_1_103' title='bbox 564 1609 623 1676; x_wconf 81' lang='lat'>23.</span> <span class='ocrx_word' id='word_1_104' title='bbox 664 1596 772 1682; x_wconf 83' lang='lat' dir='ltr'>lucela</span> <span class='ocrx_word' id='word_1_105' title='bbox 789 1585 940 1671; x_wconf 74' lang='grc' dir='ltr'><strong>Καύνιος.</strong></span> <span class='ocrx_word' id='word_1_106' title='bbox 981 1596 1081 1680; x_wconf 88' lang='lat' dir='ltr'>Quod</span> <span class='ocrx_word' id='word_1_107' title='bbox 1100 1591 1265 1668; x_wconf 69' lang='lat' dir='ltr'>llouuulot</span> <span class='ocrx_word' id='word_1_108' title='bbox 1284 1593 1360 1654; x_wconf 82' lang='lat' dir='ltr'>adlit</span> 
     </span>
     <span class='ocr_line' id='line_1_13' title="bbox 334 1691 1360 1778; baseline -0.009 -19"><span class='ocrx_word' id='word_1_109' title='bbox 334 1694 528 1778; x_wconf 82' lang='lat' dir='ltr'>Stephanae,</span> <span class='ocrx_word' id='word_1_110' title='bbox 553 1697 593 1758; x_wconf 87' lang='lat' dir='ltr'>ad</span> <span class='ocrx_word' id='word_1_111' title='bbox 614 1693 743 1761; x_wconf 75' lang='lat' dir='ltr'>Kut&#39;iuot</span> <span class='ocrx_word' id='word_1_112' title='bbox 759 1697 902 1761; x_wconf 72' lang='lat' dir='ltr'>Aeolidis</span> <span class='ocrx_word' id='word_1_113' title='bbox 916 1695 1028 1760; x_wconf 84' lang='lat' dir='ltr'>urbem</span> <span class='ocrx_word' id='word_1_114' title='bbox 1051 1694 1255 1759; x_wconf 83' lang='lat' dir='ltr'>referendum</span> <span class='ocrx_word' id='word_1_115' title='bbox 1269 1691 1360 1756; x_wconf 88' lang='lat' dir='ltr'>ceniet</span> 
     </span>
     <span class='ocr_line' id='line_1_14' title="bbox 333 1795 1359 1884; baseline -0.007 -23"><span class='ocrx_word' id='word_1_116' title='bbox 333 1795 478 1862; x_wconf 83' lang='lat' dir='ltr'>Holsten.</span> <span class='ocrx_word' id='word_1_117' title='bbox 503 1817 575 1884; x_wconf 84' lang='lat' dir='ltr'>pag.</span> <span class='ocrx_word' id='word_1_118' title='bbox 602 1799 683 1864; x_wconf 82' lang='lat'><strong>166.</strong></span> <span class='ocrx_word' id='word_1_119' title='bbox 708 1818 782 1861; x_wconf 90' lang='lat' dir='ltr'>cum</span> <span class='ocrx_word' id='word_1_120' title='bbox 804 1796 989 1862; x_wconf 80' lang='lat' dir='ltr'>casaubono</span> <span class='ocrx_word' id='word_1_121' title='bbox 1010 1798 1047 1859; x_wconf 87' lang='lat' dir='ltr'>ad</span> <span class='ocrx_word' id='word_1_122' title='bbox 1062 1798 1264 1860; x_wconf 75' lang='lat' dir='ltr'>Athenaeum</span> <span class='ocrx_word' id='word_1_123' title='bbox 1281 1809 1311 1874; x_wconf 75' lang='lat'>3.</span> <span class='ocrx_word' id='word_1_124' title='bbox 1332 1807 1359 1872; x_wconf 77' lang='lat'>3.</span> 
     </span>
     <span class='ocr_line' id='line_1_15' title="bbox 334 1898 1359 1982; baseline -0.012 -20"><span class='ocrx_word' id='word_1_125' title='bbox 334 1913 443 1962; x_wconf 87' lang='lat' dir='ltr'>contra</span> <span class='ocrx_word' id='word_1_126' title='bbox 466 1903 551 1962; x_wconf 87' lang='lat' dir='ltr'>tueri</span> <span class='ocrx_word' id='word_1_127' title='bbox 575 1900 678 1962; x_wconf 80' lang='lat' dir='ltr'>studet</span> <span class='ocrx_word' id='word_1_128' title='bbox 699 1898 866 1962; x_wconf 85' lang='lat' dir='ltr'>Berkeliue</span> <span class='ocrx_word' id='word_1_129' title='bbox 890 1921 923 1982; x_wconf 90' lang='lat' dir='ltr'>p.</span> <span class='ocrx_word' id='word_1_130' title='bbox 946 1901 1033 1980; x_wconf 78' lang='lat'><strong>463.</strong></span> <span class='ocrx_word' id='word_1_131' title='bbox 1085 1901 1192 1962; x_wconf 85' lang='lat' dir='ltr'>Latini</span> <span class='ocrx_word' id='word_1_132' title='bbox 1219 1898 1359 1962; x_wconf 76' lang='lat' dir='ltr'>Gauium.</span> 
     </span>
     <span class='ocr_line' id='line_1_16' title="bbox 335 1996 1360 2094; baseline -0.013 -30"><span class='ocrx_word' id='word_1_133' title='bbox 335 2015 370 2064; x_wconf 88' lang='lat' dir='ltr'>et</span> <span class='ocrx_word' id='word_1_134' title='bbox 388 2001 465 2064; x_wconf 89' lang='lat' dir='ltr'>binc</span> <span class='ocrx_word' id='word_1_135' title='bbox 486 2003 632 2066; x_wconf 83' lang='lat' dir='ltr'>Cnuueae</span> <span class='ocrx_word' id='word_1_136' title='bbox 644 1999 729 2094; x_wconf 76' lang='lat' dir='ltr'>ficus</span> <span class='ocrx_word' id='word_1_137' title='bbox 751 1996 862 2086; x_wconf 84' lang='lat' dir='ltr'>paffim</span> <span class='ocrx_word' id='word_1_138' title='bbox 885 2001 1062 2072; x_wconf 81' lang='lat' dir='ltr'>laudantur,</span> <span class='ocrx_word' id='word_1_139' title='bbox 1086 2023 1168 2083; x_wconf 89' lang='lat' dir='ltr'>quae</span> <span class='ocrx_word' id='word_1_140' title='bbox 1185 2015 1218 2063; x_wconf 88' lang='lat' dir='ltr'>et</span> <span class='ocrx_word' id='word_1_141' title='bbox 1242 1999 1360 2062; x_wconf 68' lang='lat' dir='ltr'>Cariam</span> 
     </span>
     <span class='ocr_line' id='line_1_17' title="bbox 334 2097 1360 2188; baseline -0.007 -23"><span class='ocrx_word' id='word_1_142' title='bbox 334 2101 409 2165; x_wconf 84' lang='lat' dir='ltr'>lunt</span> <span class='ocrx_word' id='word_1_143' title='bbox 433 2103 503 2166; x_wconf 86' lang='lat' dir='ltr'>aliia</span> <span class='ocrx_word' id='word_1_144' title='bbox 524 2105 547 2165; x_wconf 93' lang='lat' dir='ltr'>i.</span> <span class='ocrx_word' id='word_1_145' title='bbox 571 2124 601 2168; x_wconf 92' lang='lat' dir='ltr'>e.</span> <span class='ocrx_word' id='word_1_146' title='bbox 628 2097 782 2188; x_wconf 75' lang='grc' dir='ltr'>ἰσχάδες,</span> <span class='ocrx_word' id='word_1_147' title='bbox 818 2097 934 2165; x_wconf 83' lang='lat' dir='ltr'>Gloffie</span> <span class='ocrx_word' id='word_1_148' title='bbox 959 2102 1085 2164; x_wconf 76' lang='lat' dir='ltr'>siccatae</span> <span class='ocrx_word' id='word_1_149' title='bbox 1110 2104 1206 2174; x_wconf 83' lang='lat' dir='ltr'>ficua.</span> <span class='ocrx_word' id='word_1_150' title='bbox 1242 2101 1281 2164; x_wconf 86' lang='lat' dir='ltr'>de</span> <span class='ocrx_word' id='word_1_151' title='bbox 1303 2099 1360 2159; x_wconf 81' lang='lat' dir='ltr'>aliit</span> 
     </span>
     <span class='ocr_line' id='line_1_18' title="bbox 334 2195 1358 2286; baseline -0.009 -19"><span class='ocrx_word' id='word_1_152' title='bbox 334 2207 444 2267; x_wconf 82' lang='lat' dir='ltr'>etiam.</span> <span class='ocrx_word' id='word_1_153' title='bbox 481 2205 543 2267; x_wconf 86' lang='lat' dir='ltr'>Sed</span> <span class='ocrx_word' id='word_1_154' title='bbox 560 2201 599 2268; x_wconf 81' lang='lat' dir='ltr'>cf.</span> <span class='ocrx_word' id='word_1_155' title='bbox 616 2203 775 2268; x_wconf 85' lang='lat' dir='ltr'>Gronovii</span> <span class='ocrx_word' id='word_1_156' title='bbox 792 2204 883 2266; x_wconf 88' lang='lat' dir='ltr'>diatr.</span> <span class='ocrx_word' id='word_1_157' title='bbox 899 2204 933 2264; x_wconf 88' lang='lat' dir='ltr'>in</span> <span class='ocrx_word' id='word_1_158' title='bbox 951 2203 1088 2265; x_wconf 78' lang='lat' dir='ltr'>Statium</span> <span class='ocrx_word' id='word_1_159' title='bbox 1109 2224 1137 2266; x_wconf 92' lang='lat' dir='ltr'>c.</span> <span class='ocrx_word' id='word_1_160' title='bbox 1160 2213 1215 2286; x_wconf 71' lang='lat'>¹4·</span> <span class='ocrx_word' id='word_1_161' title='bbox 1231 2223 1262 2285; x_wconf 90' lang='lat' dir='ltr'>p.</span> <span class='ocrx_word' id='word_1_162' title='bbox 1273 2195 1358 2278; x_wconf 81' lang='lat' dir='ltr'>7blq.</span> 
     </span>
     <span class='ocr_line' id='line_1_19' title="bbox 335 2297 1358 2386; baseline -0.013 -17"><span class='ocrx_word' id='word_1_163' title='bbox 335 2318 369 2369; x_wconf 87' lang='lat' dir='ltr'>et</span> <span class='ocrx_word' id='word_1_164' title='bbox 400 2303 555 2368; x_wconf 83' lang='lat' dir='ltr'>Creeniua</span> <span class='ocrx_word' id='word_1_165' title='bbox 583 2305 618 2366; x_wconf 89' lang='lat' dir='ltr'>in</span> <span class='ocrx_word' id='word_1_166' title='bbox 650 2318 825 2368; x_wconf 87' lang='lat' dir='ltr'>comment.</span> <span class='ocrx_word' id='word_1_167' title='bbox 859 2305 973 2386; x_wconf 87' lang='lat' dir='ltr'>philol.</span> <span class='ocrx_word' id='word_1_168' title='bbox 998 2305 1039 2366; x_wconf 90' lang='lat' dir='ltr'>T.</span> <span class='ocrx_word' id='word_1_169' title='bbox 1057 2317 1088 2383; x_wconf 79' lang='lat'>3.</span> <span class='ocrx_word' id='word_1_170' title='bbox 1110 2325 1139 2367; x_wconf 93' lang='lat' dir='ltr'>c.</span> <span class='ocrx_word' id='word_1_171' title='bbox 1160 2323 1191 2370; x_wconf 93' lang='grc' dir='ltr'>ι.</span> <span class='ocrx_word' id='word_1_172' title='bbox 1215 2324 1247 2385; x_wconf 90' lang='lat' dir='ltr'>p.</span> <span class='ocrx_word' id='word_1_173' title='bbox 1266 2315 1308 2383; x_wconf 76' lang='lat'>55</span> <span class='ocrx_word' id='word_1_174' title='bbox 1325 2297 1358 2378; x_wconf 85' lang='lat' dir='ltr'>iq.</span> 
     </span>
     <span class='ocr_line' id='line_1_20' title="bbox 334 2399 1358 2487; baseline -0.01 -18"><span class='ocrx_word' id='word_1_175' title='bbox 334 2403 523 2469; x_wconf 83' lang='lat' dir='ltr'>Notiffimae</span> <span class='ocrx_word' id='word_1_176' title='bbox 541 2404 614 2468; x_wconf 87' lang='lat' dir='ltr'>sunt</span> <span class='ocrx_word' id='word_1_177' title='bbox 630 2425 670 2467; x_wconf 86' lang='lat' dir='ltr'>ex</span> <span class='ocrx_word' id='word_1_178' title='bbox 693 2407 818 2468; x_wconf 88' lang='lat' dir='ltr'>hiiloria</span> <span class='ocrx_word' id='word_1_179' title='bbox 836 2399 933 2469; x_wconf 83' lang='lat' dir='ltr'>Craffi</span> <span class='ocrx_word' id='word_1_180' title='bbox 949 2405 986 2468; x_wconf 91' lang='lat' dir='ltr'>atl</span> <span class='ocrx_word' id='word_1_181' title='bbox 1003 2405 1182 2468; x_wconf 86' lang='lat' dir='ltr'>Parthicam</span> <span class='ocrx_word' id='word_1_182' title='bbox 1203 2403 1358 2487; x_wconf 80' lang='lat' dir='ltr'>expeditio·</span> 
     </span>
     <span class='ocr_line' id='line_1_21' title="bbox 333 2505 1358 2589; baseline -0.007 -19"><span class='ocrx_word' id='word_1_183' title='bbox 333 2527 413 2570; x_wconf 84' lang='lat' dir='ltr'>atem</span> <span class='ocrx_word' id='word_1_184' title='bbox 434 2509 525 2576; x_wconf 81' lang='lat' dir='ltr'>ituri,</span> <span class='ocrx_word' id='word_1_185' title='bbox 558 2520 591 2568; x_wconf 93' lang='lat' dir='ltr'>et</span> <span class='ocrx_word' id='word_1_186' title='bbox 613 2505 757 2571; x_wconf 82' lang='lat' dir='ltr'>ominosa</span> <span class='ocrx_word' id='word_1_187' title='bbox 777 2507 1006 2570; x_wconf 82' lang='lat' dir='ltr'>exclamatione</span> <span class='ocrx_word' id='word_1_188' title='bbox 1035 2507 1128 2589; x_wconf 91' lang='lat' dir='ltr'>pueri</span> <span class='ocrx_word' id='word_1_189' title='bbox 1149 2507 1274 2569; x_wconf 69' lang='lat' dir='ltr'>Carica·</span> <span class='ocrx_word' id='word_1_190' title='bbox 1294 2521 1358 2564; x_wconf 77' lang='lat' dir='ltr'>aaa·</span> 
     </span>
     <span class='ocr_line' id='line_1_22' title="bbox 323 2602 1358 2690; baseline 0.001 -22"><span class='ocrx_word' id='word_1_191' title='bbox 323 2608 461 2680; x_wconf 14' lang='lat' dir='ltr'>&#39;dentice</span> <span class='ocrx_word' id='word_1_192' title='bbox 491 2607 649 2679; x_wconf 82' lang='lat' dir='ltr'>Cauneas,</span> <span class='ocrx_word' id='word_1_193' title='bbox 674 2607 758 2690; x_wconf 78' lang='lat' dir='ltr'>quast</span> <span class='ocrx_word' id='word_1_194' title='bbox 774 2627 850 2670; x_wconf 83' lang='lat' dir='ltr'>cave</span> <span class='ocrx_word' id='word_1_195' title='bbox 865 2629 906 2670; x_wconf 89' lang='lat' dir='ltr'>ne</span> <span class='ocrx_word' id='word_1_196' title='bbox 922 2627 984 2677; x_wconf 84' lang='lat' dir='ltr'>eae.</span> <span class='ocrx_word' id='word_1_197' title='bbox 1007 2608 1049 2670; x_wconf 87' lang='lat' dir='ltr'>de</span> <span class='ocrx_word' id='word_1_198' title='bbox 1061 2627 1126 2688; x_wconf 91' lang='lat' dir='ltr'>quo</span> <span class='ocrx_word' id='word_1_199' title='bbox 1146 2606 1189 2671; x_wconf 82' lang='lat' dir='ltr'>cf.</span> <span class='ocrx_word' id='word_1_200' title='bbox 1206 2608 1313 2670; x_wconf 82' lang='lat' dir='ltr'>Cicero</span> <span class='ocrx_word' id='word_1_201' title='bbox 1325 2602 1358 2662; x_wconf 71' lang='lat' dir='ltr'>de</span> 
     </span>
     <span class='ocr_line' id='line_1_23' title="bbox 335 2705 1358 2791; baseline -0.005 -21"><span class='ocrx_word' id='word_1_202' title='bbox 335 2705 439 2770; x_wconf 84' lang='lat' dir='ltr'>divin.</span> <span class='ocrx_word' id='word_1_203' title='bbox 452 2725 483 2780; x_wconf 85' lang='lat' dir='ltr'>a,</span> <span class='ocrx_word' id='word_1_204' title='bbox 500 2721 561 2790; x_wconf 79' lang='lat'>40.</span> <span class='ocrx_word' id='word_1_205' title='bbox 587 2709 740 2786; x_wconf 86' lang='lat' dir='ltr'>Plin.15‚</span> <span class='ocrx_word' id='word_1_206' title='bbox 760 2707 851 2773; x_wconf 67' lang='lat' dir='ltr'>ans.</span> <span class='ocrx_word' id='word_1_207' title='bbox 868 2727 922 2789; x_wconf 86' lang='lat'>¹9·</span> <span class='ocrx_word' id='word_1_208' title='bbox 958 2709 1002 2772; x_wconf 82' lang='lat' dir='ltr'>li.</span> <span class='ocrx_word' id='word_1_209' title='bbox 1020 2708 1112 2791; x_wconf 82' lang='lat' dir='ltr'>Cepi,</span> <span class='ocrx_word' id='word_1_210' title='bbox 1136 2707 1358 2791; x_wconf 75' lang='lat' dir='ltr'>quodquidam</span> 
     </span>
     <span class='ocr_line' id='line_1_24' title="bbox 333 2809 966 2900; baseline -0.002 -27"><span class='ocrx_word' id='word_1_211' title='bbox 333 2828 456 2874; x_wconf 85' lang='lat' dir='ltr'>nomen</span> <span class='ocrx_word' id='word_1_212' title='bbox 466 2812 511 2873; x_wconf 80' lang='lat' dir='ltr'>¹in</span> <span class='ocrx_word' id='word_1_213' title='bbox 526 2809 632 2900; x_wconf 78' lang='lat' dir='ltr'>tabula</span> <span class='ocrx_word' id='word_1_214' title='bbox 646 2809 789 2895; x_wconf 82' lang='lat' dir='ltr'>adposuit</span> <span class='ocrx_word' id='word_1_215' title='bbox 806 2809 966 2875; x_wconf 86' lang='lat' dir='ltr'>Pococke.</span> 
     </span>
    </p>
   </div>
   <div class='ocr_carea' id='block_1_3' title="bbox 258 3009 1360 4118">
    <p class='ocr_par' dir='ltr' id='par_1_3' title="bbox 281 3009 1359 3100">
     <span class='ocr_line' id='line_1_25' title="bbox 281 3009 1359 3100; baseline -0.006 -24"><span class='ocrx_word' id='word_1_216' title='bbox 281 3011 284 3022; x_wconf 84' lang='grc'><strong>“</strong></span> <span class='ocrx_word' id='word_1_217' title='bbox 310 3093 312 3100; x_wconf 15' lang='grc' dir='ltr'><em>Α</em></span> <span class='ocrx_word' id='word_1_218' title='bbox 410 3011 685 3096; x_wconf 77' lang='lat' dir='ltr'>valetudine)</span> <span class='ocrx_word' id='word_1_219' title='bbox 735 3013 897 3077; x_wconf 77' lang='lat' dir='ltr'>Pestilenti</span> <span class='ocrx_word' id='word_1_220' title='bbox 912 3011 1077 3076; x_wconf 83' lang='lat' dir='ltr'>coeloeile</span> <span class='ocrx_word' id='word_1_221' title='bbox 1097 3013 1259 3076; x_wconf 85' lang='lat' dir='ltr'>dicuutur.</span> <span class='ocrx_word' id='word_1_222' title='bbox 1299 3009 1359 3072; x_wconf 84' lang='lat' dir='ltr'>llot</span> 
     </span>
    </p>

    <p class='ocr_par' dir='ltr' id='par_1_4' title="bbox 258 3111 1360 4118">
     <span class='ocr_line' id='line_1_26' title="bbox 336 3111 1360 3187; baseline -0.005 -10"><span class='ocrx_word' id='word_1_223' title='bbox 336 3134 410 3178; x_wconf 88' lang='lat' dir='ltr'>cum</span> <span class='ocrx_word' id='word_1_224' title='bbox 429 3117 565 3179; x_wconf 81' lang='lat' dir='ltr'>intuitae</span> <span class='ocrx_word' id='word_1_225' title='bbox 585 3114 660 3178; x_wconf 85' lang='lat' dir='ltr'>ellet</span> <span class='ocrx_word' id='word_1_226' title='bbox 679 3117 873 3178; x_wconf 74' lang='lat' dir='ltr'>Stratonicus</span> <span class='ocrx_word' id='word_1_227' title='bbox 893 3116 1112 3187; x_wconf 84' lang='lat' dir='ltr'>citharoedae,</span> <span class='ocrx_word' id='word_1_228' title='bbox 1138 3115 1240 3178; x_wconf 89' lang='lat' dir='ltr'>bomo</span> <span class='ocrx_word' id='word_1_229' title='bbox 1262 3111 1360 3176; x_wconf 70' lang='lat' dir='ltr'>selibur</span> 
     </span>
     <span class='ocr_line' id='line_1_27' title="bbox 336 3210 1360 3305; baseline -0.004 -27"><span class='ocrx_word' id='word_1_230' title='bbox 336 3217 468 3300; x_wconf 83' lang='lat' dir='ltr'>pleone,</span> <span class='ocrx_word' id='word_1_231' title='bbox 494 3219 586 3278; x_wconf 89' lang='lat' dir='ltr'>iilum</span> <span class='ocrx_word' id='word_1_232' title='bbox 607 3237 647 3279; x_wconf 89' lang='lat' dir='ltr'>ex</span> <span class='ocrx_word' id='word_1_233' title='bbox 668 3218 705 3280; x_wconf 95' lang='lat' dir='ltr'>ll.</span> <span class='ocrx_word' id='word_1_234' title='bbox 722 3219 755 3286; x_wconf 87' lang='lat'>6.</span> <span class='ocrx_word' id='word_1_235' title='bbox 778 3210 906 3305; x_wconf 60' lang='lat' dir='ltr'>[aab]</span> <span class='ocrx_word' id='word_1_236' title='bbox 930 3215 1120 3278; x_wconf 76' lang='lat' dir='ltr'>versiculum</span> <span class='ocrx_word' id='word_1_237' title='bbox 1145 3219 1178 3277; x_wconf 91' lang='lat' dir='ltr'>in</span> <span class='ocrx_word' id='word_1_238' title='bbox 1196 3237 1250 3280; x_wconf 83' lang='lat' dir='ltr'>eoo</span> <span class='ocrx_word' id='word_1_239' title='bbox 1267 3229 1360 3278; x_wconf 82' lang='lat' dir='ltr'>tecen-</span> 
     </span>
     <span class='ocr_line' id='line_1_28' title="bbox 337 3313 1359 3402; baseline -0.007 -24"><span class='ocrx_word' id='word_1_240' title='bbox 337 3317 418 3380; x_wconf 83' lang='lat' dir='ltr'>luitt</span> <span class='ocrx_word' id='word_1_241' title='bbox 449 3321 527 3381; x_wconf 85' lang='lat' dir='ltr'>Tale</span> <span class='ocrx_word' id='word_1_242' title='bbox 548 3319 681 3400; x_wconf 87' lang='lat' dir='ltr'>quidem</span> <span class='ocrx_word' id='word_1_243' title='bbox 704 3319 747 3380; x_wconf 81' lang='lat' dir='ltr'>est</span> <span class='ocrx_word' id='word_1_244' title='bbox 767 3337 868 3402; x_wconf 81' lang='lat' dir='ltr'>genua</span> <span class='ocrx_word' id='word_1_245' title='bbox 888 3319 1077 3390; x_wconf 88' lang='lat' dir='ltr'>hominum,</span> <span class='ocrx_word' id='word_1_246' title='bbox 1107 3319 1197 3400; x_wconf 91' lang='lat' dir='ltr'>quale</span> <span class='ocrx_word' id='word_1_247' title='bbox 1219 3317 1263 3380; x_wconf 82' lang='lat' dir='ltr'>eil</span> <span class='ocrx_word' id='word_1_248' title='bbox 1280 3313 1359 3377; x_wconf 81' lang='lat' dir='ltr'>folio·</span> 
     </span>
     <span class='ocr_line' id='line_1_29' title="bbox 258 3411 1359 3504; baseline -0.012 -20"><span class='ocrx_word' id='word_1_249' title='bbox 258 3411 261 3420; x_wconf 65' lang='grc'><em>’</em></span> <span class='ocrx_word' id='word_1_250' title='bbox 338 3439 430 3494; x_wconf 72' lang='lat' dir='ltr'>ruam</span> <span class='ocrx_word' id='word_1_251' title='bbox 463 3421 601 3483; x_wconf 86' lang='lat' dir='ltr'>livorem</span> <span class='ocrx_word' id='word_1_252' title='bbox 616 3420 783 3490; x_wconf 87' lang='lat' dir='ltr'>videlicet,</span> <span class='ocrx_word' id='word_1_253' title='bbox 805 3439 869 3502; x_wconf 86' lang='lat' dir='ltr'>quo</span> <span class='ocrx_word' id='word_1_254' title='bbox 887 3439 999 3482; x_wconf 80' lang='lat' dir='ltr'>omues</span> <span class='ocrx_word' id='word_1_255' title='bbox 1019 3419 1194 3500; x_wconf 79' lang='lat' dir='ltr'>pallebant.</span> <span class='ocrx_word' id='word_1_256' title='bbox 1217 3418 1359 3504; x_wconf 77' lang='lat' dir='ltr'>sugillant.</span> 
     </span>
     <span class='ocr_line' id='line_1_30' title="bbox 338 3511 1359 3598; baseline -0.001 -14"><span class='ocrx_word' id='word_1_257' title='bbox 338 3521 455 3584; x_wconf 88' lang='lat' dir='ltr'>Caunii</span> <span class='ocrx_word' id='word_1_258' title='bbox 479 3541 574 3593; x_wconf 84' lang='lat' dir='ltr'>veto,</span> <span class='ocrx_word' id='word_1_259' title='bbox 609 3541 683 3583; x_wconf 90' lang='lat' dir='ltr'>cum</span> <span class='ocrx_word' id='word_1_260' title='bbox 714 3521 882 3583; x_wconf 85' lang='lat' dir='ltr'>hominem</span> <span class='ocrx_word' id='word_1_261' title='bbox 917 3515 1107 3584; x_wconf 81' lang='lat' dir='ltr'>incessiffent</span> <span class='ocrx_word' id='word_1_262' title='bbox 1134 3523 1251 3590; x_wconf 80' lang='lat' dir='ltr'>actiae,</span> <span class='ocrx_word' id='word_1_263' title='bbox 1284 3511 1359 3598; x_wconf 85' lang='lat' dir='ltr'>qnod</span> 
     </span>
     <span class='ocr_line' id='line_1_31' title="bbox 338 3617 1360 3706; baseline -0.008 -24"><span class='ocrx_word' id='word_1_264' title='bbox 338 3621 452 3684; x_wconf 87' lang='lat' dir='ltr'>urbem</span> <span class='ocrx_word' id='word_1_265' title='bbox 474 3636 510 3684; x_wconf 89' lang='lat' dir='ltr'>ut</span> <span class='ocrx_word' id='word_1_266' title='bbox 535 3620 715 3686; x_wconf 87' lang='lat' dir='ltr'>morbidam</span> <span class='ocrx_word' id='word_1_267' title='bbox 742 3637 902 3704; x_wconf 86' lang='lat' dir='ltr'>carperet;</span> <span class='ocrx_word' id='word_1_268' title='bbox 942 3641 1015 3706; x_wconf 83' lang='lat' dir='ltr'>ego.</span> <span class='ocrx_word' id='word_1_269' title='bbox 1048 3623 1162 3704; x_wconf 87' lang='lat' dir='ltr'>inquit,</span> <span class='ocrx_word' id='word_1_270' title='bbox 1195 3617 1360 3684; x_wconf 85' lang='lat' dir='ltr'>morbidam</span> 
     </span>
     <span class='ocr_line' id='line_1_32' title="bbox 339 3715 1359 3794; baseline -0.006 -10"><span class='ocrx_word' id='word_1_271' title='bbox 339 3721 445 3786; x_wconf 84' lang='lat' dir='ltr'>dicere</span> <span class='ocrx_word' id='word_1_272' title='bbox 476 3725 592 3794; x_wconf 86' lang='lat' dir='ltr'>auiim,</span> <span class='ocrx_word' id='word_1_273' title='bbox 633 3723 690 3786; x_wconf 90' lang='lat' dir='ltr'>ubi</span> <span class='ocrx_word' id='word_1_274' title='bbox 720 3726 841 3785; x_wconf 88' lang='lat' dir='ltr'>mortui</span> <span class='ocrx_word' id='word_1_275' title='bbox 873 3721 1053 3794; x_wconf 82' lang='lat' dir='ltr'>ambulant,</span> <span class='ocrx_word' id='word_1_276' title='bbox 1094 3723 1245 3785; x_wconf 85' lang='lat' dir='ltr'>urbaniue</span> <span class='ocrx_word' id='word_1_277' title='bbox 1269 3715 1359 3781; x_wconf 80' lang='lat' dir='ltr'>mullo</span> 
     </span>
     <span class='ocr_line' id='line_1_33' title="bbox 339 3821 1358 3912; baseline -0.004 -26"><span class='ocrx_word' id='word_1_278' title='bbox 339 3825 523 3907; x_wconf 87' lang='lat' dir='ltr'>acriueqne,</span> <span class='ocrx_word' id='word_1_279' title='bbox 554 3845 649 3907; x_wconf 88' lang='lat' dir='ltr'>quam</span> <span class='ocrx_word' id='word_1_280' title='bbox 676 3827 781 3908; x_wconf 81' lang='lat' dir='ltr'>priua,</span> <span class='ocrx_word' id='word_1_281' title='bbox 815 3825 964 3888; x_wconf 82' lang='lat' dir='ltr'>illudent.</span> <span class='ocrx_word' id='word_1_282' title='bbox 993 3821 1125 3912; x_wconf 88' lang='lat' dir='ltr'>[Strabo</span> <span class='ocrx_word' id='word_1_283' title='bbox 1154 3836 1207 3903; x_wconf 61' lang='grc' dir='ltr'>ιι.</span> <span class='ocrx_word' id='word_1_284' title='bbox 1234 3843 1265 3906; x_wconf 86' lang='lat' dir='ltr'>p.</span> <span class='ocrx_word' id='word_1_285' title='bbox 1285 3827 1358 3899; x_wconf 75' lang='grc'>448·</span> 
     </span>
     <span class='ocr_line' id='line_1_34' title="bbox 341 3921 1357 4020; baseline -0.002 -34"><span class='ocrx_word' id='word_1_286' title='bbox 341 3921 488 4014; x_wconf 65' lang='lat' dir='ltr'>lofin]</span> <span class='ocrx_word' id='word_1_287' title='bbox 523 3946 705 3990; x_wconf 68' lang='lat' dir='ltr'>ventanae.</span> <span class='ocrx_word' id='word_1_288' title='bbox 763 3923 892 4020; x_wconf 82' lang='lat' dir='ltr'>Liettost</span> <span class='ocrx_word' id='word_1_289' title='bbox 923 3945 1047 3992; x_wconf 71' lang='lat' dir='ltr'>umnec.</span> <span class='ocrx_word' id='word_1_290' title='bbox 1087 3923 1357 3992; x_wconf 73' lang='lat' dir='ltr'>Pituntium·</span> 
     </span>
     <span class='ocr_line' id='line_1_35' title="bbox 341 4023 861 4118; baseline 0.008 -29"><span class='ocrx_word' id='word_1_291' title='bbox 341 4045 408 4112; x_wconf 84' lang='lat' dir='ltr'>cap.</span> <span class='ocrx_word' id='word_1_292' title='bbox 427 4039 487 4108; x_wconf 79' lang='lat'>37.</span> <span class='ocrx_word' id='word_1_293' title='bbox 512 4023 553 4118; x_wconf 89' lang='lat' dir='ltr'>[l.</span> <span class='ocrx_word' id='word_1_294' title='bbox 572 4023 656 4118; x_wconf 79' lang='lat'><strong>47.]</strong></span> <span class='ocrx_word' id='word_1_295' title='bbox 686 4045 861 4094; x_wconf 73' lang='lat' dir='ltr'>ecao&#39;t&#39;rve.</span> 
     </span>
    </p>
   </div>
   <div class='ocr_carea' id='block_1_4' title="bbox 0 0 1436 4946">
    <p class='ocr_par' dir='ltr' id='par_1_5' title="bbox 0 0 1436 4946">
     <span class='ocr_line' id='line_1_36' title="bbox 0 0 1436 4946; baseline 0 0"><span class='ocrx_word' id='word_1_296' title='bbox 0 0 1436 4946; x_wconf 95' lang='lat' dir='ltr'> </span> 
     </span>
    </p>
   </div>
  </div>
 </body>
</html>
