2796 4956
161 390 214 448 m
242 389 383 448 POMP.
416 387 523 444 MEL.
564 387 643 444 t.1.
685 386 807 448 ovtt.
849 385 928 457 §.z
1013 395 1072 454 27⁸

26 563 80 629 ste
97 561 150 623 [ιιι
167 574 270 624 aetate
287 561 444 644 oppidum
461 575 693 629 commemorat
709 560 823 623 Livius
837 575 893 642 32,
912 577 945 634 7,
962 575 994 642 3.
1016 559 1074 622 ubi

28 680 104 726 ante
122 663 293 726 castrorum
323 661 426 724 fuerat
449 665 639 746 portorium.
693 666 843 726 Varronis
866 664 958 726 calita
988 664 1075 747 apud

29 764 158 829 saletos
180 779 311 826 auctore
333 749 462 827 Caesare
483 767 516 826 in
537 765 649 827 urbem
670 766 868 829 tranlierunt.
903 765 1015 829 Strabo
1038 773 1074 844 4.

29 889 61 948 p.
82 878 163 944 149.
184 865 206 928 i.
220 868 305 930 906.
341 863 392 928 Cf.
411 865 584 928 Calaubou.
602 867 640 928 ad
656 868 803 929 Suetonii
820 867 899 950 Aug.
916 887 943 930 c.
964 878 1018 944 18.
1042 877 1076 927 et

30 969 223 1030 Hoffmann.
240 967 279 1028 ad
297 965 429 1030 Oracula
445 967 558 1048 Sibyll.
579 989 611 1050 p.
628 969 687 1032 oo.
719 969 762 1030 Et
778 969 817 1030 bc
833 969 901 1030 alia.
944 969 1076 1030 Factum

29 1069 94 1129 boc
111 1083 223 1129 autern
246 1068 291 1130 est
310 1070 447 1130 maxime
469 1071 597 1151 prolatio
620 1071 746 1151 imperii
768 1070 886 1132 finibus
908 1082 996 1130 metu
1020 1067 1077 1131 ho·

29 1171 121 1232 stium
142 1171 359 1240 irruentium,
386 1171 486 1230 veluti
508 1173 541 1232 in
566 1171 726 1241 Danubii,
753 1171 876 1240 Rheni,
907 1171 1077 1254 Euphratis

30 1273 116 1353 ripis.
166 1273 242 1334 Vid.
278 1270 478 1334 Poeicbelius
506 1273 545 1334 ad
573 1271 687 1352 Polyb.
719 1275 758 1334 de
791 1274 905 1334 militia
934 1274 1078 1334 llomana

30 1394 62 1454 p.
89 1383 171 1452 174.
200 1375 291 1435 Hinc
307 1388 339 1434 et
354 1365 500 1461 Kicrpo,
521 1367 661 1462 udorpm
678 1393 693 1433 a
713 1375 936 1456 posterioribus
952 1374 1079 1436 Graecia

29 1492 95 1535 non
112 1493 186 1534 raro
204 1489 437 1546 memorantur,
459 1473 550 1555 burgi
564 1476 678 1538 nolitis
692 1473 903 1557 scriptoribus.
937 1473 1079 1536 Plurima

32 1577 197 1638 eiusmodi
224 1575 317 1636 castra
342 1575 504 1638 recensent
530 1577 689 1646 ortelius,
728 1566 1021 1658 Ferrarius'aliique
1044 1580 1079 1638 in

33 1679 168 1746 Leucis,
194 1677 299 1738 multa
315 1679 348 1737 in
363 1678 523 1740 itinerario
538 1679 898 1760 producitdntoninua3
925 1681 965 1741 de
979 1679 1081 1742 castris

30 1779 191 1848 Varianis,
230 1777 402 1840 Marcianis
424 1780 491 1842 vid.
514 1781 626 1842 Lazius
651 1781 685 1840 in
712 1781 848 1862 reipubl.
874 1783 971 1842 lium.
996 1800 1082 1842 corn-

32 1881 198 1941 mentatiie
217 1879 276 1943 lib.
296 1898 353 1945 12.
370 1899 437 1962 cap.
454 1895 488 1958 5.
504 1893 537 1942 et
551 1899 584 1965 4.
619 1881 698 1944 Eius
715 1894 821 1944 tamen
839 1884 938 1944 morie
954 1881 1082 1966 vestigia

32 1982 143 2041 iamin
162 1981 339 2044 Herodoto
359 1997 391 2052 9,
413 1996 492 2062 ι54.
510 1984 556 2045 in.
580 1983 748 2064 adparent,
776 1984 831 2064 qui
855 1996 959 2044 narrat
978 1981 1084 2044 Psam-

33 2082 234 2150 meticbnm,
261 2084 399 2168 Aegypti
421 2104 530 2168 regem
552 2084 684 2146 Ionibus
699 2099 733 2147 et
748 2083 898 2154 Caribus,
925 2104 942 2145 a
964 2083 1083 2165 quibua

35 2184 160 2245 adiutus
176 2181 305 2256 iuerat,
332 2203 424 2269 agros
440 2183 607 2270 adfignaffe
625 2201 659 2248 et
677 2179 889 2276 στρατόπεδα
909 2183 1083 2268 adpellaffe.

108 2385 299 2468 Laelia)
351 2387 399 2449 lta
422 2407 538 2470 nempe
558 2388 744 2472 proDelb'a
764 2385 905 2470 reposui,
938 2407 1012 2449 cum
1028 2388 1085 2448 vix

41 2487 194 2550 credibile
214 2487 266 2559 bt,
290 2487 329 2548 ab
350 2488 482 2550 bomine
500 2487 648 2559 obscuro,
677 2491 717 2551 de
733 2491 824 2552 cuiue
840 2491 972 2570 quidem
988 2502 1084 2572 gente

40 2587 185 2670 exposuit
197 2589 375 2650 Lambinus
391 2591 428 2648 ad
441 2591 550 2652 Horat.
570 2605 601 2651 9.
617 2591 668 2652 od.
689 2603 721 2669 5.
743 2609 864 2652 nomen
883 2593 954 2650 loco
974 2591 1085 2650 datum

40 2687 139 2752 inille.
180 2691 226 2750 At
244 2687 392 2772 frequens
408 2689 451 2752 est
465 2691 503 2754 C.
517 2691 617 2754 Laelii
633 2693 666 2752 io
684 2692 775 2754 bellio
791 2689 942 2752 Africanis
961 2691 1085 2752 mentio

41 2792 122 2872 apud
144 2790 336 2870 Polybium,
361 2792 502 2864 Livium,
528 2792 616 2856 alios.
659 2793 733 2856 Fuit
754 2793 781 2854 ie
796 2811 905 2854 comet
920 2805 952 2853 et
967 2792 1087 2852 amicus

40 2893 215 2976 Scipionis.

121 3093 354 3176 Cornelia)
390 3094 487 3158 Nulla
503 3096 543 3159 de
557 3096 606 3158 his
623 3097 791 3168 dubitatio,
815 3097 916 3156 immo
933 3093 1087 3156 memoria

44 3198 189 3260 maxime
216 3197 358 3262 celebria.
411 3198 612 3278 Ptolemaeus
629 3208 664 3277 4.
687 3213 720 3278 5.
748 3210 839 3260 vocat
863 3190 1086 3283 παρεμβολὴν,

45 3299 184 3380 Appian.
207 3297 247 3358 de
270 3300 308 3364 B.
326 3297 401 3364 Civ.
425 3315 457 3369 9,
481 3309 542 3378 44.
556 3321 601 3362 m.
625 3289 782 3387 Xipnnn,
813 3297 918 3389 costra
941 3296 1090 3358 Cornelia

47 3399 132 3464 Plin.
150 3411 184 3477 5,
204 3413 238 3478 3.
256 3397 278 3463 i.
294 3411 330 3480 4.
368 3400 558 3463 Corneliana
572 3400 681 3464 Caesar
697 3403 738 3478 de
752 3401 789 3462 B.
807 3393 903 3462 civit.
921 3415 952 3466 2.
970 3407 1028 3474 94.
1043 3399 1089 3459 ἰη.

50 3515 81 3563 et
102 3513 166 3578 95.
214 3501 360 3564 Cornelia
383 3515 490 3568 tamen
515 3505 581 3566 duo
605 3505 729 3568 codices
758 3501 910 3564 exhibent
930 3501 962 3559 in
990 3497 1091 3578 priori

50 3603 137 3674 loco,
163 3601 274 3684 plures
288 3624 356 3688 cap.
373 3618 432 3684 37.
463 3605 549 3684 quod
570 3605 683 3688 probat
698 3603 909 3682 Oudendorp.
922 3599 960 3660 ad
979 3615 1011 3669 9,
1030 3606 1088 3678 94.

51 3723 149 3785 quem
164 3705 261 3765 etiam
279 3703 407 3766 consule
422 3706 460 3768 ad
476 3706 595 3768 Lucan.
612 3718 646 3785 4,
664 3708 747 3782 656.
785 3706 878 3766 Dicta
893 3715 1002 3762 autem
1020 3698 1090 3760 lunt

53 3805 248 3868 tCornelio
266 3807 432 3886 Scipione,
462 3808 518 3888 qui
543 3808 633 3870 callra
658 3806 789 3870 hiberna
811 3807 844 3864 in
868 3801 1091 3885 promontorio

54 3903 173 3988 (prope
196 3904 344 3990 Uticam)
374 3911 566 3970 communiit
589 3927 718 3990 unoque
740 3907 823 3968 vallo
852 3906 954 3972 etiam¹
970 3902 1091 3979 nayalia

55 4007 145 4070 eastra
160 4007 331 4089 amplexus
348 4007 407 4078 est,
428 4021 464 4068 ut
475 4006 572 4072 refert
587 4011 699 4071 Liviua
715 4027 771 4086 99,
791 4019 848 4086 35.
864 4003 886 4069 f.
927 3993 1091 4066 Sic'lnliue

56 4106 164 4174 Caesar
185 4108 228 4172 de
249 4107 290 4175 B.
306 4109 382 4175 Cir.
404 4124 438 4184 9,
462 4121 523 4194 94.
549 4111 629 4174 dicit
650 4113 756 4194 iugum
778 4099 932 4172 directum
953 4104 1093 4166 eminens
