2892 4950
218 401 272 460 ru
298 400 435 458 nour.
468 398 574 458 urrr.
615 400 698 456 ω.
739 401 872 460 cruc
914 403 995 476 e..
1066 420 1129 491 647

81 575 107 640 l.
128 571 234 658 541.)
260 573 467 637 audentiam
490 573 674 655 Xenophon
702 575 742 638 de
767 576 881 657 exped.
905 577 981 656 Cyri
1003 577 1125 664 psffim,

81 691 122 740 ut
139 693 173 754 7,
190 693 224 748 9.
248 694 302 742 ι9.
329 677 467 751 Thynos
493 677 528 738 in
555 675 705 744 Thracia.
743 689 776 737 et
802 679 968 742 Thraciam
995 687 1029 744 in
1058 689 1125 752 Atia

83 781 142 858 (6.
159 789 194 858 lp.
212 779 281 856 in.)
301 791 542 840 commemorat.
573 775 624 841 Cf.
642 777 797 840 lierodot.
819 792 850 856 3,
865 799 924 860 9⁰·
958 783 1032 846 Post
1051 789 1125 850 tulit

82 880 171 950 uiue.
205 895 252 950 ut,
287 881 358 962 quia
385 878 537 958 Bithynia
557 880 597 942 de
623 891 688 940 tota
714 878 772 940 hac
797 882 928 964 regione
954 887 1123 964 diceretur,

82 982 200 1062 Thyni
223 985 321 1044 etiam
348 981 501 1058 Bithynis
523 983 771 1042 continerentur.
830 985 932 1066 Igitur
955 987 1123 1056 Claudian.

80 1087 122 1146 in
146 1084 283 1168 Butrop.
306 1100 340 1152 9.
366 1083 450 1161 946.
484 1081 587 1163 Thyrrr'
623 1082 760 1142 Thraces
788 1097 901 1154 crant,
934 1109 1015 1170 quos
1039 1113 1124 1154 rome

83 1185 246 1267 Bithynia
258 1175 380 1274 fertur.
415 1181 592 1248 l’romiscui
607 1181 680 1246 ulus
696 1185 840 1264 exempla
856 1186 889 1244 in
907 1195 1009 1268 poetis
1028 1197 1124 1254 maxi.

83 1307 141 1349 me
160 1285 230 1346 lunt
247 1287 354 1348 obvie.
389 1282 440 1348 ef.
457 1285 567 1348 Horat.
587 1305 617 1347 r.
633 1285 686 1348 od.
705 1297 762 1363 35.
785 1299 817 1360 7.
841 1299 873 1346 et
895 1289 1121 1362 Misicherlich.

84 1389 126 1450 ad
146 1401 178 1466 5,
197 1403 230 1463 7.
247 1401 280 1467 3.
331 1386 479 1466 Thynias
501 1399 608 1448 tamen
628 1387 815 1448 memoriam
836 1385 970 1452 servarit
986 1398 1125 1460 Amoris-

84 1509 149 1550 nus
171 1509 199 1552 c.
221 1490 242 1552 l.
276 1507 370 1570 quam
401 1487 570 1565 Bithyniae
600 1503 721 1569 partem
755 1485 838 1548 tacit.
901 1492 1020 1557 Contra
1048 1497 1124 1564 hinc

85 1591 250 1672 duplicem
278 1589 463 1667 Bithyniam
486 1584 520 1650 io
550 1588 618 1650 loa
636 1603 669 1650 et
696 1588 729 1648 in
752 1589 879 1671 Europa
902 1595 980 1656 circa
1005 1598 1125 1680 Salmy-

86 1691 210 1752 deffum
232 1693 382 1774 producit
404 1690 511 1753 Schol.
530 1689 693 1772 Apollonii
710 1691 747 1749 ad
767 1706 798 1762 2,
821 1707 900 1766 177.
952 1699 1039 1761 Olim
1063 1700 1125 1764 suit

86 1793 178 1876 regio
197 1790 308 1854 fertilis
330 1807 362 1852 et
381 1791 549 1874 opulenta,
576 1793 662 1852 unde
682 1793 832 1872 Apollon.
853 1793 959 1886 Rhod.
981 1815 1012 1869 2.
1038 1817 1122 1883 723,

85 1889 238 1980 ἐριθηλέα
260 1893 358 1978 γαῖαν
375 1906 469 1976 vocat
485 1905 517 1954 st
535 1891 664 1968 Dionys.
683 1911 715 1955 v.
732 1906 817 1972 793.
837 1891 975 1984 λιπαρὴν
998 1900 1123 1986 χθόνα.

85 1995 184 2058 Plora
206 1997 342 2056 omnino
365 1995 504 2078 conlegit
522 1993 674 2056 Sruckius
695 1994 729 2053 in
750 1995 871 2056 Arriani
888 2003 1002 2084 peripl.
1024 2004 1125 2068 Ponti

85 2117 121 2182 p.
141 2103 220 2170 117
226 2093 289 2178 qu.
324 2097 366 2158 Η.
383 2096 427 2158 ert
441 2115 512 2180 pars
524 2095 664 2158 Anadolr'
679 2097 872 2177 provinciae.

166 2297 444 2381 Mariandyni
450 2297 470 2380 )
518 2298 574 2361 Gr.
602 2291 834 2381 Μαριανδυνοί.
885 2299 1125 2386 Descripturus

85 2399 321 2463 variationibus
341 2402 408 2464 vid.
433 2413 502 2462 not.
518 2401 587 2464 crit.
607 2419 640 2480 p.
657 2411 742 2478 559.
774 2400 891 2464 Poetae
916 2408 1125 2484 penultimam

84 2501 292 2586 producunt,
325 2515 361 2562 ut
392 2502 542 2584 Apollon.
575 2499 682 2563 lihod.
704 2515 738 2570 9.
762 2513 846 2580 795.
891 2505 990 2570 Valer.
1021 2509 1122 2576 flacc.

85 2605 366 2687 Argon.4‚171.
409 2601 679 2684 Mariandyuium
712 2600 851 2683 ipsorum
876 2607 1040 2690 regionem
1069 2633 1127 2676 ro·

85 2707 175 2766 cavit
205 2705 337 2788 Eupolis
366 2705 439 2766 teste
468 2704 648 2785 Stephano.
686 2703 934 2768 Marirrrrdsuam
966 2710 1125 2778 Ammian.

87 2822 151 2876 99,
171 2819 204 2883 8.
231 2809 286 2889 qui
303 2807 473 2884 Bithyniae
492 2819 612 2886 partem
629 2805 716 2866 dicit.
752 2803 802 2868 Gi.
822 2804 921 2888 supra.
973 2812 1023 2872 De
1039 2815 1127 2878 caula

86 2907 235 2972 nominis
271 2907 311 2971 ci.
348 2908 544 2988 Stephanus,
586 2904 728 2966 Eullath.
755 2907 794 2966 ad
822 2906 954 2986 Dionys.
980 2931 1013 2973 v.
1040 2928 1123 2992 733.

88 3009 201 3072 Schol.
219 3009 380 3092 Apollonii
401 3011 438 3070 ad
456 3025 489 3078 9.
512 3021 591 3088 ι4ο.
609 3017 691 3082 795.
709 3016 793 3083 785.
830 3009 880 3068 Ex
901 3009 1034 3072 Thracia
1058 3036 1126 3078 eos·

87 3111 165 3172 dem
190 3105 311 3173 arcessit
330 3110 441 3172 Strabo
461 3127 494 3185 7.
516 3131 547 3190 p.
567 3121 648 3192 204.
667 3105 687 3170 l.
706 3118 790 3186 995.
841 3109 964 3171 Eorum
986 3113 1064 3176 fines
1086 3119 1126 3178 ad

87 3211 276 3274 Heracleam
293 3213 397 3274 statuit
412 3211 523 3273 Noller
537 3215 565 3289 §.
578 3225 611 3282 7.
637 3229 712 3272 curn
729 3227 792 3288 quo
807 3207 1009 3274 consentiunt
1022 3215 1127 3280 Xeno·

87 3313 180 3396 phou
204 3314 243 3373 de
265 3315 379 3395 expeti.
403 3311 478 3391 Cyri
501 3315 533 3383 6,
553 3328 587 3374 9.
604 3313 649 3374 in.
678 3322 711 3371 et
735 3309 844 3388 Scylax
866 3331 934 3396 pag.
954 3323 1010 3392 54.
1027 3317 1126 3385 Huds,

86 3414 278 3491 Bithyniam
301 3415 413 3478 Strabo
431 3430 486 3477 ro.
509 3435 541 3497 p.
562 3425 645 3491 337.
669 3409 790 3487 iss563.
818 3408 936 3492 profert
957 3415 996 3475 od
1013 3417 1127 3503 Sanga.

88 3515 176 3576 rium
191 3515 324 3586 flumen.
348 3533 441 3597 aquo
459 3515 583 3576 Plinius
600 3516 633 3585 6,
653 3533 682 3574 ι.
706 3512 931 3588 Mariandynus
950 3514 1032 3578 smus
1050 3521 1128 3582 inci.

90 3635 168 3698 pere
185 3617 265 3678 dicit
286 3615 435 3698 lequente
452 3616 612 3678 Heraclea.
665 3614 755 3695 Quae
772 3633 810 3674 ex
828 3615 993 3678 Herodoto
1009 3629 1044 3697 4,
1067 3635 1125 3700 58.

90 3718 133 3778 ds
165 3719 223 3780 illo
251 3716 318 3778 lmu
344 3719 383 3778 ad
409 3717 593 3780 Phoenicen
624 3717 726 3796 posito
753 3715 965 3786 obiiciantur,
1003 3723 1128 3784 meliori

90 3817 232 3880 lectione
246 3820 457 3900 expedierunt
478 3819 564 3881 docti
584 3819 662 3886 viri,
689 3815 743 3898 qui
758 3804 882 3876 conluii
901 3817 1027 3898 poliunt
1043 3843 1129 3905 pras.

90 3933 141 3981 ter
168 3917 311 3981 HoIllen.
330 3920 368 3982 ad
384 3920 537 4003 stephan.
560 3939 631 4002 pag.
649 3931 733 3996 214.
754 3915 896 3978 Boeotos
916 3919 993 3980 olim
1015 3941 1127 3988 eorum

89 4025 261 4106 regionem
285 4019 415 4084 tenuilie
433 4043 472 4084 err
494 4019 703 4102 Euphorione
724 4030 815 4078 notat
835 4017 941 4082 Schol.
965 4023 1129 4102 Apollonii

90 4125 131 4186 ad
151 4139 186 4194 9.
203 4133 288 4203 559.
316 4123 412 4188 Fines
429 4143 541 4189 eorum
560 4123 694 4188 subinde
710 4119 835 4190 mutati,
855 4119 909 4182 trel
927 4127 1012 4186 varie
1028 4134 1131 4191 notati

668 4227 751 4290 olm
777 4233 800 4282 Β
