2764 4958
375 459 435 531 ¹74
642 453 804 512 noran
843 457 1147 514 exacurrcta

370 629 467 692 etiam
486 626 694 712 Wesselingio
716 627 754 690 ad
772 628 891 691 Amon.
908 649 934 692 c.
952 629 973 691 1.
1001 631 1055 693 etsi
1077 651 1116 692 ex
1138 632 1291 692 maritimo
1310 649 1353 692 cm

259 811 264 822 ι
369 744 523 812 rectoque
548 731 731 812 Appianum
751 732 833 792 tueri
856 730 958 792 studet
981 731 1297 817 Schweighaeusema.
1333 731 1353 794 1¹

368 833 523 895 uiuaci.
544 833 659 892 civium
675 833 771 895 Rour.
793 831 905 894 urbem
930 833 1024 904 dicit,
1059 853 1161 915 enque
1184 836 1312 918 adtingit
1332 835 1353 894 rs

369 935 449 1020 gusti
478 934 671 994 beneficium
694 933 769 995 dato
794 934 934 995 civitatis
955 935 1022 1004 iure
1044 955 1095 998 au.
1116 937 1155 998 U.
1182 937 1221 1000 C.
1243 947 1319 1011 718.
1346 953 1353 1016 t

367 1050 460 1097 notat
479 1036 542 1095 nio
559 1031 678 1096 Cassius
692 1046 752 1114 49.
776 1036 829 1098 16.
869 1035 955 1096 Hinc
974 1037 1179 1116 municipium
1195 1037 1306 1097 Iulium
1325 1029 1353 1095 Li

368 1129 456 1227 oense
476 1137 509 1196 in
532 1139 657 1205 numia,
681 1137 721 1198 de
739 1137 856 1218 quibua
871 1135 990 1198 hasche
1013 1141 1046 1197 in
1063 1135 1138 1200 Lex.
1154 1157 1243 1199 num.
1260 1138 1290 1198 h.
1307 1157 1335 1196 v.
1352 1143 1353 1180 ῑ

366 1238 506 1302 Eckhet.
529 1239 563 1298 iu
588 1238 730 1300 doctrina
752 1259 843 1300 num.
862 1238 898 1300 P.
919 1260 948 1299 r.
968 1238 1038 1300 Vol.
1057 1249 1092 1318 4.
1109 1259 1140 1320 p.
1163 1247 1243 1321 147.
1292 1235 1336 1298 Cs.

369 1339 490 1402 Gellius
509 1340 567 1407 16.
588 1353 641 1419 15.
664 1355 698 1400 et
721 1339 881 1402 Fabricius
900 1341 937 1400 ad
964 1341 1062 1402 Dion.
1085 1359 1117 1420 p.
1142 1352 1228 1418 581.
1277 1340 1353 1400 Dein

366 1444 493 1503 transiit
512 1443 545 1500 in
562 1443 611 1503 iun
627 1441 832 1510 coloniarum,
859 1453 892 1502 et
906 1441 983 1501 hinc
1003 1441 1130 1502 colonia
1146 1455 1275 1504 vocatur
1288 1443 1318 1500 in
1332 1453 1353 1500 u

365 1541 550 1626 Peutinger.
569 1543 623 1604 tv.
647 1541 865 1604 consentiente
882 1538 987 1602 Gellio
1008 1563 1035 1604 c.
1053 1541 1073 1604 l.
1100 1541 1155 1602 ubi
1177 1547 1218 1606 de
1234 1543 1285 1604 tasi
1300 1547 1353 1602 mut

365 1646 456 1705 tione
474 1645 662 1726 disputatur.
692 1643 811 1706 Urbem
825 1635 1016 1705 maritimam
1033 1641 1152 1705 saciunt
1167 1663 1289 1722 omues,
1307 1647 1353 1703 md

283 1797 285 1805 .
365 1761 496 1828 portum
521 1747 617 1806 etiam
644 1759 839 1816 memorant,
870 1759 906 1804 ut
930 1747 1044 1824 Scylax
1065 1765 1091 1806 c.
1116 1747 1138 1808 Ι.
1192 1746 1279 1808 Olim
1303 1751 1353 1827 prd

365 1848 538 1932 Bagradam
562 1846 682 1914 iacebat
704 1849 741 1908 ad
760 1845 1036 1930 septemtrionem,
1062 1867 1149 1907 nunc
1165 1861 1288 1908 mutato
1308 1846 1353 1906 ain

366 1951 403 2010 ad
428 1951 605 2016 meridiem,
630 1950 716 2029 quod
737 1951 869 2030 quidem
886 1969 925 2010 ex
948 1949 1148 2029 praecedenti
1164 1962 1241 2010 nota
1255 1947 1353 2034 intasiip

368 2067 428 2112 tur.
471 2051 539 2112 Nec
559 2053 693 2132 amplius
711 2051 807 2112 bodie
824 2052 903 2112 mari
923 2051 1059 2120 adiacet,
1084 2069 1144 2110 nec
1157 2047 1216 2112 asia
1234 2047 1353 2134 signatis

364 2155 486 2235 antiqui
506 2155 673 2234 adparent,
705 2173 739 2215 v.
764 2171 792 2216 c.
821 2151 964 2213 tumulus
991 2151 1073 2234 apud
1099 2151 1172 2213 Liv.
1203 2169 1259 2232 29,
1284 2162 1334 2230 35.

364 2256 445 2318 Inde
462 2255 588 2316 conficit
608 2255 703 2316 Shaw
723 2255 764 2317 T.
787 2273 816 2317 t.
832 2275 865 2336 p.
886 2264 966 2332 189.
987 2265 1103 2315 terram
1123 2256 1220 2315 marie
1236 2239 1353 2314 accessisti

364 2357 507 2438 limoque
526 2356 682 2439 Bagradae
703 2369 846 2425 auctam,
880 2375 977 2436 quem
999 2358 1094 2416 otiam
1118 2353 1259 2416 fluvium
1278 2365 1353 2432 muta

364 2457 454 2519 cursu
476 2457 574 2518 fluere
593 2470 693 2538 putat.
734 2458 875 2541 Quidam
893 2459 925 2517 h.
939 2475 1026 2517 nunc
1045 2457 1150 2517 vocari
1168 2457 1283 2517 volunt
1299 2456 1353 2514 Por

363 2561 483 2620 Farina
500 2559 551 2618 vei
569 2559 708 2622 Bizerta.
734 2557 793 2636 (cs.
816 2558 957 2620 Ortelius
975 2557 1007 2618 b.
1023 2559 1077 2634 v.)
1117 2557 1217 2620 Shaw
1240 2559 1353 2618 tanuen*

362 2661 473 2744 primis
488 2673 616 2741 propter
632 2659 807 2720 distantiam
824 2680 840 2720 a
855 2659 1046 2742 Carthagine
1060 2659 1176 2721 rectiua
1191 2657 1353 2740 quaerendi

364 2761 469 2824 sedern
490 2766 559 2822 eiua
576 2775 704 2834 monet,
731 2763 786 2822 ubi
808 2762 948 2822 cernitur
969 2760 1218 2840 Bag-Sbatter,
1246 2773 1281 2820 ut
1296 2757 1353 2840 posis

362 2864 474 2926 Poiret
495 2882 619 2948 voyage
640 2863 676 2926 P.
698 2884 726 2927 t.
752 2885 784 2946 p.
807 2879 885 2937 127.
939 2862 1059 2945 Quodsi
1083 2862 1142 2934 est,
1178 2877 1199 2936 7
1225 2860 1353 2923 miliarib

362 2967 456 3050 Angb
474 2967 583 3025 amari
601 2961 733 3028 recessit.
768 2963 869 3026 Bruce
891 2966 923 3024 in
946 2964 1120 3026 introduct.
1140 2963 1181 3023 ad
1203 2963 1262 3024 iter
1280 2962 1353 3022 Vola

361 3085 393 3150 p.
411 3088 455 3128 m.
476 3084 532 3126 un.
554 3067 600 3126 nil
617 3067 676 3136 ibi,
701 3066 758 3126 nisi
780 3067 961 3150 congeriem
977 3066 1119 3147 lapidum
1134 3077 1169 3126 et
1187 3085 1319 3150 aggeres,
1338 3069 1353 3121 u

360 3169 566 3254 pugnationia
583 3167 685 3253 signa,
708 3169 839 3250 reperiri
860 3169 1013 3229 adfirmat.

439 3369 679 3452 Carthago)
729 3373 779 3433 De
796 3370 869 3440 hac.
892 3384 929 3430 ut
945 3391 1018 3431 cum
1035 3369 1181 3433 Sallustio
1200 3373 1269 3455 lug.
1289 3387 1313 3430 c.
1336 3385 1353 3444 r}

362 3473 486 3553 loquar,
520 3474 634 3536 melius
657 3471 701 3534 est
725 3473 827 3543 silere,
862 3493 957 3553 qnam
989 3493 1099 3555 pamm
1127 3473 1244 3534 dicere.
1294 3469 1353 3530 Tati

362 3577 449 3634 enim
468 3573 606 3655 subpetit
620 3575 726 3656 copia,
752 3594 792 3636 ex
813 3593 871 3656 qua
896 3573 1002 3632 saitem
1023 3570 1124 3652 aliqua
1149 3573 1304 3634 delibabo.
1335 3563 1353 3626 G

361 3669 560 3759 Καρχηδὼν.
614 3678 650 3738 lrt
674 3677 781 3736 numia
804 3678 907 3737 etiam.
922 3671 1031 3756 passim
1053 3688 1085 3735 et
1109 3675 1295 3754 quibusdam
1317 3671 1353 3731 ed

363 3775 429 3836 Lat.
447 3777 631 3856 Karthago,
658 3778 705 3836 uti
721 3791 752 3838 et
769 3776 889 3858 semper
908 3775 997 3835 scribi
1020 3777 1090 3836 vuit
1110 3776 1258 3836 Heinsius
1276 3773 1312 3833 ad
1332 3771 1353 3831 St

360 3877 429 3938 ltas.
448 3899 474 3946 r,
490 3891 522 3956 3.
549 3879 605 3938 ubi
621 3893 725 3940 tamen
742 3877 781 3940 cs.
793 3879 940 3959 Ruperti.
968 3877 1033 3938 Alia
1052 3880 1184 3937 nomina
1201 3879 1254 3937 dat
1268 3871 1353 3954 steph

359 3999 421 4040 nuc
439 3979 471 4040 b.
488 3999 519 4040 v.
547 3981 579 4038 in
596 3979 711 4062 quibua
727 3979 769 4040 ed
791 3975 882 4066 notui,
906 3973 1015 4052 πόλις,
1037 3975 1203 4062 Καδμεία,
1232 3972 1353 4039 Or'vauot

359 4093 392 4140 et
418 4073 594 4166 banadlii).
646 4077 697 4145 Cf.
722 4082 818 4141 etiam
850 4081 989 4142 Eusiatb.
1023 4081 1061 4140 ad
1089 4077 1222 4158 Dionys.
1251 4097 1282 4140 v.
1311 4093 1353 4152 ις)

359 4181 506 4244 Primum
529 4200 650 4244 nomen
677 4183 812 4243 dubium
838 4195 871 4244 et
898 4180 952 4242 sub
978 4199 1018 4244 eo
1043 4183 1137 4242 latere
1164 4181 1289 4243 videtur
1312 4187 1353 4237 ard
