2764 4954
331 365 333 372 ¹
374 423 437 486 500
646 409 808 470 noran
850 409 1153 468 execarrctn

406 663 411 672 ¹
449 580 612 678 coaiefli
643 581 760 667 igne)
809 584 863 647 Sic
893 543 1035 666 loquitur
1062 584 1183 650 Auctor
1208 583 1280 650 iatia
1306 585 1379 649 dubi

239 739 242 744 .
373 705 449 749 tum
477 687 674 768 quicumque
701 686 800 748 lector
823 686 940 747 merito
965 684 1027 748 isto·
1050 687 1126 771 igne
1148 687 1380 752 combustum!

236 803 239 810 ’
371 789 510 871 cogitare
526 783 619 869 poffit
640 805 787 861 vaccam
819 785 872 850 sed
888 787 929 848 fic
947 789 1183 870 interpretatur,
1205 791 1295 870 qnod
1315 791 1380 850 Her

372 891 467 951 dotus
488 882 543 975 [3.
561 881 642 973 aa]
667 886 765 964 ’σέλας
786 884 822 952 ἐκ
843 887 907 951 τοῦ
929 884 1072 976 cunctati
1092 891 1186 960 dicit.
1213 891 1293 951 iliud
1311 891 1380 973 ipiu

371 988 504 1062 scilicet,
535 991 623 1072 quod
644 991 678 1050 in
693 1010 759 1072 cap.
781 1007 835 1068 ¹9·
856 990 901 1052 in.
924 990 964 1050 de
982 989 1151 1072 Lampsaco
1175 995 1380 1075 interpretatu

371 1091 428 1152 nbi
450 1094 592 1174 primum
615 1088 751 1153 futfiffet.
803 1091 954 1154 Ceterum
972 1093 1075 1152 notari
1093 1092 1204 1164 debat,
1235 1095 1327 1174 quod
1346 1113 1380 1158 nt

369 1194 472 1256 modo
489 1193 566 1254 dicit
582 1192 748 1255 coelestem
766 1194 891 1278 ignem,
919 1211 985 1274 quo
1007 1194 1145 1278 intelligi
1165 1191 1261 1277 potin
1277 1193 1380 1256 fuitne

369 1307 425 1356 aut
449 1295 673 1377 quodcumque
700 1315 800 1378 genua
826 1291 977 1378 fulguris.
1020 1292 1072 1356 sed
1101 1295 1289 1377 praemififfe
1316 1299 1380 1358 etia

370 1414 486 1458 vocem
503 1396 671 1467 divinitus,
694 1397 843 1468 innuant,
869 1415 925 1458 eoa
944 1395 1088 1467 statuere,
1110 1410 1187 1458 tunc
1201 1411 1285 1458 certa
1301 1399 1377 1458 diri

369 1497 572 1580 providentia
595 1495 702 1582 fulgur
721 1498 810 1560 mitti
826 1497 874 1559 ‘de
898 1497 1007 1567 coeio.
1038 1511 1075 1558 ut
1098 1497 1150 1558 hic
1166 1499 1242 1581 Apia
1264 1501 1380 1582 concis

368 1610 465 1663 retur.
500 1621 524 1664 1.
545 1617 740 1662 cnouortre
756 1596 832 1661 MS.
878 1598 1043 1660 Divinitua
1058 1599 1145 1660 idem
1163 1597 1340 1670 obscurius,
1366 1619 1381 1664 t

367 1699 464 1764 latius
483 1701 619 1771 indicat,
653 1701 740 1781 quod
763 1701 912 1782 deinceps
929 1700 1039 1762 clarius
1059 1713 1092 1762 et
1109 1700 1269 1785 angustius
1289 1701 1381 1762 coele*

369 1803 452 1882 igue.
504 1803 547 1864 Et
571 1803 611 1863 iic
637 1802 786 1864 Aelianus
803 1823 829 1863 c.
856 1803 877 1864 Ι.
909 1803 958 1862 uti
985 1801 1187 1864 Herodotus:
1225 1799 1362 1883 γίνεται

368 1897 465 1980 βοὸς,
496 1901 537 1978 εἰς
553 1897 591 1989 ἦν
615 1898 764 1991 οὐράνιον
786 1898 882 1977 σέλας
902 1896 1038 1992 ἐμπεσὸν
1058 1902 1179 1990 σπορᾶς
1200 1895 1307 1966 αἴτιόν
1333 1901 1381 1970 ἐστ

367 2004 471 2067 Paulo
495 2006 587 2068 aliter
601 2005 684 2088 apud
700 2005 907 2080 Plutarchum
923 2003 1067 2086 Sympoi.
1084 2016 1118 2082 g.
1143 2025 1171 2066 ι.
1190 2001 1212 2067 i.
1238 2000 1299 2067 τὸν
1316 1998 1381 2068 'Aa

369 2099 474 2180 οὕτως
494 2096 701 2191 λοχεύεσθαί
719 2103 819 2186 φασιν
841 2100 958 2190 ἐπαφῇ
977 2107 1035 2190 τῆς
1050 2101 1192 2193 σελήνης.
1226 2105 1281 2168 Sic
1295 2107 1381 2169 Suid

368 2207 391 2272 s.
407 2229 440 2272 v.
460 2201 609 2282 ’‘Antist·
635 2205 671 2273 ἐκ
684 2207 747 2272 τοῦ
768 2203 883 2282 σέλαος
900 2207 958 2291 τῆς
979 2203 1120 2292 σελήνης.
1173 2209 1216 2268 Et
1236 2206 1317 2267 aiibi
1344 2209 1381 2270 Pi

368 2309 495 2371 tarchua
516 2311 578 2386 (de
595 2309 674 2370 little
696 2331 729 2392 p.
752 2331 795 2372 tn.
814 2319 899 2388 452.
923 2309 974 2370 ed.
997 2305 1131 2392 Reisk.)
1159 2307 1291 2390 genitali
1318 2311 1381 2370 lun

368 2411 485 2471 lumini
509 2411 630 2476 tribuit.
680 2413 733 2474 Sic
756 2411 824 2491 igni
847 2407 969 2502 aoeifii
1003 2405 1092 2472 urbes
1106 2403 1299 2496 flagrarunt
1328 2431 1381 2494 apt

369 2512 517 2572 Tacitum
546 2513 660 2576 Hiiior.
687 2523 719 2589 5.
746 2527 780 2586 7.
832 2513 922 2575 Solet
945 2523 1056 2573 autem
1087 2511 1222 2572 omuino
1249 2510 1366 2574 divini

369 2611 557 2698 singularem
580 2616 644 2676 Dei
665 2615 734 2675 vim
755 2613 904 2678 indicare.

435 2806 600 2908 festus)
650 2815 728 2881 Non
748 2815 848 2878 folum
871 2813 934 2898 ipse
950 2815 1035 2886 diet.
1060 2816 1110 2876 uti
1124 2825 1249 2876 narrant
1265 2829 1382 2880 aucto

368 2917 534 3001 producti,
567 2917 618 2982 sed
638 2933 671 2980 et
696 2917 746 2980 sex
767 2919 915 3000 deinceps
938 2915 1050 2987 secuti,
1076 2917 1116 2977 iic
1135 2930 1173 2976 ut
1192 2917 1337 2979 ontnino
1372 2948 1380 2971 ·

372 3017 478 3092 ‘ldiea
501 3019 579 3080 iliud
608 3019 719 3081 festum
744 3019 943 3088 celebrarint.
980 3021 1030 3078 uti
1057 3015 1199 3080 referunt
1223 3017 1358 3082 Pliniua

370 3121 512 3191 Solinus,
539 3133 580 3190 et.
605 3123 691 3202 quod
713 3123 764 3181 iile
786 3121 884 3190 addit,
911 3139 1009 3201 usque
1031 3119 1070 3180 ad
1090 3119 1195 3180 octavi
1213 3119 1278 3180 diei
1298 3119 1367 3182 hor

370 3217 506 3293 sextam,
532 3224 619 3304 quod
636 3223 722 3284 valet
738 3224 777 3283 ati
793 3223 1025 3306 Aegyptiorum
1042 3221 1109 3282 diet
1124 3219 1367 3286 describendos.

532 3429 564 3502 §.
591 3437 626 3503 8.
677 3414 978 3516 vetustissimi)
1015 3423 1359 3504 Sane,qu11madilu

368 3525 407 3587 ad
430 3523 645 3587 Abrahamum
667 3525 839 3588 statuantur
859 3527 935 3586 anni
957 3535 1042 3604 940·
1063 3526 1135 3603 (aiii
1159 3519 1355 3611 panciorer]

368 3626 422 3688 ilio
442 3627 518 3688 istnc
534 3630 684 3690 veniente
707 3629 769 3687 iarn
788 3625 984 3709 frequentet
1006 3625 1129 3688 celebre
1139 3645 1286 3708 ‚regnum
1302 3623 1380 3688 fuer

369 3747 436 3788 non
459 3731 571 3791 multia
594 3729 661 3811 post
677 3730 837 3790 diluvium
860 3731 950 3788 annia
971 3729 1003 3788 id
1025 3731 1088 3788 iam
1110 3725 1245 3809 coepiffe
1268 3743 1382 3808 appar

369 3847 394 3889 t.
420 3848 623 3892 crouovtva
647 3831 722 3892 MS.
756 3851 785 3894 t.
846 3832 896 3890 De
925 3831 1157 3914 Aegyptiorum
1185 3829 1347 3890 uetustate
1380 3860 1382 3881 ι

368 3930 532 4014 Diogenen
546 3933 648 3994 Laert.
666 3935 699 3992 in
715 3933 884 4012 prooemio
901 3934 929 4008 §.
948 3949 979 3992 2.
1002 3945 1045 4000 et.
1071 3931 1125 4011 qni
1144 3929 1237 3997 ridet,
1263 3933 1363 4012 Augu

369 4049 430 4092 nur
444 4033 483 4093 de
499 4033 586 4096 civit.
603 4034 665 4094 Dei
688 4045 739 4109 ιθ,
761 4041 821 4114 4⁰·
861 4027 1092 4094 Vetuitiffimot
1108 4033 1256 4094 omnium
1273 4029 1303 4091 se
1320 4033 1371 4092 iac

368 4130 446 4194 bant
468 4134 621 4199 Thebani.
644 4133 800 4222 (Diodor.
823 4153 853 4207 t,
877 4133 957 4221 50.)
1007 4133 1119 4197 Narrat
1137 4145 1245 4195 tamen
1262 4133 1379 4196 Herod
