2764 4954
160 445 210 504 m
236 447 373 506 ronrr.
404 447 513 505 naar.
553 447 633 506 ω.
675 445 782 506 orx.
823 448 902 521 ee.
990 457 1054 531 περ

48 617 164 684 Horreue
179 621 333 682 tamenin
352 617 520 684 observatt.
537 641 570 704 p.
589 618 670 698 265.
686 633 719 682 et
737 634 808 702 332
826 621 868 705 sq.
891 641 949 706 per
969 625 1054 690 rde-

48 723 202 803 gyptiecum
224 725 325 806 magia
344 735 433 803 putat
453 714 634 810 ιΨᾶμμις,
660 741 716 803 per
731 745 749 808 η
766 743 805 784 ex
826 727 1052 790 terminatione

47 821 138 884 Graeca
149 821 287 906 proferri.
324 821 375 886 cf.
391 823 538 886 etiamad
556 823 712 886 Herodot.
724 823 779 886 lib.
793 839 826 886 Ω.
844 826 889 886 in.
913 829 968 908 qni
983 829 1051 908 qui·

45 921 100 982 lem
115 939 143 994 e.
162 935 241 1004 142.
262 925 341 986 olim
358 945 375 986 e
397 940 438 988 ια
455 923 599 1008 regibus,
625 925 659 986 in
679 925 797 1006 quibus
815 925 867 988 hie
882 927 916 988 in
937 929 1051 1010 primia

44 1023 195 1096 celebrator.
221 1039 382 1106 tamquam
397 1043 569 1087 commune
585 1039 835 1088 monumentum
854 1027 1049 1090 exstructum

43 1119 109 1186 saise
129 1140 236 1190 narrat.
270 1125 382 1190 Strabo
403 1145 459 1204 ²7·
480 1146 513 1208 p.
531 1139 613 1204 557.
630 1125 650 1189 s.
669 1139 712 1204 81
726 1147 754 1188 ι.
775 1129 975 1190 conditorem
990 1149 1048 1192 no·

43 1225 122 1286 minat
141 1227 310 1298 Imanden,
343 1245 401 1308 pro
425 1246 492 1308 quo
515 1229 656 1309 epitome
676 1247 709 1310 p.
725 1243 809 1291 220.
828 1229 928 1292 Huds.
951 1231 1048 1294 hebet

8 1343 9 1348 ¹
42 1325 182 1400 Mainden,
204 1327 331 1390 misere
348 1329 482 1392 Diodor.
497 1329 560 1392 Sic.
575 1349 603 1398 r.
621 1331 679 1392 61.
704 1329 817 1409 inquo
835 1331 951 1414 legitur
965 1329 1049 1395 mev-

8 1439 9 1482 l
42 1420 92 1510 ἕης.
117 1449 208 1510 quem
232 1431 357 1510 aliquot
377 1429 526 1491 Murrum
552 1428 673 1492 vocasse
694 1431 793 1492 addit.
845 1431 918 1494 Post
940 1446 1047 1497 tamen

8 1505 10 1528 .
41 1521 81 1606 (1,
101 1529 176 1616 97.)
199 1527 354 1616 Μένδητα
381 1529 519 1610 profert,
554 1532 622 1592 aliis
648 1531 808 1602 Martum,
835 1533 889 1614 qui
912 1534 1050 1614 labyrin-

8 1631 9 1710 l
42 1627 120 1700 thum,
145 1631 276 1715 sepulcri
294 1633 436 1702 nomine,
462 1631 656 1694 exstruxerit.
693 1633 765 1694 Hoc
784 1629 962 1714 sepulcrum
985 1635 1048 1699 late
1117 1693 1120 1698 .

8 1715 10 1812 l
41 1743 125 1805 patens
145 1735 176 1794 in
203 1735 310 1816 operis
331 1733 414 1793 illius
433 1745 572 1794 extrema
596 1747 683 1815 parte
707 1728 770 1816 (cs.
789 1735 885 1795 etiam
902 1737 1048 1798 Herodo-

8 1813 10 1900 Ι
41 1829 89 1911 lue)
108 1837 211 1914 ponit,
240 1835 415 1916 pyramidis
437 1835 669 1919 quadrangulae
685 1831 805 1906 forma,
839 1837 927 1898 unde
949 1836 1049 1898 d'An·

40 1930 94 1993 tllle
112 1933 258 2005 coniicit,
287 1935 343 1994 ubi
364 1935 396 1997 h.
416 1935 572 2005 slavum,
598 1935 811 2016 quaerendum
830 1935 889 1997 else
912 1936 1049 2014 labyrin-

40 2029 117 2097 thum.
166 2039 212 2098 lta
230 2051 337 2098 tamen
352 2035 464 2098 Strabo
483 2037 618 2121 intelligi
637 2035 722 2120 posse
738 2038 883 2108 videtur,
908 2031 947 2097 fit
964 2037 1048 2115 laby-

39 2133 113 2194 rinthi
134 2137 184 2199 illa
200 2159 272 2220 pare
295 2138 359 2197 huc
379 2137 498 2219 prolata
518 2135 613 2198 suerit
628 2137 742 2200 maiori
755 2138 887 2200 adnexa.
926 2139 968 2198 ht
985 2138 1049 2199 Pli·
1170 2187 1175 2198 .

39 2232 91 2296 nine
108 2239 159 2315 36.
181 2237 275 2325 19.s.
299 2251 352 2317 15,
377 2245 406 2300 ι’.
428 2251 500 2300 ante
516 2257 617 2300 annor
635 2239 732 2320 4600
754 2235 968 2309 ePetesucco,
994 2239 1048 2301 vel

8 2397 10 2432 y
40 2331 130 2399 Tithoe
152 2361 227 2425 rege
251 2359 329 2401 eum
352 2340 538 2409 eonditum.
570 2359 586 2400 a
612 2338 846 2401 Psammetieho
869 2336 1047 2421 perlectum

8 2439 9 2478 l
40 2427 111 2508 hille,
130 2444 233 2512 tradit,
253 2443 422 2520 variosque
438 2439 589 2524 producit
604 2453 756 2511 auctores.
774 2442 831 2520 qui
849 2441 900 2502 vel
914 2443 1045 2525 regiam,

40 2537 75 2594 rel
88 2536 265 2624 sepulerum,
291 2541 341 2602 vel
351 2541 432 2604 Solio
450 2541 605 2625 templum
623 2539 713 2604 suilse
728 2539 913 2623 scripserint.
945 2543 1047 2605 Lucae

8 2631 10 2672 ¹
41 2635 148 2724 (voyage
160 2644 239 2706 dane
255 2645 283 2703 la
299 2643 440 2722 Turquie
454 2643 494 2705 T.
513 2659 545 2705 tt.
564 2663 595 2723 p.
616 2645 720 2720 289.)
740 2642 911 2704 Pantheon
935 2643 1046 2708 credit.

40 2732 116 2813 lplmn
130 2759 234 2804 autem
252 2742 524 2804 Psammetichum
540 2743 725 2806 scholiastes
740 2741 954 2824 Aristophanis
974 2763 1002 2806 o.
1023 2745 1046 2807 l.

8 2819 10 2894 l
41 2833 160 2908 Χαλεπὸν
192 2859 290 2907 vocat
323 2841 507 2926 Αἰγυπτίων
536 2835 712 2932 τύραννον,
746 2831 808 2905 ’καὶ
847 2838 1048 2907 σκαιότατον

8 2915 10 2990 l
41 2929 154 3030 Basorpm
175 2937 485 3034 ὑπερηκοντηκότα,
519 2945 575 3006 etsr
598 2941 718 3007 diversa
738 2945 833 3006 tradit
849 2945 1046 3008 Herodotus.

41 3035 234 3128 septingentos
261 3061 369 3108 autem
396 3065 497 3109 annoe
521 3059 594 3110 ante
621 3047 700 3110 Chr.
727 3043 770 3108 N.
793 3044 930 3132 regnasse
956 3045 1049 3109 chro-
1159 3097 1163 3102 .

40 3140 119 3228 nologi
134 3145 197 3211 sere
222 3149 364 3210 tradunt.

8 3327 9 3338 ¹
91 3345 398 3433 Labyrinthus)
448 3349 517 3433 Qui
538 3349 578 3412 de
599 3367 638 3412 eo
662 3347 877 3432 exposuerunt
904 3359 1048 3411 auctores

41 3449 223 3514 telmessum
240 3451 399 3514 Herodot.
418 3467 452 3519 α,
473 3461 552 3530 148.
582 3451 696 3514 Strabo
717 3463 770 3526 17.
789 3471 821 3532 p.
834 3447 949 3526 557.s.
961 3459 1005 3526 81
1018 3469 1047 3512 ι.

43 3537 145 3611 Diodor.
168 3573 195 3622 r.
221 3555 283 3617 66.
319 3553 402 3613 Plin.
423 3553 482 3630 36,
505 3571 567 3632 ·t9.
591 3551 612 3614 s.
640 3567 694 3631 13.
735 3551 784 3612 Ex
806 3550 972 3612 Herodoto
997 3547 1049 3610 sue
1076 3634 1078 3642 y

42 3635 115 3712 hauh
128 3651 250 3718 Noller.
285 3654 436 3714 Veterum
448 3665 554 3715 autem
570 3653 609 3714 de
625 3672 663 3714 eo
682 3653 749 3713 loca
768 3653 849 3712 inter
864 3648 893 3712 se
910 3651 1050 3712 contulit

41 3737 243 3830 semplemann
267 3755 305 3816 ad
328 3753 461 3815 Norden
478 3753 570 3815 siesse
595 3756 643 3830 (a.
664 3755 788 3832 1779.)
812 3773 844 3834 p.
868 3765 953 3835 309.
998 3751 1049 3811 An

44 3839 69 3901 de
81 3851 182 3914 eodem
201 3856 373 3938 loquantur
390 3855 573 3930 Herodotus
590 3869 621 3915 et
637 3853 767 3924 Strabo,
794 3853 848 3914 etsr
864 3853 896 3911 in
912 3850 1048 3912 dubium

42 3953 140 4012 vocavit
155 3957 314 4018 d'Anville
332 3955 506 4018 Memoires
524 3953 574 4015 sur
590 3955 735 4039 l'ssgypte
751 3975 783 4035 p.
799 3953 865 4014 roo
883 3951 944 4032 sqq.
972 3949 1048 4013 secit

41 4049 118 4110 lemen
132 4055 163 4114 id
177 4057 243 4118 fine
259 4059 372 4119 idonea
390 4055 494 4128 causa,
520 4059 592 4137 quia
611 4054 732 4117 diversa
751 4067 884 4132 uterque
900 4053 952 4112 via
968 4070 1046 4112 eum

8 4139 9 4144 ἵ
40 4145 164 4228 isitium,
190 4159 243 4221 ille
258 4177 275 4220 a
292 4157 516 4241 septemtrione
533 4158 573 4220 ad
591 4157 771 4225 meridiem.
797 4155 850 4216 hic
863 4151 902 4214 eb
921 4153 1046 4214 oriente

8 4339 9 4364 Ν
73 4263 152 4346 top.
166 4275 258 4331 Meta.
280 4277 397 4348 augo.
411 4275 488 4332 nr.
747 4257 777 4318 Τ
