2756 4964
347 419 406 460 ιιό
611 403 774 462 NOTAE
815 405 1115 464 EXEGETICAE

343 574 455 650 Maro;
486 570 586 664 [den.
614 589 647 654 5.
674 577 755 656 57.]
792 575 915 638 tametsi
942 591 1038 662 neget
1061 577 1198 648 Pliniue.
1222 568 1278 662 [4,
1301 581 1353 652 54.

342 674 364 739 s.
385 679 442 755 56.
462 690 495 739 et
511 696 538 738 c.
557 689 614 756 55.
631 675 652 740 s.
669 671 748 762 58.]
774 678 859 759 quod
873 679 1006 740 minime
1021 680 1199 740 mirandum
1217 676 1266 746 ell.
1289 693 1355 735 cum

342 777 430 839 illiue
452 790 485 840 et
504 774 678 860 Pomponii
698 791 798 840 aetate
817 779 962 840 nondum
989 777 1059 842 satia
1079 793 1193 842 notum
1214 775 1358 840 llomanic

340 861 536 960 Aethiopiae
558 880 697 960 primum
721 880 812 940 clima
836 879 920 940 ultra
941 894 1157 961 aequatorem.
1194 889 1229 938 ut
1250 897 1286 940 ex
1304 875 1357 934 hac

341 977 463 1041 Africae
486 979 696 1060 descriptione
720 992 855 1062 apparet.
890 998 1062 1043 annorum.
1115 983 1165 1044 De
1189 979 1287 1040 cervia
1308 993 1356 1034 ne·

340 1093 416 1164 gant
438 1094 594 1161 praeterea
620 1081 768 1144 Aelianus
794 1079 873 1141 ttttt.
895 1083 993 1143 anim.
1015 1097 1070 1156 17.
1095 1099 1151 1146 ιο.
1183 1079 1254 1165 (hic
1272 1090 1303 1138 et
1320 1074 1356 1134 de

339 1175 442 1264 aprio)
468 1181 648 1264 Antigonus
664 1199 729 1262 cap.
750 1199 805 1246 ιι.
832 1179 1012 1245 Eustathiua
1029 1185 1066 1243 ad
1084 1179 1215 1263 Dionys.
1232 1199 1262 1242 r.
1283 1185 1356 1250 175·

340 1283 382 1343 dt
406 1280 491 1342 secua
519 1281 634 1342 habere
658 1284 872 1343 recentiorum
898 1281 1074 1344 testimonia
1103 1285 1274 1346 adfirmant.
1309 1270 1355 1336 Cf.

339 1381 471 1462 quaein
492 1391 793 1462 utramquepartem
811 1382 992 1443 adtulerunt
1006 1383 1249 1450 Ritterahuliun.
1271 1375 1357 1439 Bodi-

339 1501 401 1544 nue
421 1495 453 1544 et
474 1481 563 1544 Ballu
586 1484 623 1542 ad
641 1481 777 1565 Oppian.
796 1501 822 1544 c.
841 1482 861 1544 l.
896 1481 1065 1566 Welseling
1082 1485 1121 1545 ad
1138 1483 1281 1546 Herodnt
1294 1497 1319 1538 c.
1335 1475 1356 1536 l.

338 1595 373 1644 et
399 1601 478 1664 quoa
500 1596 666 1644 memorat.
724 1581 865 1654 Addatur
891 1583 1009 1646 Bulsou
1034 1583 1146 1647 Gesclr.
1169 1585 1226 1646 der
1247 1579 1356 1642 Thiere

339 1684 408 1760 (erl.
425 1684 551 1759 Beros.)
572 1685 612 1745 T.
632 1696 664 1762 5.
688 1703 721 1764 p.
741 1693 822 1762 ιι4.
861 1685 912 1744 De
927 1683 1003 1746 ursra
1017 1683 1189 1756 adsentitur
1203 1683 1270 1746 aliie
1284 1679 1357 1740 Mar·

339 1785 421 1847 tialia
443 1806 469 1855 r,
492 1797 574 1860 105..
598 1804 637 1844 ex
651 1783 878 1846 recentioribus
890 1785 984 1848 Shaw
1000 1805 1124 1868 voyage
1139 1787 1181 1848 Τ.
1194 1805 1224 1848 ι.
1238 1803 1269 1865 p.
1282 1789 1356 1859 523.

276 1933 279 1938 .
337 1885 400 1947 Sed
416 1882 456 1948 cs.
473 1885 665 1966 Dalechanrp
680 1885 718 1944 acl
733 1885 815 1948 Plin.
832 1897 866 1964 8.
881 1897 960 1947 extr.
994 1885 1096 1948 Cerdo
1111 1887 1151 1947 acl
1168 1883 1276 1968 virgil.
1290 1900 1315 1940 c.
1336 1879 1356 1938 l.

338 1985 459 2070 Lipsius
469 1987 603 2048 Elector.
617 1999 649 2054 o,
665 1996 700 2064 4.
725 1985 889 2049 Salmasius
903 1989 942 2047 ad
956 1987 1104 2048 Solinom
1119 2007 1189 2070 cap.
1207 2003 1262 2063 29.
1274 1979 1294 2042 s.
1304 1980 1357 2042 26.

338 2107 370 2170 p.
394 2108 437 2149 m.
462 2103 545 2150 aar.
567 2099 674 2148 contra
698 2086 838 2168 Lipsium
860 2087 894 2146 in
918 2087 1045 2168 primis,
1077 2090 1135 2168 qui
1156 2087 1198 2149 de
1218 2079 1358 2147 leonibus

338 2188 389 2248 illa
410 2189 634 2270 explicaverat.
661 2185 795 2249 Larcher
817 2187 854 2248 ad
875 2187 1030 2250 Herodot.
1050 2197 1084 2267 4.
1108 2206 1191 2268 ι9ι.
1227 2199 1359 2248 rzecrtr·

339 2307 413 2349 crta.
452 2286 603 2379 Malefico
622 2287 673 2350 vel
689 2287 874 2370 generaliter
889 2287 932 2349 est
946 2287 1057 2351 infesto
1073 2286 1272 2356 hominibue.
1293 2301 1359 2364 qut·

336 2389 382 2450 lea
395 2387 465 2449 sunt
478 2389 586 2450 leones
601 2402 634 2448 et
652 2387 781 2459 sinrilea.
808 2389 861 2450 vel
878 2385 1037 2470 speciatim
1052 2407 1110 2472 pro
1127 2399 1303 2454 venenato,
1327 2383 1359 2442 in

337 2508 402 2568 quo
429 2490 571 2549 eminent
596 2485 768 2570 serpentes,
799 2503 893 2570 prout
916 2487 1359 2572 Romani.depreherrderunt

337 2593 371 2650 in
393 2590 476 2652 bello
492 2590 616 2650 l’unico
638 2591 722 2670 apud
742 2589 860 2652 llumen
885 2589 1073 2673 Bagradam,
1107 2592 1201 2653 cuiue
1218 2585 1360 2650 meminit

337 2691 448 2754 Florus
474 2709 504 2761 ο,
527 2707 560 2761 a.
587 2708 643 2752 no.
683 2691 1020 2754 nonnumquam.
1072 2691 1122 2752 De
1145 2693 1200 2753 illa
1225 2689 1367 2770 serpente*

336 2793 455 2873 plures,
481 2793 536 2873 qni
558 2804 773 2852 memorantur
793 2791 832 2852 ad
847 2792 973 2852 Florum
993 2809 1020 2854 c.
1040 2791 1063 2854 l.
1100 2791 1166 2854 Sed
1182 2805 1215 2856 et
1230 2789 1359 2852 omnino

336 2893 375 2954 de
392 2891 585 2974 serpentibus
601 2893 633 2951 in
651 2889 749 2952 Africa
765 2891 938 2952 multorum
959 2891 1003 2953 est
1017 2895 1167 2956 narratio.
1213 2889 1263 2955 cf.
1286 2885 1359 2948 insra

338 3007 370 3072 5,
394 3014 447 3056 ιο.
462 2993 506 3056 in.
557 2991 662 3053 Huiue
677 3011 754 3054 vero
769 2991 888 3053 causam
905 2992 1131 3076 mythograplri
1150 3007 1184 3056 et
1198 3005 1310 3076 poetae
1323 3005 1359 3048 ex

336 3093 439 3156 sabula
462 3093 501 3153 de
519 3090 667 3153 Medusae
687 3093 785 3176 guttis
805 3106 972 3173 repetunt,
1003 3093 1126 3174 dequo
1149 3093 1191 3158 cs.
1215 3092 1358 3174 Apollon.

336 3211 370 3275 4,
400 3208 492 3273 ι5ι5
516 3192 579 3273 sqq.
632 3192 770 3255 Ovidius
792 3193 921 3254 Metam.
939 3205 972 3270 4,
998 3195 1069 3257 626
1093 3193 1158 3276 sqq.
1210 3195 1306 3258 Silina
1329 3203 1359 3268 3·

338 3307 409 3376 5ι4
426 3295 486 3376 sqq.
515 3296 682 3371 Lucam-q,
701 3295 771 3379 619
788 3293 849 3375 sqq.
888 3295 937 3354 De
952 3283 1115 3356 venenatis
1132 3294 1239 3358 besilio
1253 3291 1361 3354 intelli·

335 3411 414 3482 gunt
429 3392 566 3484 nterlefico
581 3395 675 3455 etiam
691 3393 799 3457 Barth.
814 3396 846 3454 in
863 3393 981 3456 advers.
1002 3415 1054 3464 to.
1071 3397 1104 3458 6.
1121 3416 1154 3476 p.
1172 3399 1260 3476 469.
1286 3393 1360 3454 Bur·

320 3487 471 3558 mannua
492 3495 562 3558 MS.
588 3507 620 3554 et
645 3493 708 3556 sera
731 3495 875 3556 animalia
899 3495 934 3555 in
962 3497 1066 3558 media
1090 3493 1194 3558 Africa
1225 3496 1358 3557 maxime

334 3599 466 3680 produci
485 3597 627 3658 adfirmat
648 3595 759 3658 Strabo
782 3596 838 3659 lib.
857 3614 887 3660 n.
903 3615 935 3676 p.
950 3587 1008 3680 qo·
1025 3593 1046 3660 l.
1070 3609 1148 3676 ¹5¹·
1203 3599 1360 3660 Venemta

335 3697 472 3760 recenset
497 3697 653 3756 Luciauue
682 3697 715 3755 in
741 3695 868 3778 Dipsad.
889 3715 943 3777 cap
965 3709 998 3774 5.
1036 3711 1068 3758 et
1094 3688 1204 3783 Λιβύη
1238 3694 1360 3780 proprie

335 3801 416 3860 dicta
441 3791 611 3884 θηριώδης,
644 3798 691 3856 uti
713 3810 980 3858 commemoratur
1002 3797 1040 3858 ab
1065 3798 1236 3860 Herodoto
1255 3816 1286 3866 ο,
1304 3809 1358 3872 5ο.

335 3914 367 3960 et
387 3912 420 3981 4.
447 3913 525 3976 ¹8¹·
560 3898 616 3956 ubi
636 3898 841 3960 meridionale
863 3899 942 3958 larue
966 3897 1114 3967 Atlantia.
1146 3917 1224 3960 cum
1250 3895 1361 3959 vicinia

333 4001 429 4064 hodie
450 3996 663 4080 Biledolperid
676 3999 716 4060 ad
733 3996 890 4062 desertum
905 3996 1058 4084 magnum
1075 3999 1192 4065 Sacra.
