2818 4964
217 400 220 406 ’
309 399 353 470 44
581 387 740 454 nonen
781 393 1086 452 nxnonnrcxn

385 566 520 628 minos
545 565 638 626 mile
646 564 664 646 )
715 565 902 627 Herodotus
925 563 982 630 lib.
1001 576 1036 646 4.
1063 569 1112 646 [c.
1130 569 1212 648 85.]
1237 567 1351 631 Strabo

310 667 327 747 [
334 667 389 730 lib.
412 685 443 730 o.
460 688 492 750 p.
506 679 562 744 85.
575 665 596 728 l.
612 669 715 747 resp]
731 665 854 757 stadiis
869 658 1005 758 septem.
1040 669 1164 730 Pliniue
1180 669 1236 731 lib.
1255 671 1288 733 6.
1307 671 1349 732 in.

311 767 477 860 angustiae
502 768 546 828 od
569 759 809 858 Hellespontum
830 779 901 846 875
926 761 1071 858 poffinrm
1097 783 1133 830 et
1155 769 1211 832 lib.
1231 782 1265 848 5,
1293 784 1351 849 52.

276 926 281 938 ,
311 869 358 948 [l.
375 869 460 948 [μὴ]
493 866 636 948 Abydum
658 867 827 948 oppidum,
858 867 913 930 obt
934 867 1100 961 ortgrrsliae
1120 885 1140 944 7
1153 869 1349 962 stadiorum.

309 971 493 1052 Xenophon
510 989 587 1031 vero
604 969 659 1030 lib.
674 987 705 1032 o.
728 959 777 1047 [o.
799 991 828 1040 r,
847 973 933 1052 nn]¹
947 965 1149 1057 Ἑλληνικῶν
1164 971 1351 1053 quindecim.

309 1091 518 1133 crnooonrve.
571 1070 789 1132 Latitudinem
809 1091 878 1132 eam
899 1069 973 1132 lacit
988 1071 1170 1154 Xenophon
1191 1074 1230 1134 ad
1248 1075 1351 1158 Aegos

308 1188 476 1258 potamos,
514 1190 650 1252 cumque
684 1190 724 1233 eo
757 1171 914 1234 consentit
939 1173 1100 1235 Plutarch.
1128 1175 1162 1232 in
1190 1171 1351 1252 Lysandro

310 1295 339 1338 o.
362 1295 417 1336 rr.
464 1273 504 1334 tr
530 1274 629 1335 nimir
652 1273 691 1334 ed
716 1273 867 1352 Abydum
890 1273 1048 1334 contrahit
1069 1273 1182 1352 Polyb.
1212 1275 1266 1346 16,
1292 1293 1350 1354 29.

311 1376 390 1438 dum
407 1375 471 1437 duo
493 1388 618 1435 tanturn
634 1373 727 1436 lindio
749 1377 851 1456 ponit.
903 1377 952 1435 De
970 1373 1090 1458 septem
1107 1373 1208 1436 liadiie
1232 1376 1353 1438 constat

309 1477 368 1540 fibi
384 1477 507 1538 Plinius
523 1477 619 1536 etiem
633 1485 668 1554 4.
689 1487 745 1554 18.
760 1474 781 1538 l.
795 1495 850 1539 rt.
874 1488 958 1536 etex
980 1496 1019 1538 eo
1040 1475 1079 1536 [ιο
1093 1477 1209 1557 repetit
1223 1475 1351 1538 Maroa-

311 1597 374 1640 nue
396 1577 523 1659 Capella
547 1576 604 1637 lib.
622 1578 655 1638 6.
675 1597 707 1658 p.
726 1595 771 1638 rn.
791 1593 874 1638 oro.
897 1595 970 1637 cunr
993 1577 1104 1640 Solino
1125 1595 1154 1640 c.
1174 1587 1229 1654 ra.
1246 1575 1269 1639 s.
1291 1593 1348 1641 ιε.

310 1679 386 1740 vid.
408 1679 446 1738 ad
468 1677 585 1738 Melam
609 1691 642 1747 o,
668 1692 701 1747 Ω.
727 1691 760 1752 7.
795 1695 998 1742 nzecxvcxn.
1057 1677 1144 1738 Hinc
1168 1676 1235 1739 toa
1263 1680 1351 1740 cerni

309 1791 452 1864 poterat,
478 1791 516 1839 ut
528 1775 625 1840 refert
641 1778 754 1840 Liviur
771 1788 829 1857 53,
852 1780 906 1848 16,
924 1789 959 1855 5.
989 1798 1014 1842 1.
1033 1795 1229 1844 oxonovrve
1245 1779 1324 1844 MS.

385 1978 534 2064 laxat)
585 1983 636 2043 De
667 1955 876 2062 Propontide.
916 1978 1096 2044 Aristotelen
1121 1999 1148 2045 c.
1170 1981 1193 2042 l.
1223 1974 1352 2045 πλατύ-

310 2085 424 2149 νεσθαι
451 2084 513 2144 hoo
533 2081 621 2144 sensu
648 2083 687 2142 de
711 2083 817 2143 Ponto
841 2081 984 2153 Euxino,
1017 2085 1069 2144 uti
1092 2082 1133 2144 de
1150 2081 1353 2166 Propontide

310 2183 516 2268 Agathemer.
534 2199 568 2256 rt,
593 2193 648 2263 ²4·
668 2201 744 2244 cum
763 2181 882 2246 nostro.

388 2404 501 2468 qnam
524 2375 615 2474 fuit
624 2383 642 2464 )
679 2385 716 2445 ln
732 2383 951 2465 Hellesponto.
985 2383 1071 2446 Nam
1090 2384 1145 2466 qui
1161 2385 1350 2467 plurimum,

313 2485 406 2548 [ledia
428 2498 458 2562 5.
484 2485 513 2545 ei
536 2486 692 2547 tribuunt.
744 2487 834 2570 Quae
854 2487 998 2567 proxime
1017 2485 1233 2556 [obiiciantur.
1255 2485 1351 2569 respi-

314 2587 407 2646 ciunt
427 2585 600 2646 Thracium
622 2584 811 2666 Bosporum,
839 2586 878 2647 de
894 2591 985 2648 cuiue
1001 2587 1149 2671 angustiis
1172 2587 1238 2649 vid.
1261 2589 1301 2648 ed
1321 2607 1350 2660 ι,

319 2704 375 2766 ι9,
396 2700 427 2763 5.
462 2687 513 2748 Sic
535 2706 611 2748 vero
635 2685 805 2749 στενοῦται
830 2687 1031 2770 Agathemer.
1050 2704 1083 2761 Ω,
1114 2699 1169 2768 ι4.
1202 2687 1351 2769 Spatium

314 2787 454 2870 adposrte
474 2789 527 2848 hic
544 2789 693 2871 adpellari
714 2787 1004 2852 notatcicconiue.

389 3009 484 3050 occe
490 3002 601 3069 ptum
609 2988 629 3072 )
679 2991 727 3051 lta
743 2988 865 3052 inverse
883 2988 961 3052 solet
980 2989 1020 3052 de
1037 2993 1127 3062 meri,
1150 2989 1236 3071 qnod
1254 2991 1353 3052 intrat

312 3090 350 3152 in
369 3102 500 3160 terram,
525 3093 627 3152 smum
651 3119 701 3163 -,
734 3092 857 3152 Eodem
876 3089 964 3152 sensu
987 3093 1084 3152 etiam
1105 3085 1215 3174 paffim
1233 3095 1268 3152 in
1285 3093 1355 3154 aliie

314 3189 440 3275 legitur,
458 3203 494 3250 ut
508 3195 656 3274 excipere,
674 3192 814 3272 recipere.
850 3190 922 3254 Vid.
937 3193 976 3253 ad
991 3213 1019 3263 r,
1035 3207 1068 3268 7,
1086 3205 1118 3271 3.
1134 3204 1168 3254 et
1182 3193 1216 3252 in
1231 3194 1351 3256 indice.

393 3393 562 3477 ingens)
610 3393 664 3456 Sic
686 3393 802 3456 iterum
826 3415 853 3465 r,
877 3411 931 3472 19,
949 3395 982 3458 6.
1021 3390 1158 3486 Vastnm
1181 3395 1353 3455 morePli·

314 3499 390 3560 niue
405 3507 439 3574 4.
457 3507 514 3575 24.
526 3494 547 3558 l.
564 3511 615 3558 12.
631 3497 671 3558 de
683 3495 789 3559 Ponto
804 3496 943 3560 Euxino.
965 3492 1017 3558 Cf.
1039 3517 1067 3568 r,
1088 3513 1142 3577 19,
1162 3496 1196 3560 6.
1220 3495 1354 3577 Magno

315 3597 410 3680 polus
430 3597 473 3660 est
493 3597 639 3662 Maeotis.
1260 3597 1263 3610 ’

326 3825 329 3834 ¹
391 3797 483 3879 ore)
534 3801 584 3858 De
607 3795 747 3879 Bosporo
764 3801 901 3862 Thracio
923 3815 955 3862 et
978 3801 1154 3863 Cimmerio
1177 3799 1240 3860 dici
1263 3796 1352 3868 solet,

317 3900 368 3960 uti
379 3900 488 3960 multis
504 3899 667 3979 exemplis,
690 3901 785 3958 etiarn
802 3903 863 3961 hoc
877 3903 987 3982 posito,
1012 3903 1161 3962 adstruxit
1174 3900 1351 3960 Burmann.

317 4003 356 4060 ed
374 4001 483 4061 Vellei.
503 4015 534 4068 o.
559 4019 638 4062 ror.
664 3999 716 4060 Sic
730 4000 953 4080 Apolloniih.
974 4025 1001 4070 ι.
1020 4019 1051 4062 o.
1076 3998 1208 4065 πόντοιο
1225 3994 1352 4086 oro'po3

316 4101 444 4163 Pindar.
465 4100 561 4180 Pytlr.
584 4111 620 4180 4,
647 4100 730 4180 365.
754 4090 897 4180 ’Δξείνφυ
921 4097 1040 4194 στόμα.
1063 4138 1065 4142 ,
1092 4103 1155 4166 Sed
1172 4115 1206 4164 et
1220 4103 1261 4164 ed
1278 4102 1356 4163 alios
