2770 4954
272 384 315 464 oe
544 390 707 450 Norae:
747 379 1052 447 axaoa‘rrcaa
1128 379 1132 382 ’

360 554 537 656 Isauri)
595 565 650 628 Gr.
677 556 835 652 ’laauoai,
870 563 922 625 vel
948 563 1042 624 etiam
1066 557 1238 647 Ἰσαυρεῖς,
1282 557 1347 617 uti

286 665 371 748 apud
396 667 530 730 Diodor.
552 677 605 742 ιθ.
626 682 684 729 aa.
720 679 753 730 et
773 667 826 746 qui
847 664 885 726 ad
905 663 1104 745 Stephanum
1127 681 1144 722 a
1166 660 1347 720 berkelio

285 787 320 850 p.
336 777 422 847 424.
447 769 636 828 indicantur.
675 769 777 850 Regio
794 757 931 856 Isauria,
951 765 1036 826 unde
1057 759 1240 848 Ἰσαυρῖτις,
1269 779 1348 820 uua

154 931 161 941 ,
287 887 328 930 ex
349 887 389 932 ro
408 865 607 950 praefecturio
623 867 839 950 Cappadociae
853 867 936 946 apud
951 863 1096 928 Strabon.
1117 879 1171 924 ta.
1192 883 1228 944 p.
1243 863 1348 938 368.

288 967 313 1030 I.
330 978 414 1048 534.
441 969 495 1030 etsi
511 969 645 1030 dubium
661 966 764 1030 caniet
779 965 995 1031 Calaubonua.
1043 965 1127 1026 Hinc
1145 955 1351 1050 Ἰσαυρικὸς

290 1089 331 1132 ex
347 1069 473 1130 Servilii
490 1072 682 1154 cognomine
704 1083 839 1140 notum,
866 1081 897 1132 et
914 1059 1075 1152 'lcaupmly
1090 1067 1238 1148 regionis
1264 1083 1350 1146 pars

162 1169 166 1175 ’
271 1170 469 1249 Lycaoniae
485 1171 652 1233 adtributa.
676 1169 802 1255 (Strabo
823 1187 876 1230 ra.
892 1189 923 1250 p.
936 1183 1019 1247 391.
1038 1165 1058 1230 1.
1077 1161 1175 1248 563.)
1215 1163 1352 1226 Isauria

291 1272 497 1355 contingebat
512 1272 714 1351 Lycaoniam,
730 1271 887 1340 Pisidiam,
905 1269 1065 1340 Ciliciam3
1089 1269 1217 1328 Plinius
1233 1268 1352 1326 etiarn

296 1383 330 1448 5.
350 1385 404 1447 23.
422 1370 443 1434 s.
458 1387 515 1446 27.
538 1373 703 1434 Anemurii
723 1373 854 1458 regione
869 1371 907 1432 ad
925 1389 1010 1432 mare
1026 1370 1193 1430 decurrere
1212 1365 1352 1437 scribit,

181 1555 184 1560 Δ
288 1484 327 1534 et
342 1471 454 1536 Strabo
471 1472 632 1555 posteriori
648 1474 720 1536 loco
735 1475 932 1533 munimenta
948 1487 1059 1533 eorum
1071 1469 1112 1528 'ad
1135 1489 1228 1528 mare
1250 1488 1355 1529 corn-

290 1587 460 1637 memorat.
503 1573 609 1644 Priur.
628 1595 700 1636 cum
716 1575 926 1635 Anemurium
942 1572 980 1634 ad
997 1571 1141 1634 Ciliciam
1156 1571 1353 1650 pertineat,

292 1673 336 1734 (le
355 1689 452 1736 terrae
466 1675 645 1737 declivitate
665 1676 801 1759 intelligi
819 1671 933 1758 potest,
958 1671 1109 1754 posterius
1123 1671 1218 1730 varie
1236 1672 1355 1752 expli-

289 1787 390 1844 catur,
415 1761 454 1838 rie
468 1795 531 1856 quo
548 1767 587 1840 cl.
605 1777 699 1838 etiam
714 1776 826 1838 Cellar.
845 1789 877 1855 3,
894 1786 928 1852 4,
945 1787 1003 1852 25.
1039 1771 1111 1832 Poll
1125 1769 1222 1832 sensu
1236 1774 1356 1831 marri·

291 1893 348 1936 me
364 1877 452 1937 civili
468 1878 559 1938 latiur
578 1880 691 1959 patuit.
717 1877 807 1956 (Vid.
822 1877 860 1936 ad
882 1876 1017 1956 Eutrop.
1034 1875 1066 1943 6,
1083 1874 1135 1952 3.)
1171 1873 1231 1933 De
1252 1873 1357 1932 urbi·

291 1973 356 2038 bue
377 1977 489 2040 Strabo
510 1991 542 2039 et
562 1978 701 2048 Pliniua.
732 1978 869 2039 Ptolem.
895 1987 927 2054 5.
952 1984 988 2054 4.
1019 1993 1152 2056 quarum
1174 1965 1355 2060 Ἴσαυρα,

289 2071 371 2160 (rol,
391 2081 487 2141 rarius
500 2099 615 2163 genere
632 2078 798 2146 feminino.
822 2078 861 2140 de
876 2095 939 2159 quo
955 2075 1107 2158 Stephan.
1123 2087 1156 2135 et
1170 2073 1290 2136 Vales.
1312 2077 1359 2136 ad

294 2177 455 2244 Ammian.
479 2189 532 2257 ι4,
554 2191 588 2258 8.
603 2176 669 2264 in.)
692 2178 903 2240 celeberrima.
954 2177 1079 2238 Incolae
1100 2175 1293 2237 latrociniis
1319 2189 1357 2236 et

292 2277 550 2347 infestationibua
561 2295 640 2342 terra
657 2281 796 2361 marique
809 2278 897 2342 factis
910 2279 992 2345 noti.
1012 2297 1029 2338 a
1045 2276 1182 2338 Servilio
1202 2277 1357 2347 domiti,

290 2379 350 2440 etsi
367 2400 425 2442 nec
447 2380 550 2463 pallea
569 2380 607 2442 ab
627 2381 665 2443 iie
681 2379 823 2442 moribus
843 2400 897 2442 eos
912 2376 1070 2440 descivisse
1093 2389 1180 2458 patet
1202 2397 1247 2438 ex
1272 2379 1359 2438 Arn-

293 2482 405 2540 miano
428 2491 480 2558 ι4,
501 2498 531 2542 c.
554 2497 587 2542 et
607 2497 662 2556 27,
681 2500 714 2561 9.
749 2482 822 2544 Vid.
838 2479 990 2542 llandurii
1006 2489 1180 2542 comment.
1199 2479 1238 2538 in
1261 2481 1359 2540 anti·

290 2581 376 2660 quit.
395 2581 591 2645 Constantio.
606 2583 663 2647 lib.
682 2598 715 2659 7.
737 2603 769 2664 p.
785 2584 869 2660 608.
892 2581 1011 2662 (Ven.)

370 2780 503 2865 Lycii)
554 2785 608 2847 Gr.
633 2775 747 2855 Λύδοι,
774 2773 1001 2846 underlriiror.
1048 2781 1134 2842 Hinc
1151 2781 1258 2841 etiarn
1285 2782 1360 2846 Λυ-

292 2875 401 2954 ιδοιῖος,
425 2883 643 2968 (Stephanae)
666 2885 688 2948 f.
708 2877 854 2965 Λύδειος,
875 2895 911 2945 ut
925 2887 959 2944 in
975 2881 1143 2960 Hesychio.
1178 2877 1359 2945 naua-‚ri

296 2982 455 3066 ¹i'criplerat
473 2985 625 3054 Xanthus.
647 2987 856 3070 (Stephanus.
871 2988 939 3062 —-)
965 2984 1019 3045 em
1034 2973 1136 3046 Airita
1154 2987 1262 3043 etiam
1289 3004 1360 3046 vo·

292 3097 388 3156 'carm
414 3087 531 3168 dequo
550 3087 587 3149 ad
604 3087 747 3149 Straboo.
771 3105 824 3147 re.
842 3107 874 3168 p.
892 3101 975 3166 399.
993 3083 1014 3147 s.
1031 3097 1114 3162 579.
1148 3083 1242 3144 Olim
1261 3085 1358 3146 dicti

294 3181 426 3274 Maiora.-
440 3188 491 3248 vel
507 3185 664 3266 illaiarrr,
687 3185 863 3268 (Herodot.
886 3207 914 3259 r,
932 3203 966 3267 7.
994 3201 1026 3262 7.
1044 3197 1103 3262 74.
1137 3184 1259 3246 Strabo
1287 3200 1356 3266 15.

293 3297 331 3370 Ῥ.
355 3299 439 3366 450.
464 3285 484 3351 l.
511 3290 593 3366 625.
630 3289 763 3351 Diodor.
785 3297 819 3366 4,
845 3300 903 3365 3¹·
927 3283 1000 3365 alii)
1034 3304 1113 3368 quoe
1134 3283 1217 3346 solos
1239 3291 1359 3348 novit

260 3421 265 3426 ·
295 3387 471 3451 Homerus.
498 3387 638 3464 Μαίονες
655 3389 831 3470 posterioris
845 3391 954 3450 aetatis
970 3385 1102 3448 formam
1118 3386 1195 3446 dicit
1205 3385 1357 3458 Strabo,

291 3506 377 3570 ¹qum
397 3491 492 3550 etiam
507 3493 634 3574 adparet
655 3491 689 3550 in
713 3489 832 3557 numia.
855 3489 909 3549 etsi
926 3488 1020 3569 prior,
1047 3487 1147 3556 Ionia,
1171 3488 1279 3548 etiam
1299 3509 1359 3550 re·

296 3593 420 3672 peritur
436 3605 557 3672 praeter
578 3603 687 3674 poetae
710 3592 743 3651 in
763 3589 916 3669 Dionysio
935 3589 1035 3651 Halic.
1057 3607 1085 3654 r.
1105 3601 1161 3662 27.
1218 3585 1356 3670 Neque

296 3703 403 3752 tamen
421 3693 497 3752 olim
513 3711 624 3755 omnes
639 3694 671 3752 iu
693 3691 750 3752 hac
768 3688 954 3769 synonymia
969 3685 1203 3754 consenserunt,
1228 3691 1286 3748 uti
1305 3711 1358 3752 ex

298 3791 461 3854 Strabonis
481 3794 643 3874 posteriori
670 3794 740 3853 loco
757 3789 904 3859 discitur,
934 3803 966 3850 et
986 3801 1149 3855 uictorum
1168 3787 1240 3848 loco
1264 3809 1361 3870 pro·

293 3891 384 3962 bant.
418 3894 545 3974 dequo
571 3876 609 3953 ad
635 3892 836 3957 Strabonem.
888 3889 986 3951 Multi
1011 3902 1126 3958 tamen,
1157 3887 1192 3948 in
1218 3891 1358 3971 primia

294 4005 426 4076 poetae.
461 3993 641 4088 promiscuo
664 3991 749 4054 senio
776 4003 912 4074 ponunt.
963 3989 1163 4052 Ptolemaeus
1180 3999 1214 4064 5.
1242 4007 1281 4052 a.
1313 4006 1358 4054 et

298 4093 468 4180 coniungit
492 4107 525 4156 et
550 4093 688 4167 dirimit.
723 4092 763 4157 lic
787 4107 825 4158 ut
852 4093 1019 4157 Maeoniae
1049 4091 1129 4156 ‘finer
1153 4089 1357 4157 contrahat.
