2922 4958
229 381 282 440 stt
310 381 448 438 ronst.
480 381 588 440 Met.
628 381 708 440 ω.
750 379 882 440 cxlx.
925 381 1003 456 tn
1071 377 1140 457 367

89 569 201 620 entes.
246 555 313 616 Alie
336 556 491 618 adiectiva
514 551 654 618 recenset
675 554 869 636 Stephanus,
901 555 955 636 qui
980 555 1074 616 etiarn
1096 555 1139 619 cle

95 657 242 720 nominis
256 655 342 718 causa
359 659 396 718 ab
419 657 525 718 Astaco
541 657 689 737 exponit,
718 675 854 737 quocum
870 655 954 718 cons.
981 657 1138 720 Memnon

96 779 168 842 cap.
188 775 246 820 ut.
268 760 351 838 apud
375 759 529 820 l'hotium
552 779 583 838 p.
599 771 682 830 722.
714 759 769 838 qui
791 761 887 818 etiam
905 757 1138 840 Megarensium

95 880 173 922 cum
191 859 274 920 Mela
292 861 452 921 coloniam
470 857 552 920 sacis.
581 855 788 919 Athenienses
807 857 905 920 socioe
922 860 1009 920 addit
1024 859 1137 923 Strabo

100 977 159 1022 aa.
185 980 217 1040 p.
234 971 317 1036 388.
335 959 354 1022 s.
372 961 455 1036 563.
507 959 604 1028 Addit
628 959 732 1030 idem,
766 958 937 1022 inslauralle
961 980 1029 1022 eam
1054 964 1137 1023 Doe-

28 1065 31 1076 '
94 1059 238 1128 delium,
270 1060 449 1122 destruxisse
476 1059 709 1138 Lysrmachum.
759 1059 917 1122 Memnon
940 1081 966 1122 c.
991 1063 1012 1122 l.
1041 1063 1138 1124 Athe·

93 1161 233 1232 nienses,
264 1161 332 1242 poli
357 1159 555 1244 Megarenses
580 1159 634 1221 sub
658 1159 796 1238 Dydalso
820 1159 898 1242 (hc)
921 1163 1083 1224 incoluisse
1104 1174 1138 1224 et

96 1279 172 1324 tum
191 1262 306 1344 opibus
319 1261 447 1324 crevisse
465 1260 578 1324 scribit.
616 1263 819 1340 Aliquantum
840 1264 956 1322 recedit
972 1261 1137 1326 Pausaniae

97 1375 133 1442 5,
158 1381 211 1432 ιη.
230 1377 263 1440 5.
290 1365 344 1444 qni
361 1365 538 1444 Zypoeten,
559 1361 728 1432 Thracem,
752 1363 952 1426 conditorem
970 1377 1136 1434 memorat,

96 1483 137 1526 ex
155 1463 284 1546 ipsoque
306 1465 439 1526 nomine
455 1465 568 1526 adstrui
591 1464 673 1546 posse
695 1477 795 1546 putat.
847 1466 984 1546 Uterque
1005 1467 1136 1546 quidem

96 1567 133 1626 in
155 1565 284 1650 regibus
298 1565 468 1644 Bithyniae
488 1567 613 1648 prodit,
640 1565 760 1646 dequo
777 1561 929 1626 etsevm
947 1567 979 1626 irr
998 1566 1135 1628 Memoi·

96 1686 146 1727 res
166 1695 215 1710 -
237 1667 277 1726 de
295 1665 379 1728 Paris
395 1669 435 1728 T.
456 1675 507 1740 ¹8·
525 1688 556 1748 p.
568 1677 640 1746 489
653 1665 712 1747 sqq.
740 1664 789 1726 sed
809 1667 1011 1746 posteriorem
1028 1667 1135 1730 Allaco

96 1766 188 1829 suisse
214 1769 388 1848 Zypoetem
413 1766 432 1830 s.
456 1769 621 1849 Zipoetern
644 1766 712 1830 satie
734 1787 773 1828 ex
796 1767 973 1829 Memnone
995 1767 1134 1832 discitur.

97 1868 148 1932 Cs.
172 1869 246 1931 Lir.
270 1881 327 1944 53,
355 1869 408 1938 16,
438 1879 492 1944 ¹8·
525 1882 557 1930 et
583 1868 628 1929 ibi
655 1881 773 1930 notata.
841 1869 903 1929 Sed
931 1871 1068 1930 condere
1101 1880 1135 1930 et

98 1967 222 2056 κτίζειν
245 1970 338 2030 latius
357 1967 443 2052 saepe
459 1985 492 2032 et
509 1971 548 2031 de
563 1969 784 2031 instauratione
802 1969 961 2032 dicuntur.
998 1970 1135 2032 Gravior

94 2084 250 2132 movetur
275 2071 446 2152 disputatio
477 2072 516 2132 do
544 2070 705 2151 posteriori
738 2069 824 2130 urbis
857 2073 1007 2140 nomine,
1047 2069 1135 2150 quod

94 2172 323 2234 Nicomediam
347 2169 435 2234 inisse
460 2173 553 2232 multi
573 2173 717 2262 tradunt,
743 2185 777 2230 ut
797 2171 908 2232 Strabo
931 2191 958 2233 c.
977 2173 998 2234 l.
1025 2169 1134 2234 Pausa·

94 2277 165 2336 uias
182 2293 209 2334 c.
226 2274 248 2334 l.
273 2275 434 2336 Ammisn.
449 2290 502 2344 ια,
518 2283 551 2350 8.
578 2272 716 2335 Trebell.
726 2273 830 2332 Pollio
847 2273 879 2362 in
891 2273 1040 2336 Gallienis
1055 2273 1135 2334 duo·

84 2375 155 2437 -bns
178 2395 243 2456 cap.
260 2385 296 2452 4.
330 2374 484 2436 Eusebius
505 2395 555 2434 an.
576 2385 681 2450 rsstrq.
733 2373 844 2434 Minue
865 2387 971 2434 tamen
994 2377 1024 2434 id
1048 2393 1136 2436 accu-

93 2490 161 2538 rate
180 2495 318 2557 vereque
336 2478 425 2546 tradi,
440 2477 597 2560 graviores
612 2476 730 2537 docent
746 2475 846 2538 telles.
885 2477 935 2538 lta
948 2475 1060 2538 Strabo
1079 2493 1134 2540 to.

95 2600 127 2660 p.
151 2579 237 2656 316.
255 2576 275 2638 s.
294 2589 379 2656 459.
403 2595 470 2638 non
493 2574 593 2636 solum
617 2576 759 2637 Astacum
788 2597 885 2658 prope
910 2576 1135 2640 Nicomediam

95 2693 341 2747 commemorat,
374 2691 409 2738 ut
424 2677 581 2738 Memnon
604 2697 621 2740 e
640 2679 771 2762 regione
791 2677 888 2738 llstnci
913 2679 1053 2759 posnam,
1083 2677 1135 2740 sed

81 2797 127 2843 et
145 2783 180 2840 in
202 2779 354 2860 superiori
373 2779 444 2840 loco
468 2778 561 2848 dicit,
597 2778 738 2840 Astacum
756 2799 771 2838 a
789 2781 973 2854 Lysimacho
996 2781 1136 2842 dirutam

93 2897 127 2946 et
145 2881 265 2941 incolae
283 2879 504 2940 Nicomediam
522 2879 679 2965 traductos
696 2878 765 2941 esse.
806 2880 1009 2956 Lysimachus
1025 2893 1135 2941 autem

93 2983 236 3064 aequalia
250 2981 309 3040 snit
328 2982 501 3062 Zypoetae,
525 3000 591 3062 quo
607 2996 693 3062 patre
711 2978 784 3042 nsua
797 2980 839 3040 eil
856 2979 1049 3041 Nicomedes
1066 2979 1131 3043 ille.

93 3085 146 3146 Ex
175 3084 277 3142 deleta
305 3083 402 3164 igitur
425 3083 531 3144 rillaco
556 3085 657 3144 crevit
681 3085 760 3142 circa
790 3081 875 3140 idem
901 3094 1027 3161 tempus
1050 3082 1133 3144 dicta

81 3185 298 3256 Nicomedia,
318 3203 396 3264 quae
413 3183 487 3243 urhe
504 3197 631 3264 propter
641 3183 798 3244 deductos
812 3180 1025 3244 endslacenoa
1040 3195 1131 3244 antea

81 3283 210 3348 -iletilse
226 3284 331 3344 debet.
370 3283 581 3345 Conditorem
598 3295 703 3344 tamen
721 3283 773 3342 elii
789 3279 906 3342 iaciunt
925 3281 1133 3346 Nicomediae

94 3383 325 3454 Nicomedem,
352 3384 455 3445 veluti
478 3383 602 3452 Strabo,
631 3383 801 3452 Memnon,
827 3384 1017 3464 Stephanus.
1069 3383 1134 3448 Sed

92 3489 185 3571 plura
207 3485 248 3548 de
273 3486 334 3548 hoc
357 3483 500 3546 disseruit
522 3483 648 3548 Salmas.
672 3485 710 3546 ad
727 3485 907 3548 Pollionem
930 3505 956 3548 c.
982 3485 1007 3550 l.
1038 3499 1070 3548 et
1095 3484 1134 3546 ad

92 3590 198 3653 Solio.
221 3607 253 3668 p.
272 3607 315 3648 m.
332 3587 415 3662 617.
451 3587 546 3655 Mela,
571 3589 626 3666 qui
646 3587 789 3650 dilatum
814 3602 973 3667 tamquam
997 3585 1135 3669 supersti-

92 3703 162 3752 tem
197 3685 253 3750 suo
279 3702 424 3770 tempore
455 3688 621 3775 producit,
656 3687 711 3748 sno
744 3707 832 3750 ruore
866 3689 994 3769 antiqua
1025 3685 1131 3750 refert.

92 3789 207 3856 Strabo
230 3791 319 3852 enim
340 3790 380 3850 de
402 3807 438 3850 ea
458 3789 536 3848 dicit
558 3773 615 3872 ἦν,
649 3789 772 3850 Plinius
789 3780 879 3878 ferit.
945 3789 1135 3852 Posteriores

92 3895 191 3955 etiam
211 3889 307 3951 solam
322 3891 374 3950 hic
388 3889 505 3950 habent
516 3887 754 3956 Nicomediam,
779 3902 814 3948 nt
830 3889 992 3952 Hierocles
1006 3911 1037 3972 p.
1048 3891 1094 3969 69
1104 3909 1133 3952 t.

92 3995 212 4078 Googr.
231 3993 376 4054 llarenn.
395 4002 427 4067 5.
444 4008 478 4070 9.
506 3992 569 4054 tab.
587 3990 737 4076 Peuting.
754 4003 791 4069 8.
806 3991 844 4054 C.
888 3991 1074 4053 dilacenum
1091 4003 1135 4052 ta·

90 4115 171 4160 men
187 4091 291 4158 linunt
301 4107 335 4160 et
349 4092 506 4166 sicurnlti,
527 4107 567 4158 ut
583 4092 818 4179 supradictum,
835 4107 1026 4158 memorant.
1054 4091 1135 4158 Posi
