2828 4966
189 361 411 422 neom.
457 369 633 428 Mm.
700 371 798 428 LI.
838 373 930 430 (211.
972 372 1102 443 §.nm
1191 369 1231 434 62

126 533 234 618 §pinno
257 539 322 604 bie
360 541 485 608 serio
526 548 731 632 cogitet.
793 545 831 608 in
854 543 918 628 ipsa
943 547 1087 612 oratione
1112 541 1234 612 forma·

124 639 341 708 &ineunda
373 646 457 710 est.

156 849 446 934 aequoribus)
528 849 736 933 Aegaeo.
772 848 992 932 Heileiponto,
1024 852 1234 934 Propontide,

117 945 200 1021 fariam
224 953 447 1016 Maeotide.
500 971 765 1015 oromravs.
819 951 946 1015 Mediae
971 953 1056 1016 Asiae
1077 955 1159 1036 parti
1182 955 1235 1016 ad·

112 1045 198 1114 inditur
213 1075 301 1118 mare
328 1057 737 1118 mediterraneum
757 1050 796 1113 'in
818 1053 907 1132 Syria
931 1057 1087 1116 nimirum
1111 1069 1143 1118 et
1165 1055 1236 1120 Afra

109 1156 189 1218 amri.
220 1175 437 1220 aaarvrve
475 1157 595 1219 MS.
683 1155 758 1216 Rea
778 1153 841 1236 ipsa
865 1155 973 1226 docet.
1007 1157 1089 1218 hanc
1108 1173 1232 1239 partem

107 1254 262 1340 tiarprino
290 1261 476 1322 Graeci·
512 1255 653 1318 fuiss'e
689 1257 875 1338 cognitam,
908 1257 995 1318 unde
1018 1257 1083 1319 huc
1106 1261 1234 1344 egregie

103 1363 225 1431 ervenit,
247 1363 362 1443 quod
393 1363 569 1424 docuit
602 1357 808 1418 Bochartna
829 1357 863 1417 in
885 1357 1065 1442 Phaleg.4.
1091 1373 1149 1440 53.
1173 1357 1232 1452 Afi

97 1473 177 1523 mtare
206 1465 382 1526 mulium
437 1464 493 1523 in
555 1457 801 1521 sermonibus
842 1457 995 1520 Orientis.
1049 1478 1072 1522 r.
1101 1480 1232 1524 naono·

92 1579 149 1624 nra
165 1565 235 1627 MS.
293 1565 418 1626 Cum
461 1563 592 1624 Mela
628 1561 675 1620 in
703 1571 839 1640 utroque
865 1559 961 1622 latere
994 1563 1118 1624 mediae
1144 1564 1232 1626 Afrae

86 1682 182 1726 nmua
203 1669 344 1728 notatis
364 1666 482 1726 locis
507 1673 676 1744 ponat.
714 1656 783 1721 satia
802 1660 945 1742 adparet,
977 1663 1115 1724 mediam
1136 1665 1231 1728 latine

83 1763 124 1826 hie
143 1767 254 1830 valere
273 1783 320 1830 et
343 1772 463 1828 intra
489 1767 585 1826 duo
608 1762 674 1822 illa
692 1779 812 1824 cornua
826 1764 1038 1842 quaerendam
1057 1763 1128 1828 effe.

147 1967 449 2050 excipitur)
506 1961 721 2026 Venustum
740 1962 885 2034 verbum.
909 1965 994 2046 quod
1013 1966 1141 2037 indicat.
1164 1986 1232 2029 cur·

70 2065 156 2138 [arm.
190 2076 294 2142 vim,
335 2073 558 2152 impetum
586 2065 731 2126 alicuius
755 2065 943 2148 intercipere
966 2080 997 2127 et
1019 2067 1127 2138 linere,
1153 2087 1231 2150 quo·

71 2189 224 2251 cunque
243 2175 287 2232 id
307 2174 374 2232 fiat
390 2170 541 2232 modo.
608 2167 666 2226 Sic
687 2179 823 2226 tanatem
848 2169 953 2250 virgil.
971 2171 1049 2231 Aen.
1073 2189 1125 2240 to,
1145 2183 1230 2249 387.

79 2261 284 2358 fugientes
312 2273 457 2336 Cicero
484 2265 606 2330 Catil.
633 2277 665 2344 5.
689 2275 723 2344 4.
764 2261 941 2356 prograffos
961 2269 1061 2332 Solin.
1078 2291 1144 2353 cap.
1168 2285 1229 2348 27.

92 2369 122 2430 i.
145 2387 224 2450 ας.
258 2407 312 2420 -
370 2373 492 2435 Plura
521 2371 564 2427 in
594 2366 721 2426 Lexicia
742 2367 887 2449 prostant.
940 2368 991 2433 cf.
1015 2375 1110 2432 etiam
1134 2373 1231 2434 deri

104 2469 235 2532 tantm
257 2473 359 2532 verbi
376 2473 563 2533 Garatom.
584 2469 624 2526 ad
640 2467 742 2532 Cicer.
759 2489 817 2551 pro
835 2471 942 2532 Sextio
965 2491 992 2534 c.
1009 2473 1068 2536 66.
1103 2471 1156 2535 Est
1172 2474 1230 2558 igi·

127 2583 189 2630 tur
213 2575 289 2632 hoe
308 2575 408 2634 lotor
453 2569 640 2633 Continua
664 2565 739 2628 serie
765 2571 839 2631 inde
861 2571 900 2630 ab
918 2571 989 2633 Eoo
1006 2573 1082 2633 mari
1104 2594 1230 2655 procur·

144 2690 226 2732 rena
253 2674 325 2733 aaa
340 2675 380 2732 ad
403 2672 699 2734 mediterraneum
719 2690 804 2730 mare
826 2673 858 2730 in
881 2671 970 2732 cnrsu
985 2687 1070 2734 recto
1089 2671 1245 2738 definere

157 2775 311 2855 angitur,
340 2790 375 2834 et
396 2773 485 2832 hinc
512 2767 713 2830 dextrorsum
736 2785 769 2832 et
793 2769 995 2836 finisnorsum
1015 2775 1048 2834 in
1064 2775 1229 2854 Scythiam

161 2885 193 2929 et
208 2875 407 2956 Aegyptum
423 2873 601 2932 avertitur.
631 2872 701 2935 Vid.
714 2871 890 2936 Burmann.
904 2875 944 2935 ad
958 2875 1075 2938 Lucan.
1092 2891 1125 2952 Ω,
1141 2885 1228 2958 420.

161 2969 218 3032 ubi
238 2973 337 3034 hunc
357 2974 479 3035 locum
502 2972 683 3052 explicavit.
1214 2971 1217 2978 ’

90 3210 91 3214 =
242 3173 414 3255 cornu)
468 3171 691 3254 Metaphoram
709 3173 747 3234 ab
767 3173 921 3240 historicis
939 3177 979 3240 lt.
1002 3177 1178 3261 usurpatam
1194 3182 1229 3244 in

61 3216 90 3360 s
155 3273 391 3336 adiuratione
417 3275 576 3342 acierum,
610 3273 665 3334 ubi
690 3292 788 3336 cornu
812 3277 928 3338 dicitnr
948 3299 1007 3362 pro
1029 3281 1143 3352 latere,
1176 3282 1228 3344 hic
1285 3285 1290 3299 '

156 3389 291 3436 tuctur
314 3376 463 3436 traducit
491 3393 617 3456 quoque
645 3377 682 3436 ad
711 3375 943 3460 Geographiam
967 3379 1035 3443 satia
1058 3383 1228 3444 commoda

153 3481 321 3545 ratione,
360 3476 420 3536 ubi
444 3495 510 3536 non
537 3489 660 3536 tantum
688 3477 781 3539 latera
807 3478 847 3540 fic
873 3493 1042 3553 notantur,
1077 3483 1128 3545 secl
1155 3485 1228 3546 late·

151 3595 243 3638 mm
274 3597 415 3658 quoque
445 3579 662 3641 extremitates
685 3591 740 3640 aut
763 3581 1006 3662 prominentiae.
1046 3603 1071 3647 1.
1095 3603 1227 3648 naono·

44 3720 50 3785 ᾗ
152 3697 250 3742 rm
279 3679 364 3742 MS.

348 3885 381 3961 ς.
411 3895 447 3944 2.
503 3879 585 3942 Ora
609 3881 723 3965 eius)
772 3882 857 3947 Ome
876 3885 1009 3949 nomine
1031 3887 1158 3950 videtur
1179 3889 1226 3950 in·

149 3983 324 4071 telligere
346 3997 477 4045 tantum
494 4003 564 4044 earn
587 4000 706 4064 partem
724 3985 825 4056 Asiae,
860 3987 892 4047 in
915 4009 974 4068 qna
996 3991 1130 4052 confinia
1156 3989 1226 4051 sunt

34 4144 41 4167 ‚
144 4084 299 4151 Africae
323 4099 360 4149 et
381 4085 548 4166 Europae.
600 4085 684 4148 Nam
706 4087 739 4150 in
757 4089 850 4152 alveo
870 4087 937 4150 Nili
952 4093 1089 4156 confinia
1104 4091 1226 4155 Africae
