2828 4966
152 411 505 471 intonantem.
547 411 630 468 Li.
672 409 752 470 αἱ.
795 411 874 484 §.20
989 427 1032 492 53

51 599 125 665 quoto
140 588 229 671 magia
249 586 389 668 obpofiti
412 585 553 668 pedibus
574 584 781 666 (antipodes)
801 583 840 646 ab
862 599 1030 667 aeqottore

51 689 133 754 inunt.
153 707 217 748 cum
237 687 291 748 iub
310 703 493 768 aequatura
515 687 701 748 virentibue
721 687 832 748 eadem
858 687 919 746 fint
942 687 1033 750 fimnl

51 803 69 846 tt
82 789 165 866 pariter
182 791 252 849 anni
276 803 442 871 tempora.
497 787 626 848 Pariter
647 787 689 848 eil
713 786 815 856 fimut,
842 789 977 854 Sueton.
996 791 1033 852 itt

51 887 149 950 l'itellc.
164 909 195 970 9.
221 887 318 954 ovid.
336 889 461 952 Fastor.
483 908 514 960 ι,
534 889 619 964 697.
652 887 738 950 Mela
752 901 785 968 5,
808 907 886 960 1.1.

94 1091 369 1154 Antichthones
378 1090 399 1173 )
434 1091 475 1153 ln
495 1089 565 1154 MS.
590 1109 685 1172 quem
700 1108 761 1152 nos
775 1089 924 1176 legimus.
943 1091 1035 1153 Anei-

51 1186 111 1262 pio
125 1193 239 1253 omniuo
261 1193 386 1276 legitur
408 1207 443 1255 et
462 1212 490 1252 c.
507 1211 541 1272 9.
565 1191 660 1254 huiuo
682 1191 767 1256 libri.
811 1191 879 1254 Neo
901 1193 1033 1258 mirum.

52 1288 266 1354 lanetServiue
281 1297 315 1354 in
334 1294 468 1377 Virgilii
484 1291 600 1376 Georg.
622 1313 650 1363 ι,
676 1305 759 1370 235.
791 1291 868 1354 Aen.
889 1295 922 1364 6.
947 1305 1032 1370 552.

53 1403 151 1467 npess.
171 1395 248 1466 671.
278 1396 415 1455 videtur
436 1394 612 1475 Antipodae
627 1394 782 1475 appellare
804 1395 942 1455 eosdem.
995 1397 1036 1456 lu

54 1487 176 1569 [tegmento
190 1493 249 1556 live
263 1494 498 1561 Eratosthenis,
520 1493 583 1554 irre
602 1493 783 1576 Hipparchi,
809 1494 895 1576 qnod
910 1495 1036 1557 editum

55 1589 145 1651 eitum
162 1598 397 1658 commentariis
419 1595 595 1676 Hipparchi
617 1596 651 1655 in
672 1599 802 1656 Aratum
825 1589 877 1680 [p.
895 1597 979 1658 266.
1002 1597 1038 1656 io

57 1687 137 1748 letarii
157 1689 364 1782 Uranologio]
403 1707 438 1758 et
467 1695 501 1754 in
527 1696 765 1778 prolegomenis
795 1696 926 1756 Achillie
951 1697 1040 1757 Tatii

60 1779 89 1868 sp.
105 1793 163 1866 156.
177 1814 200 1858 c.
215 1791 259 1880 1.]
281 1795 469 1878 Antipater
486 1797 705 1866 nominantur.
728 1797 786 1878 qui
803 1795 924 1858 diversa
940 1795 1041 1857 hemi·

60 1885 318 1965 inhahitantem.
374 1896 570 1959 Cleomedee
597 1889 674 1980 [lib.
702 1916 731 1958 ι.
756 1916 789 1978 p.
814 1891 896 1982 94]
931 1911 1040 1960 autem

62 1989 132 2060 tout.
158 1995 329 2074 antipodas
355 1997 488 2078 proprie
512 1997 670 2058 nominari
695 2015 768 2066 eos,
800 1999 855 2078 qui
881 1999 914 2058 io
941 1999 1039 2059 altero

63 2085 230 2173 hemisphaerio
265 2091 359 2160 κατὰ
399 2089 570 2184 διάμετρον
611 2097 750 2180 oppollti
787 2095 869 2161 lunt.
934 2099 1041 2182 Quam

66 2187 264 2269 ignifiutionem
281 2201 418 2260 videtur
433 2196 518 2278 loqui
540 2197 586 2262 M.
605 2199 734 2260 Tullius
750 2199 900 2262 Academ.
920 2209 955 2278 4.
982 2213 1039 2278 39.

67 2295 280 2378 ulnappelhre
297 2301 451 2382 obliquos
467 2301 501 2363 6.
519 2299 559 2360 de
572 2299 748 2378 republica,
775 2313 812 2359 ut
827 2303 958 2381 exponit
977 2301 1043 2362 Ma·

70 2395 150 2456 unliu
166 2399 194 2458 in
212 2403 323 2464 somn.
348 2404 436 2484 Scip.
458 2416 490 2470 a,
512 2411 545 2478 5.
582 2399 757 2462 Martianus
780 2413 888 2462 tamen
914 2401 1043 2482 Capella

72 2482 119 2572 llil.
132 2497 157 2558 6.
168 2519 196 2580 p.
209 2505 286 2579 196.
303 2496 423 2586 Grot]
445 2521 518 2569 eoa.
544 2502 601 2581 qui
623 2493 712 2563 κατὰ
736 2491 879 2564 κάθετον
900 2502 947 2562 sni
964 2501 1046 2572 lunt.

73 2593 193 2675 lfltlpudae
215 2605 365 2682 appellat,
403 2621 482 2684 quoe
497 2603 622 2662 Tulliue
645 2601 773 2662 videtur
792 2593 988 2694 transversos
1010 2604 1045 2663 in

75 2689 201 2763 'ulomnio
215 2705 296 2786 Scip.
313 2723 342 2768 c.
361 2705 398 2766 6.
419 2701 536 2763 dixille.
564 2701 782 2764 Antichthona
803 2715 919 2766 terram
936 2705 1048 2765 video·

76 2805 104 2849 ur
114 2797 282 2884 Pythagorici
303 2801 430 2866 vocallo
449 2803 582 2864 alterum
599 2801 880 2886 hemisphaerium,
904 2819 940 2865 ut
958 2823 1049 2886 appa·

78 2909 104 2950 ut
116 2917 143 2956 er
154 2901 309 2966 Plutarcho
323 2906 369 2966 de
382 2905 515 2968 decretis
529 2901 642 2986 philol.
664 2901 720 2992 [5.
736 2923 769 2984 9.
781 2899 794 2990 J
821 2905 872 2966 Sic
885 2919 917 2965 et
931 2907 1050 2987 Tapro·

80 2987 124 3054 ‘un
140 3001 219 3064 inlula
238 3004 498 3068 Antichthonum
519 3005 728 3086 appellatione
748 3007 827 3067 alter
845 3005 930 3068 urbia
952 3005 1053 3067 exilii·

83 3110 138 3162 mu.
153 3116 182 3162 ut
195 3105 314 3170 Pliniuc
326 3107 364 3177 6,
380 3121 439 3169 aa.
459 3099 502 3192 [l.
517 3099 596 3192 αφ]
613 3120 646 3168 et
657 3107 785 3168 Solinue
799 3127 825 3168 c.
838 3107 897 3184 56.
916 3099 958 3192 [i.
972 3099 1053 3192 55.]

84 3201 245 3276 polluunt,
266 3227 366 3288 quem
382 3219 414 3268 et
435 3207 580 3267 Lucanus
601 3227 629 3278 ι,
646 3217 732 3284 457.
754 3205 857 3269 orbem
879 3208 976 3267 olium
998 3225 1055 3267 no·

87 3297 180 3366 uincit,
224 3308 316 3390 Quod
341 3309 384 3368 ita
405 3305 510 3368 ullum
530 3307 713 3388 Hipparcho
736 3307 838 3372 noller
861 3307 944 3370 Mela
965 3321 1058 3368 antea

88 3395 243 3468 ulierrarerat
261 3409 316 3470 lib.
343 3423 375 3488 5.
401 3403 451 3497 [c.
469 3403 523 3495 7.]
537 3409 641 3496 'Tatio
664 3401 725 3493 [ad
741 3401 893 3492 Aratum]
918 3421 951 3470 et
972 3409 1057 3470 Ano·

93 3513 164 3572 tyno,
184 3511 315 3587 quicum
340 3512 395 3573 illo
410 3496 646 3580 circumfertur,
674 3504 908 3572 Antichthonee
927 3509 1057 3593 proprie

94 3593 199 3678 licuntur,
221 3613 272 3692 qui
289 3613 331 3675 ad
355 3609 617 3693 perpendiculum
633 3608 690 3669 iub
704 3609 772 3670 aliie
793 3607 876 3672 lunt.
902 3643 952 3660 --
985 3611 1059 3672 Era·

98 3699 182 3766 hibeni
196 3713 327 3791 quidem,
353 3725 406 3774 aut
422 3709 615 3793 Hipparcho,
641 3723 679 3771 ut
693 3710 744 3771 alii
763 3711 885 3794 legunt,
909 3725 943 3774 et
963 3713 1059 3773 Tatio

100 3785 239 3888 inploret
257 3813 347 3884 lunt,
373 3808 431 3894 qui
453 3813 538 3872 idem
555 3803 823 3893 hemisphaerium
840 3813 1001 3882 incolunt,
1028 3823 1062 3872 et

103 3897 129 3954 ἦ]
144 3909 260 3984 tullium,
292 3917 349 3978 elli
374 3914 633 3997 septemtrionem
660 3911 807 3994 [pectant.
870 3913 915 3975 Hi
938 3911 1064 3974 antoeci

106 3997 136 4056 ll*
145 4009 259 4076 videntur
273 4011 455 4086 Cleomedi,
478 4007 539 4099 [de
553 4014 676 4076 circuiit
696 4011 752 4076 lib.
776 4031 805 4074 1.
825 4033 856 4096 p.
874 4027 933 4094 93.
951 4005 1063 4097 hant]

109 4093 209 4174 limonio
229 4113 276 4206 [in
300 4121 417 4183 somn.
441 4117 526 4198 Scip.
550 4131 584 4188 o,
606 4108 662 4202 5.]
687 4128 721 4178 et
737 4113 908 4190 Martiano,
934 4111 1012 4206 [lib.
1029 4113 1064 4180 6.

135 4219 194 4300 lap,
205 4233 283 4294 Mela.
302 4237 421 4312 [reget.
438 4233 475 4289 L.
493 4233 516 4288 1.
781 4214 809 4280 c
