2828 4966
276 353 277 358 Ν
343 391 385 454 ιι
572 465 575 472 ,
610 398 773 457 Nom
814 400 1116 470 exeeemcee

342 569 430 635 sexto
447 569 487 634 de
502 569 624 655 republ.
639 573 731 642 libro,
753 569 869 661 [imino
884 572 924 637 ei.
940 576 1052 638 Somn.
1068 576 1154 658 Seip.
1165 593 1192 637 c.
1204 567 1254 660 5.]
1282 571 1380 634 Terre

342 674 458 756 inquit,
480 675 645 754 complexa
665 675 796 736 medinm
821 676 929 736 mundi
948 677 1061 738 locum.
1088 670 1296 761 [l’raeceditz
1328 677 1376 736 im

336 766 463 867 semper
487 766 565 866 secie
589 771 728 863 luerem]
783 777 825 838 El
851 779 984 840 iterum:
1020 772 1108 863 [cap.
1131 787 1167 856 4.
1192 789 1275 838 extr.
1295 795 1327 838 c.
1348 777 1374 838 1.

342 877 433 940 Nam
457 872 503 948 ιὰ,
535 875 677 963 quaeest
700 876 802 938 media
824 890 856 937 et
878 899 963 940 noim
986 879 1087 950 tellus,
1113 899 1210 962 neque
1231 891 1380 940 momtm

342 989 375 1039 el
394 976 506 1070 infima
526 977 580 1072 ιβ.
630 980 692 1042 sed
716 980 870 1039 nimirum
902 981 935 1041 id
958 980 1019 1052 est,
1056 981 1143 1060 quod
1165 981 1254 1040 idem
1285 980 1380 1060 prim

343 1079 522 1140 Tusculana
546 1077 634 1166 [cap.
655 1074 737 1164 alp]
765 1079 886 1152 scribit,
917 1094 984 1142 lum
1011 1080 1136 1162 globum
1164 1082 1357 1140 eminentem

344 1184 427 1242 mari
438 1178 546 1272 fixum
568 1183 600 1242 in
618 1181 717 1242 medio
734 1181 843 1242 nitendi
861 1179 998 1269 ιιιιίυιιβ
1018 1183 1096 1245 loco.
1130 1182 1183 1246 Est
1198 1200 1276 1265 ergo
1286 1171 1380 1270 subii

342 1283 403 1344 mis
420 1283 472 1342 hic
485 1283 629 1344 eminens
645 1284 757 1344 emari
770 1291 862 1364 etque
877 1284 1007 1346 exstene.
1052 1285 1142 1344 Licet
1163 1285 1251 1344 idem
1268 1283 1311 1342 de
1337 1303 1380 1342 na

343 1395 414 1444 ture
432 1385 530 1446 Deor.
556 1399 589 1447 ι.
616 1379 661 1471 [ι.
685 1378 766 1468 45.]
800 1405 913 1465 aquam
938 1399 1017 1446 terra
1034 1385 1093 1447 elie
1115 1386 1261 1446 altiorem
1285 1385 1380 1444 trade

342 1483 396 1546 hie
418 1484 542 1546 verbis:
576 1484 759 1567 Eademque
782 1490 903 1546 ratione
926 1507 1028 1558 mare,
1055 1508 1124 1548 cum
1137 1477 1245 1578 snpra
1265 1497 1380 1544 terram

335 1581 405 1678 sel,
438 1587 572 1646 medium
600 1599 705 1647 tanuen
728 1599 828 1646 terrae
848 1588 948 1648 locum
977 1600 1140 1664 expetens.
1173 1583 1380 1666 conglobata.

345 1687 485 1770 uvidique
515 1685 732 1770 aequabiliter,
770 1709 867 1770 neque
897 1689 1052 1748 redundat
1083 1708 1249 1770 illaquam.
1285 1707 1380 1768 nequ.

343 1783 532 1877 effunditur.
570 1789 612 1848 Et
630 1789 776 1871 Virgilius
799 1790 853 1852 lib.
871 1803 902 1868 3.
930 1791 1063 1851 Aeneid.
1091 1785 1147 1876 [v.
1164 1782 1271 1874 522]
1301 1785 1380 1848 Cun

344 1889 455 1972 procul
489 1879 636 1980 obscuros
670 1890 781 1962 eolles,
823 1891 1028 1973 humilemque
1060 1891 1203 1952 videmus
1233 1887 1379 1948 Italiam

344 1991 424 2054 Eiue
447 1993 603 2075 interpret
628 1991 776 2062 Servius,
808 2013 880 2062 rem,
912 1993 998 2060 dicit.
1029 1988 1194 2076 physicam
1219 1989 1380 2069 exprimit

345 2095 420 2178 quia
435 2114 533 2163 omne,
560 2090 644 2176 quod
664 2095 813 2162 continet,
839 2094 936 2154 altius
957 2091 999 2182 ιβ·
1018 2113 1062 2162 ιο,
1088 2091 1173 2176 quod
1189 2091 1379 2151 continetur

346 2213 559 2256 cmccomve.
619 2194 762 2254 Thaletis
792 2214 861 2254 eam
896 2192 983 2254 suill'e
1017 2193 1205 2256 sententiam
1237 2192 1380 2252 adfirmal

344 2295 531 2357 Plutarchus
553 2291 592 2354 de
616 2293 736 2374 placitis
757 2293 1017 2376 philosophorum
1039 2309 1070 2374 5,
1096 2317 1149 2356 ιι.
1184 2293 1380 2354 Ριιιιιιιιίἀὶι

346 2410 379 2458 et
403 2396 533 2478 quidem
556 2396 696 2474 primum
720 2397 857 2478 Diogen.
882 2397 985 2457 Laert.
1001 2415 1035 2473 9,
1061 2412 1093 2458 2.
1120 2394 1139 2456 i.
1158 2410 1216 2456 ιι.
1267 2393 1380 2452 Anaxi«

345 2497 470 2560 mentiri
491 2495 576 2556 idem
597 2511 628 2562 ι,
651 2515 679 2556 ι.
706 2494 845 2556 Zenonis
866 2509 897 2556 et
918 2494 1152 2578 discipulorum,
1175 2497 1260 2556 idem
1274 2493 1330 2554 lib.
1347 2509 1379 2568 7,

348 2611 408 2677 82.
424 2595 445 2658 s.
463 2608 542 2672 ¹55·
567 2597 691 2656 Timaei
705 2597 807 2664 Locri,
825 2599 914 2659 Plelo
929 2601 962 2657 in
971 2601 1104 2659 'l'imaeo
1120 2617 1151 2678 p.
1166 2595 1379 2678 13.(Bipont.

347 2700 420 2760 Vol.
443 2697 513 2780 ιο.)
566 2699 656 2758 Idem
679 2701 803 2779 putavit
825 2699 1002 2760 Aristoteles
1024 2701 1063 2759 tle
1085 2699 1174 2760 coeio
1193 2713 1226 2765 ι.
1249 2707 1379 2774 1514.

348 2814 391 2870 et,
418 2801 505 2880 quod
526 2797 661 2868 testatur.
690 2799 833 2879 plurimi.
882 2801 927 2858 lta
948 2800 1077 2880 quidem
1100 2801 1195 2860 etiem
1215 2801 1323 2858 Arame
1346 2799 1378 2856 ie

347 2901 522 2984 phaenom.
547 2915 581 2961 v.
599 2913 658 2978 25.
692 2900 804 2961 Cicero
830 2903 864 2960 in
882 2903 1015 2962 Somnio
1036 2901 1120 2982 Scip.
1141 2919 1167 2960 c.
1187 2909 1220 2974 5.
1255 2897 1378 2980 Quaest.

347 2999 477 3065 Tuscul.
498 3019 527 3070 1,
551 3011 609 3076 28.
644 3001 766 3062 Plinius
790 3017 821 3072 2,
847 3003 905 3079 69.
930 3002 1047 3064 etalii.
1097 3000 1215 3062 Contra
1231 2999 1378 3064 Manilius

354 3125 384 3174 ι,
414 3117 492 3174 ι7ο.
527 3099 660 3160 medium
684 3102 782 3160 tocius
806 3115 837 3162 ιι
861 3104 957 3162 imum
980 3100 1034 3192 ιβ.
1086 3103 1129 3162 Ει
1151 3101 1189 3160 fic
1211 3099 1322 3160 Cicero
1345 3102 1378 3160 ir.

349 3205 461 3268 Somn.
478 3204 562 3283 Scip.
586 3221 612 3264 c.
632 3213 664 3277 5.
699 3203 762 3262 ima
778 3193 853 3292 sede
869 3193 994 3292 semper
1013 3203 1119 3262 haeret
1140 3199 1299 3278 complexa
1321 3221 1377 3260 me

349 3307 435 3367 dium
463 3301 572 3364 mundi
602 3301 714 3362 locum.
768 3301 893 3384 Nempe
922 3319 958 3362 ut
987 3317 1065 3363 terra
1091 3301 1211 3383 aequali
1241 3300 1377 3382 pondere

348 3407 459 3470 librata
473 3405 613 3486 undique
627 3416 660 3464 et
674 3403 816 3464 medium
835 3419 868 3466 et
891 3407 995 3466 imum
1015 3405 1124 3466 locum
1139 3413 1314 3485 occuparet.

423 3598 639 3698 sublimis)
691 3607 877 3668 Eminense
891 3607 1078 3686 metimque
1095 3605 1223 3667 exstans.
1250 3623 1376 3668 cucco·

353 3726 444 3778 euve,
471 3709 560 3768 cuiue
577 3709 732 3788 integram
749 3723 858 3768 notam
873 3721 963 3766 antea
979 3707 1065 3768 dedi.
1117 3707 1260 3770 Univerli
1273 3709 1376 3770 medio

352 3823 433 3870 terra
454 3806 610 3889 suspense,
637 3820 669 3868 et
685 3805 771 3888 lupia
788 3807 951 3868 Oceanum
968 3811 1130 3878 eminens,
1157 3809 1293 3888 undique
1315 3811 1375 3870 cin·

353 3913 439 3996 gitur
462 3909 553 3970 mari.
605 3907 758 3970 Sublimis
773 3909 804 3967 ii.
821 3909 841 3968 i.
865 3908 907 3969 est
928 3911 1084 3970 eminens.
1120 3927 1284 3970 oneevlvs
1303 3910 1375 3972 MS.

354 4012 483 4091 Nempe
506 4010 667 4078 hactenus,
697 4021 735 4067 ut
750 4027 766 4067 a
783 4009 860 4068 mari
873 4028 940 4072 non
958 4009 1118 4080 obruatur,
1145 4024 1240 4092 prout
1255 4000 1375 4100 suspen-

349 4107 425 4206 ]em
443 4111 523 4172 dicit
535 4107 695 4182 Manilius,
712 4109 763 4188 [1‚
781 4113 879 4193 iam]
901 4108 1050 4174 libratam
1066 4111 1215 4178 Ovidius.
1239 4109 1374 4190 [Metam.
