2852 4946
162 415 373 476 ltil’orol'.
403 413 513 474 Mat.
554 415 636 474 Μ.
678 415 799 474 ΗΠ.
840 410 920 483 ιι.
993 429 1055 496 ³⁷¹

54 610 113 655 rore
126 591 293 655 conditore.
319 587 464 670 (Curtiue
474 595 509 671 q,
518 597 553 668 4.
568 609 580 648 ι
588 601 623 665 5.
644 587 699 650 ubi
713 589 780 653 vid.
794 589 1056 672 Freinshemius.)

54 691 168 754 Priscum
188 707 292 756 tamen
315 711 437 754 nomen
459 689 583 752 haeiille
610 690 736 752 videtur
759 693 846 772 apud
871 694 999 756 Latinae
1022 693 1057 756 iu

54 813 114 854 roce
129 794 236 866 Sarra,
269 811 350 875 quae
371 785 483 874 paffim
505 793 659 860 occurrit,
692 791 793 853 veluti
814 795 899 875 aputl
917 794 1059 861 Gellium

60 904 98 972 tq.
116 897 145 958 6.
171 895 296 957 Festum
321 893 355 956 h.
377 913 411 956 v.
433 923 484 942 -
512 905 546 956 et
569 889 769 974 frequentius
792 893 952 957 Sarranus
972 895 1059 978 apud

56 1009 147 1075 poetar,
170 997 283 1059 Silium
298 995 333 1054 in
349 993 472 1076 primia.
497 1005 536 1054 ut
550 991 679 1086 trslrum
702 1015 818 1064 nrurex.
843 995 933 1058 viola
950 1029 999 1044 -
1021 998 1060 1059 in

56 1095 150 1160 lancie
164 1111 270 1158 notata
284 1108 346 1158 eta
362 1095 521 1157 Bocharto
536 1095 570 1156 iu
584 1094 686 1158 Chen.
698 1111 730 1164 o.
746 1113 801 1158 ro.
817 1099 863 1157 in.
894 1094 945 1160 cf.
961 1099 1060 1159 etiam

55 1195 188 1260 lirineliue
206 1199 247 1260 de
263 1197 370 1280 lingua
390 1195 511 1258 Punica
535 1215 601 1278 cap.
620 1209 653 1274 3.
673 1199 703 1274 §.
722 1197 756 1260 6.
775 1211 808 1270 ¹7.
860 1199 1063 1278 antiquitate

56 1299 117 1358 cedit
137 1299 265 1370 Sidoni,
298 1298 418 1382 quippe
440 1315 535 1380 quam
557 1298 653 1358 novit
674 1298 853 1369 Homerus,
888 1317 956 1360 non
979 1301 1060 1362 item

54 1397 167 1475 Tyrum.
199 1401 247 1465 uti
268 1413 301 1460 et
329 1411 419 1460 notat
441 1395 554 1460 Strabo
575 1399 629 1462 16.
652 1419 684 1480 p.
701 1413 785 1474 520.
809 1397 829 1462 l.
856 1402 940 1477 756.
966 1414 999 1462 et
1019 1399 1060 1463 ab

54 1497 118 1561 illiue
139 1500 260 1562 civibus
282 1516 367 1562 anuo
392 1514 466 1561 ante
488 1501 662 1562 Troianam
687 1499 809 1562 cladem
836 1501 965 1562 condita
986 1500 1060 1574 fuir,

54 1614 155 1664 auctore
173 1601 291 1664 lustina
311 1613 366 1676 ιδ.
384 1613 416 1680 3,
433 1613 466 1678 5.
499 1597 672 1662 fecundum
693 1597 866 1682 losephum
886 1603 920 1662 in
938 1605 1061 1686 antiqu,

54 1699 107 1762 lad.
122 1713 151 1779 3,
168 1715 199 1781 5,
221 1724 252 1766 r.
275 1703 366 1764 annio
383 1711 453 1781 240
471 1717 544 1764 ante
559 1702 724 1764 conditum
740 1703 898 1784 templum
914 1703 1062 1766 Hierolo-

55 1799 228 1876 lymitauum,
256 1803 327 1871 etii,
353 1804 440 1882 quod
462 1804 511 1873 fit,
537 1803 570 1862 in
593 1801 642 1864 hie
662 1803 759 1882 aliqui
780 1805 924 1884 paullum
947 1806 1065 1867 diecre-

54 1917 124 1980 pant,
147 1919 181 1964 ut
196 1905 244 1965 ibi
260 1917 373 1966 mouet
389 1904 637 1984 Havercampue.
676 1905 739 1964 Sed
756 1905 823 1968 vicl.
838 1905 1004 1966 Weinrich
1020 1895 1064 1968 tie

54 2005 130 2080 prima
147 2007 225 2084 Tyri
242 2005 376 2088 origine,
400 2003 523 2070 observ.
541 2005 599 2078 67.
617 2006 650 2065 in
666 2003 798 2068 Miscell.
821 2004 901 2086 Lipl.
918 2007 1016 2068 Tom.
1029 2019 1066 2084 5.

55 2121 78 2182 p.
93 2103 154 2186 264
168 2106 229 2188 sqq.
259 2121 291 2167 et
307 2109 347 2166 de
363 2105 387 2167 F
389 2117 511 2166 ontenu
528 2105 712 2168 recherches
730 2103 780 2167 lur
798 2106 827 2167 la
842 2105 1007 2168 fondation
1022 2107 1066 2167 de

56 2201 155 2269 laville
176 2211 215 2270 do
230 2209 300 2286 Tyr
315 2209 348 2266 in
365 2205 435 2268 hist.
458 2208 498 2270 cle
515 2207 622 2270 l’acad.
646 2209 701 2268 tlre
722 2204 828 2268 inlcrr.
847 2237 894 2250 -
920 2209 960 2272 de
974 2207 1065 2270 Pario

56 2304 84 2364 T.
102 2320 148 2384 ¹8·
163 2329 195 2392 p.
218 2323 260 2384 17
279 2306 340 2389 sqq.
368 2309 425 2388 qui
440 2309 508 2370 eiue
527 2309 749 2390 antiquitatem
767 2309 847 2370 ultra
867 2308 986 2390 aliquot
1004 2305 1066 2369 lae·

56 2406 106 2468 nu
118 2423 184 2470 ante
200 2406 526 2472 Nabuchodonosorie
543 2429 677 2492 regnum
693 2423 849 2472 removet.
902 2408 969 2492 lpla
986 2427 1066 2472 vero

55 2509 128 2568 etiam
143 2511 258 2574 multae
273 2509 365 2572 urbee
381 2507 578 2579 fundaverat,
597 2529 674 2591 quae
687 2524 941 2573 commemorant
956 2506 1066 2592 paffim

56 2623 189 2682 auctores,
216 2624 256 2671 ut
278 2611 425 2691 Leptim,
450 2611 592 2681 Uticam.
619 2611 861 2694 Carthaginem,
888 2611 992 2674 Gadee
1015 2638 1067 2656 -

58 2706 109 2770 lid.
124 2711 201 2774 Plin.
221 2725 256 2790 5.
279 2710 365 2787 17.l.
381 2733 393 2772 ι
401 2729 435 2790 9.
464 2711 601 2792 Curua,
624 2729 753 2790 19‚20.
776 2745 825 2762 ·-
853 2713 944 2797 Quae
959 2727 1068 2774 autem

58 2805 86 2868 tle
99 2811 157 2876 riae
171 2814 358 2894 antiquitate
375 2827 604 2882 memorantur.
630 2814 667 2873 ed
685 2813 872 2893 Palaetyron
892 2811 1000 2876 referri
1015 2813 1069 2874 de·

57 2903 130 2982 brut,
154 2935 233 2994 quae
257 2915 392 2984 Latinie,
420 2913 520 2974 veluti
535 2913 653 2976 ¹Curtio
672 2924 706 2994 4.
724 2931 756 2984 a,
783 2926 837 2991 ιθ.
872 2915 992 2976 lustina
1013 2932 1068 2984 rt.

62 3028 102 3079 to,
120 3035 170 3078 ιι.
191 3029 287 3077 vetus
314 3014 427 3096 Tyros,
453 3011 562 3096 palstm
587 3017 702 3087 etiam,
736 3016 845 3077 utilit
871 3015 905 3075 in
933 3015 1070 3083 Graecia.

59 3101 285 3202 illalairupor
300 3117 352 3176 vel
367 3109 473 3178 πάλαι
487 3107 594 3202 Τύρος
610 3119 737 3188 dicitur,
752 3117 897 3180 Diodoro
912 3130 966 3190 17,
976 3111 1070 3192 apol.

59 3201 201 3290 inoleta*
223 3207 341 3302 Τύρος.
392 3219 498 3296 Atque
519 3217 597 3278 haec
618 3215 680 3278 luit
702 3219 816 3287 Sarra.
844 3219 884 3278 de
899 3236 958 3299 qua
981 3213 1072 3296 supra
1136 3229 1139 3236 '

59 3309 121 3383 dixi,
150 3333 183 3378 et
203 3331 318 3378 monet
341 3312 464 3378 Voffiur
483 3319 521 3380 etl
549 3318 711 3400 Scylacem
735 3339 768 3400 p.
793 3337 874 3382 rot.
898 3318 948 3380 ed.
970 3315 1071 3380 Gran.

59 3411 101 3471 ubi
120 3418 221 3497 plures
242 3420 273 3478 T
274 3419 324 3496 yri
343 3431 579 3488 memorantur.
613 3421 668 3481 etsr
691 3420 847 3500 corruptio
875 3417 1074 3480 nominibus.

60 3509 175 3578 Distabat
189 3520 268 3580 haec
281 3518 460 3598 Palaetyroa
474 3522 585 3597 aTyro
601 3519 728 3581 insulari
744 3518 800 3582 lec.
816 3519 1004 3581 Strabonem
1014 3518 1075 3586 c.l.

63 3623 96 3687 so
116 3617 226 3682 llarliie.
287 3620 457 3682 Alexandri
484 3635 629 3703 tempore
653 3617 794 3684 eversam
819 3619 956 3690 iacuille.
991 3631 1076 3690 certe

61 3729 150 3790 parum
165 3719 338 3782 habitatam
352 3717 450 3791 inille,
466 3721 595 3803 adparet
610 3739 649 3782 ex
665 3739 715 3792 eo,
734 3721 821 3802 quod
836 3721 912 3783 inde
926 3739 1077 3804 magnam

60 3809 183 3882 latrorum
200 3823 271 3882 vim
291 3821 330 3882 ad
350 3839 443 3903 opere
462 3821 634 3884 oblidionie
657 3820 775 3884 insulae
799 3820 998 3902 conquievit,
1025 3839 1078 3881 au·

61 3925 131 3980 ctore
147 3921 262 3984 Curtio
283 3933 317 4004 4,
338 3937 371 3990 Ω.
394 3933 449 4000 18.
487 3921 538 3986 Cf.
565 3925 660 3985 etiam
681 3923 817 3984 Diodor.
839 3940 867 3984 c.
889 3922 910 3984 l.
964 3923 1078 4002 Aquo

60 4029 147 4079 tatem
167 4019 405 4092 montmerla,
433 4043 474 4084 an
494 4025 533 4084 ab
555 4023 628 4105 ipsu
648 4023 777 4093 incolis,
806 4041 882 4083 cum
904 4024 940 4087 in
958 4040 1080 4085 novam

62 4111 166 4194 Tyrum
187 4125 377 4211 migrarent,
403 4120 516 4208 sponte
535 4121 636 4188 luerit
654 4125 777 4196 relicta,
802 4123 844 4187 de
869 4141 909 4187 eo
934 4135 1083 4216 pugnant.

589 4265 596 4284 .
665 4225 770 4294 aaa
