2764 4958
196 429 554 488 annonantur.
595 428 683 482 nt·
717 425 849 486 cvm.
891 425 968 496 aa.
1042 435 1106 504 ιι,

64 606 117 667 vei
138 603 180 666 ab
200 602 334 673 umbra,
360 620 457 683 quarn
480 597 642 684 spargunt,
669 597 722 660 vel
744 617 761 659 e
784 597 875 680 pilia,
900 595 1015 680 quibua
1032 596 1107 660 suut

64 719 228 768 contexta.
275 703 327 764 illi
348 698 506 786 (Kabyli)
525 701 660 784 magalia
676 699 821 762 habitant
840 701 862 760 l.
878 717 910 762 e.
924 697 1004 760 cesae
1021 697 1042 762 s.
1059 711 1107 760 tu·

61 811 150 891 garria
173 807 269 873 limo,
294 803 460 872 amndine,
484 805 580 862 ramie
599 835 647 850 -
669 813 824 871 contorta,
851 817 932 882 quae
951 799 1108 881 adpellan-

60 923 113 968 tnr
139 903 289 968 Gurbies.
342 901 392 966 cf.
411 904 505 964 etiam
521 901 631 962 Poiret
654 901 688 960 in
713 899 1107 986 voyage·T.1.epittr.

60 1031 92 1091 p.
111 1021 175 1088 55.
211 1005 270 1086 qui
292 1001 388 1066 refert
408 1005 512 1066 vocari
532 1002 651 1064 muare
674 1013 707 1064 et
728 1001 799 1065 loco
820 999 909 1086 saepe
931 1003 1059 1064 moveri
1076 1016 1110 1064 er

60 1108 247 1172 nauarchi.

142 1255 306 1322 Victus
329 1245 473 1346 asper)
522 1254 665 1318 Alterum
690 1255 863 1338 explicatur
883 1275 941 1337 per
963 1255 1107 1318 alterum.

59 1359 147 1423 Nam
173 1377 219 1418 eo
246 1376 345 1436 neque
376 1355 519 1437 asperitas
543 1357 594 1416 illu
616 1357 722 1426 venit,
757 1369 795 1416 ut
818 1377 883 1418 non
906 1357 942 1418 sit
964 1357 1110 1418 instructa

63 1462 198 1522 decoris
218 1456 299 1517 vaste
315 1470 348 1516 et
362 1457 437 1518 iusla
457 1455 662 1538 supellectile,
696 1457 786 1519 cuiue
802 1455 942 1538 respectu
958 1457 1110 1520 dixerunt

59 1560 210 1626 arraudus
231 1558 373 1618 tornines
394 1570 426 1618 et
449 1557 657 1626 munditiam,
692 1570 729 1618 ut
751 1557 793 1618 en
818 1560 898 1639 apud
921 1559 1110 1621 Suetonio

61 1665 148 1724 lulio
170 1680 205 1721 c.
220 1659 283 1738 [46.
320 1657 473 1739 Alioquin
494 1659 598 1719 nictus
619 1648 710 1748 asper
723 1658 850 1719 videtur
870 1659 988 1740 aliquid
1006 1673 1111 1720 trucu-

61 1765 195 1826 lentine
218 1758 296 1828 eise,
333 1758 415 1838 quast
443 1759 526 1840 qnod
558 1757 772 1840 supponerent
789 1749 909 1850 spinas
934 1773 968 1820 et
992 1751 1110 1850 sentes,

61 1885 126 1946 quo
142 1857 242 1922 sensu
259 1859 354 1920 etiarn
368 1858 503 1920 occurrit
515 1860 601 1942 apud
611 1859 758 1920 Plautum
771 1861 806 1920 in
821 1859 948 1942 Captiv.
965 1879 994 1929 1,
1007 1875 1038 1930 Ω,
1051 1871 1110 1936 85.

61 1961 137 2051 [lbi
164 1977 279 2022 tamen
295 1959 383 2022 iocus
398 1959 531 2020 trahitur
546 1979 585 2022 ex
601 1979 681 2022 voce
699 1950 806 2050 asper,
832 1963 881 2020 uti
895 1949 1002 2050 sentes
1024 1949 1112 2048 aspe-

62 2088 126 2127 rae.
163 2060 281 2143 virgil.
296 2067 376 2122 Aen.
388 2075 421 2130 a,
437 2052 543 2146 379.]
578 2060 640 2122 Sed
657 2059 691 2122 h.
707 2061 729 2122 l.
745 2080 812 2124 non
830 2073 929 2129 notat,
955 2061 1012 2120 nisr
1029 2059 1112 2140 squa-

63 2167 190 2232 lidum,
214 2161 280 2234 line
296 2161 361 2222 ullo
376 2163 492 2224 nitore.
519 2181 544 2224 r.
566 2179 762 2223 anouovrve
779 2162 855 2225 MS.
906 2163 955 2222 Ex
970 2161 1111 2242 adposito

63 2269 178 2328 victrrs
201 2262 391 2346 intelligitur
408 2253 510 2351 asper.
548 2263 596 2324 Ita
611 2252 725 2352 aspera
746 2283 843 2324 caena
865 2262 947 2344 aptrcl
962 2262 1112 2323 Plautum

65 2370 102 2428 in
121 2366 223 2446 Capt.
241 2375 274 2440 3,
295 2382 325 2426 t.
343 2360 366 2424 i.
413 2363 446 2426 V
448 2365 529 2424 ictrtr
544 2378 650 2424 autem
669 2365 802 2426 nomine
823 2383 888 2424 non
908 2362 1008 2424 solum
1024 2364 1112 2424 cibne

65 2470 271 2532 continetur,
298 2459 348 2523 sed
364 2463 451 2543 quod
467 2483 504 2524 ex
519 2463 596 2541 Cujo
613 2463 650 2526 L.
664 2473 726 2542 44.
744 2466 785 2526 D.
810 2465 849 2525 de
865 2465 990 2527 verbor.
1009 2460 1111 2548 signis.

65 2569 202 2630 notarit
222 2563 426 2634 Ciacconiue,
457 2564 593 2648 intelligi
614 2566 748 2626 omnino
764 2563 907 2645 possunt,
933 2563 1045 2647 qrtt‘bus
1064 2565 1113 2626 vi·

67 2667 172 2730 venda·
189 2661 363 2725 carendive
377 2666 516 2744 corporis
531 2663 631 2757 ntfiri
643 2666 752 2746 gratia
769 2665 905 2738 utimum
931 2685 1009 2746 qnae
1024 2665 1113 2726 vocie

68 2771 120 2830 via
146 2785 190 2828 err
216 2765 311 2824 bonie
335 2765 433 2824 etiam
463 2766 644 2828 auctoribus
676 2763 842 2827 adstruitur
872 2785 889 2828 a
914 2765 1048 2828 Dukero
1072 2765 1113 2828 de

69 2869 250 2930 Latinitate
266 2863 373 2928 ICtor.
391 2876 470 2926 vett.
491 2887 525 2947 p.
544 2878 618 2944 228
633 2865 696 2948 sqq.

138 3007 300 3109 sagis)
347 3015 467 3100 Sagum
491 3015 585 3078 vallia
617 3015 747 3076 brevior
777 3015 930 3078 humeros
956 3015 1055 3078 solum
1080 3029 1114 3079 et

72 3135 159 3204 terga
175 3131 292 3200 tegens
306 3114 345 3175 ad
359 3130 448 3178 natea
465 3136 566 3198 neque
583 3115 708 3178 demissa
725 3129 757 3177 et
772 3111 905 3185 crassior,
933 3119 1017 3198 quali
1032 3119 1113 3177 mili·

73 3236 118 3284 tee
143 3218 324 3279 utebantur
346 3231 379 3278 et
399 3217 513 3278 misici.
565 3219 643 3301 Saga
666 3215 816 3279 Afrorum
844 3231 933 3278 arant
955 3239 994 3279 ex
1017 3219 1115 3298 Ciny·

74 3323 161 3406 phiie
178 3319 345 3378 hircorum
361 3317 445 3398 pilia.
472 3335 641 3380 outnvtve
657 3317 734 3380 MS.
782 3316 951 3379 Habebant
966 3317 1031 3381 sere
1052 3316 1114 3380 snr-

75 3441 162 3484 mam
177 3418 285 3503 pallii,
311 3431 344 3476 et
360 3417 517 3500 superiora
533 3431 660 3480 tantum
677 3419 816 3500 corporis
834 3419 990 3482 velabant.
1031 3421 1116 3480 Hinc

1 3577 2 3590 ,
74 3523 209 3584 Tacitus
236 3519 276 3578 de
298 3517 465 3580 Germanie
488 3539 555 3602 cap.
574 3535 630 3594 17.
662 3531 804 3599 tegumen
830 3518 972 3581 omuibus
996 3511 1115 3610 sagum

72 3621 194 3714 fibula,
222 3632 299 3688 aut,
316 3615 352 3709 st
375 3615 474 3709 defit,
498 3610 601 3710 spina
619 3612 805 3709 confictum.
860 3620 970 3682 Cetera
991 3619 1114 3681 intecti.

77 3723 233 3785 Poterant
247 3719 325 3778 illud
344 3719 532 3801 expandere,
553 3734 591 3781 ut
609 3721 750 3804 pallium,
772 3719 858 3780 unde
872 3719 987 3780 ludicri
1003 3739 1115 3803 genoe,

77 3839 112 3886 ur
140 3819 284 3914 ἅψαιτο
308 3811 394 3909 sago
427 3817 592 3911 impositos
624 3823 657 3881 in
685 3811 820 3910 sublime
848 3821 1006 3881 tartareae
1031 3821 1115 3902 apud

79 3924 214 3988 Sueten.
228 3919 306 3982 Oth.
321 3941 347 3981 c.
361 3935 394 3982 2.
420 3919 665 4006 Distinguuutur
679 3935 785 3981 tamen
798 3909 913 4010 sagati
928 3933 960 3982 et
976 3921 1116 3998 palliati.

80 4025 124 4087 ld.
143 4026 177 4084 in
195 4017 286 4084 Caes.
301 4040 328 4083 c.
345 4033 407 4100 48.
447 4022 498 4082 illi
519 4020 660 4093 milites,
684 4023 719 4082 hi
738 4020 848 4082 Graeci
869 4032 901 4080 et
919 4019 1114 4103 philosophi.

80 4139 304 4188 raareonrva.
355 4121 502 4186 Similem
518 4123 668 4188 restitum
689 4121 821 4208 praebet
840 4121 917 4184 viria
938 4123 1022 4206 apud
1041 4121 1116 4183 Geta
