2922 4958
298 381 364 460 σω
566 385 727 446 noran
768 389 1071 448 nxconrrcrn

299 577 410 620 maeua
430 565 465 637 5.
482 575 516 645 9.
545 579 561 620 a
586 560 686 622 Tanai
707 561 782 622 iude
804 561 843 622 ad
865 561 985 624 flexum
1011 563 1183 628 Maeotirlia
1201 564 1343 628 ostendit

299 661 513 731 Innumcras,
538 659 848 733 lubricamentum,
873 677 908 724 at
930 663 1037 727 versuo
1059 665 1193 728 Coracea
1209 681 1344 730 montet

301 763 336 826 iu
351 761 405 823 illo
420 772 521 824 tractu
534 762 676 833 Arianos,
700 763 854 830 Zinclrios
865 777 899 828 et
912 757 1118 856 Conapsenor
1133 779 1167 828 et
1181 770 1343 850 quondam

300 864 397 933 aliur.
427 863 602 946 praeteritis
623 865 799 926 Dandariia.
850 865 889 926 ln
903 868 1051 928 Arrenius
1077 887 1190 930 omnen
1209 867 1345 931 couleu-

298 965 402 1035 tiunt,
428 965 484 1026 etli
505 963 702 1048 inscriptura
722 967 860 1036 variant.
894 967 935 1028 de
955 988 1016 1048 qua
1037 966 1076 1030 cf.
1098 984 1193 1032 norae
1213 972 1345 1031 criticae

301 1087 334 1150 p.
345 1068 415 1142 637
433 1065 496 1146 sqq.
519 1065 573 1125 ubi
587 1067 672 1128 etde
689 1067 843 1147 proximis
857 1069 994 1150 populis.
1026 1071 1093 1152 Qui
1109 1069 1213 1151 postea
1227 1073 1344 1154 populi
1451 1063 1452 1090 ¹

300 1165 354 1231 hic
375 1165 592 1238 consederint.
617 1167 711 1230 docet
725 1168 861 1250 Procop.
879 1170 918 1231 dc
935 1169 973 1234 B.
989 1169 1089 1233 Goth.
1102 1183 1137 1249 4,
1153 1183 1189 1248 5.

378 1315 505 1410 ostio)
553 1317 718 1378 Nimirum
744 1321 903 1390 maximo,
939 1333 971 1382 et
1002 1320 1089 1402 quod
1118 1321 1216 1384 habet
1247 1342 1346 1405 aquas
1451 1355 1452 1408 3

303 1420 405 1503 magia
420 1416 595 1488 affluentes,
622 1419 710 1480 undo
731 1419 763 1479 id
780 1439 885 1480 unum
906 1423 998 1502 ponit
1014 1435 1133 1493 auctor,
1159 1443 1235 1484 cum
1256 1439 1344 1486 certe
1451 1411 1452 1422 l

304 1519 433 1590 constet,
456 1521 577 1581 Tanain
596 1536 617 1584 o
634 1517 720 1584 ostiis
736 1522 771 1583 iu
785 1539 871 1583 mare
886 1521 983 1587 illabi.
1012 1541 1036 1587 1.
1049 1543 1248 1589 ononovrva
1263 1526 1343 1588 MS.
1451 1555 1452 1568 2

302 1619 354 1688 cf.
371 1619 440 1706 poll
454 1622 492 1683 ad
510 1625 538 1701 §.
562 1632 617 1701 ¹8·

378 1771 628 1856 Ixamatae)
658 1775 708 1836 Do
724 1771 869 1858 scriptura
884 1775 951 1840 vid.
970 1789 1040 1840 not.
1057 1777 1125 1839 crit.
1142 1797 1175 1860 p.
1189 1779 1262 1856 640
1281 1775 1345 1859 [qq.

305 1873 446 1938 Maeotas
462 1873 536 1935 lacit
549 1894 728 1955 anonymus
740 1879 774 1937 in
788 1878 911 1960 periplo
926 1899 957 1960 p.
971 1895 1005 1940 u.
1022 1877 1123 1942 Hudl.
1145 1899 1184 1940 ax
1200 1879 1344 1957 Scymuo

305 1977 341 2038 in
357 1975 467 2060 fragm.
478 1995 511 2038 v.
527 1990 607 2056 139.
626 1978 731 2039 Situm
744 1975 814 2040 latia
824 1978 908 2040 Mela
922 1979 1101 2041 declaravit.
1128 1979 1298 2050 Plinium,
1309 1999 1344 2058 7.

305 2076 361 2140 hic
380 2081 535 2140 Sarmatas
555 2079 666 2160 pouit,
692 2097 750 2160 pro
770 2079 886 2160 quibua
903 2081 1034 2160 quidem
1053 2082 1223 2142 Iaxamatae
1240 2078 1347 2142 substi-

307 2178 419 2242 tuebat
444 2178 643 2242 Hermolaus.
701 2181 744 2242 At
768 2179 864 2240 Plinii
889 2183 1102 2242 narrationem
1129 2181 1170 2243 de
1195 2182 1348 2244 Sarmatia
1451 2205 1452 2218 ¹

307 2277 330 2344 l.
342 2280 535 2343 sauromatis
548 2281 736 2343 confirmant
747 2281 843 2342 etiam
853 2280 917 2351 alii.
933 2294 970 2342 ut
980 2283 1149 2362 scymnus,
1165 2301 1347 2361 anonymua

308 2401 337 2446 c.
353 2401 380 2444 c.
397 2383 419 2444 l.
433 2381 454 2444 l.
480 2383 536 2462 qui
551 2383 589 2444 iia
608 2379 803 2466 subiungunt
816 2381 957 2444 Maeotan
972 2385 1134 2446 Ixamatae.
1169 2381 1221 2446 cf.
1235 2384 1349 2462 Scylax

307 2501 379 2566 pag.
392 2495 450 2560 31.
467 2479 567 2544 Hudl.
594 2480 729 2561 Dionys.
746 2503 779 2545 v.
791 2483 874 2560 653.
909 2485 964 2564 qui
980 2486 1026 2545 eis
1042 2485 1206 2566 proximor
1222 2485 1349 2546 addunt
1451 2527 1452 2550 ι

307 2581 476 2646 Sindonea.
507 2583 556 2643 Ita
570 2601 647 2645 vero
663 2584 848 2646 Sarmaticae
862 2586 950 2668 genti
967 2584 1078 2646 tribuit
1093 2587 1259 2650 lxnmaua.

383 2733 557 2815 merant)
606 2733 658 2795 Sic
674 2734 787 2796 Livius
800 2736 897 2797 etiam
913 2744 971 2815 24.
989 2745 1044 2810 18,
1060 2753 1095 2816 9.
1118 2750 1150 2797 et
1166 2737 1205 2798 de
1222 2735 1349 2798 Orbilio

311 2837 443 2901 Sueton.
461 2835 496 2895 in
516 2833 635 2897 inlullr.
655 2835 828 2896 Grammat.
844 2856 910 2918 cap.
930 2854 963 2917 9.
985 2857 1071 2920 equo,
1093 2837 1259 2898 cornimlo.
1298 2838 1350 2898 Si·

311 2937 399 3000 milia
416 2925 473 2997 alia
486 2933 763 2998 subministrabunt
777 2937 903 2999 Laxica.
931 2937 1082 3000 Ceterum
1098 2939 1193 2999 etiam
1205 2937 1350 2999 Galacto·

311 3039 491 3124 phagorum
510 3039 658 3099 mulieres
682 3037 823 3100 militalle
844 3050 944 3099 narrat
961 3037 1113 3100 Nicolaua
1139 3035 1352 3100 Damascenna

314 3141 355 3202 tle
376 3139 520 3201 moribus
538 3138 730 3201 Graecorum
746 3143 791 3201 in.
825 3137 876 3202 cf.
894 3141 934 3200 de
957 3139 1143 3201 mulieribus
1157 3138 1352 3216 Scytharum

313 3240 453 3304 Diodor.
463 3240 525 3302 Sic.
539 3257 571 3309 o.
588 3249 648 3318 44.
676 3239 886 3301 Sarmatarum
901 3238 985 3302 Mela
1003 3253 1035 3320 3.
1052 3249 1086 3320 4,
1105 3251 1138 3320 3.
1164 3239 1257 3302 Plura
1273 3259 1353 3302 cou-

313 3341 392 3427 legit
407 3339 545 3402 Bochart
561 3341 596 3402 iu
612 3339 741 3424 Phaleg.
762 3353 793 3420 3,
817 3353 871 3420 ¹3·
1451 3323 1452 3340 ¹

391 3483 658 3582 conficiunt)
708 3491 760 3554 Sic
777 3491 854 3552 dum
877 3491 1028 3573 loquitur,
1052 3491 1198 3562 ostendit,
1224 3489 1254 3552 lo
1274 3491 1354 3553 allo·

316 3593 390 3658 dere
406 3594 446 3656 arl
461 3591 728 3675 amphitheatrum
745 3593 977 3664 Romanorum,
1006 3591 1062 3653 ubi
1079 3595 1111 3654 id
1127 3593 1262 3654 verbum
1279 3611 1354 3673 pro·

316 3697 424 3780 prium
444 3707 509 3756 arat
531 3693 570 3756 da
591 3691 772 3756 adversariis
797 3694 947 3764 devictis,
979 3693 1041 3754 srva
1063 3693 1213 3755 homines
1233 3690 1353 3766 forent.

317 3798 382 3860 live
404 3795 543 3866 belluae,
573 3813 648 3856 cum
674 3795 903 3865 interficerent,
936 3807 972 3854 ut
993 3793 1081 3877 saepo
1108 3795 1246 3858 occurrit
1266 3798 1354 3876 apud

318 3899 520 3963 Suetonium.
574 3896 681 3976 ltaque
704 3897 743 3956 lic
765 3899 856 3956 tacite
883 3895 936 3956 hic
959 3893 1109 3977 subponit
1136 3895 1205 3956 fieri
1232 3895 1354 3976 aliquid

318 3999 428 4070 limile,
450 3997 537 4080 quod
555 3995 648 4058 fiebat
662 3997 696 4057 in
711 3995 943 4078 amphitheatro
955 3997 1114 4064 Romano.
1138 4015 1255 4078 nempe
1269 3997 1354 4058 inter

320 4101 462 4162 retiarioa
477 4112 509 4160 et
526 4097 690 4168 secutores,
713 4099 753 4160 de
768 4097 884 4178 quibua
897 4099 961 4181 agit
973 4097 1257 4179 LipliuaSaturual.
1272 4113 1306 4168 Ω,
1318 4107 1351 4173 8.

320 4200 379 4263 nifi
392 4201 480 4284 quod
494 4201 544 4262 illi
559 4199 729 4264 utebantur
743 4201 814 4272 reti,
831 4198 867 4262 hi
881 4199 1005 4282 laqueo.
1029 4217 1055 4264 r.
1071 4199 1351 4264 nannoni-sors,
