2828 4966
342 436 385 516 68
614 437 778 497 Norae
819 441 1122 498 axnoarrcan

345 617 504 682 ditionem
525 611 635 676 referri
659 615 765 677 debet.
803 615 868 676 Arii
890 615 985 676 unius
1005 615 1147 698 regionis
1167 612 1325 674 dicuntur
1353 611 1397 672 irt

347 721 445 784 colae.
471 717 583 800 Longe
597 717 654 776 alia
670 717 713 778 ett
724 717 846 780 Ariana.
879 716 934 776 illa
950 717 1038 776 enirn
1056 714 1237 776 extenditur
1251 713 1292 774 ab
1311 713 1397 774 lndt

348 820 483 884 flumine
506 837 606 898 usque
629 818 665 877 ad
685 837 720 880 os
745 818 830 879 linus
852 815 977 879 Perlici.
1031 815 1291 896 Comprehendit
1316 831 1397 874 vert

346 934 470 1006 praeter
498 916 596 1000 ipsam
623 917 728 980 Ariam
756 919 812 980 has
837 937 965 998 quoque
990 919 1157 1002 regiones:
1195 913 1397 977 Gedrosram

348 1019 575 1105 Drangianam,
598 1019 805 1091 Arachosrarn,
825 1017 1060 1100 Paropauilum,
1082 1017 1291 1086 Bactrianam,
1316 1017 1397 1100 Sog

350 1125 487 1190 dianam,
517 1119 686 1189 Parthiam,
713 1120 924 1190 Carmaniam,
953 1132 985 1180 et
1007 1117 1029 1179 li
1051 1139 1126 1200 quas
1147 1119 1220 1180 alias
1242 1118 1397 1202 regione

350 1223 543 1307 subegerunt
566 1231 620 1280 aut
646 1221 837 1290 Menander,
869 1233 924 1280 aut
945 1220 1015 1290 alii,
1043 1221 1097 1281 vel
1118 1233 1209 1289 ante,
1240 1219 1295 1280 vel
1325 1219 1397 1298 pot

352 1325 447 1386 illum
469 1323 619 1384 Ariorum
643 1323 749 1384 duces.
787 1323 864 1383 Aria
881 1323 984 1402 itaque
1007 1340 1127 1382 nornen
1144 1321 1241 1381 unius
1263 1333 1397 1382 tantun

352 1424 505 1508 regionis,
529 1421 651 1484 Ariana
669 1443 744 1486 vero
760 1435 866 1484 totum
884 1423 1028 1484 continet
1044 1422 1190 1490 Ariorum
1206 1421 1397 1504 imperium

352 1527 503 1588 Attamen
520 1524 672 1605 quaedam
689 1543 728 1584 ex
746 1522 835 1616 [upra
849 1525 942 1586 dictis
959 1523 1134 1605 provinciis
1150 1540 1216 1584 non
1236 1535 1324 1584 totae
1343 1519 1397 1582 sul

354 1627 484 1691 Arianes
500 1626 633 1686 nomine
650 1627 866 1688 continentur.
918 1624 1118 1687 Carmaniam
1137 1643 1214 1685 vero
1234 1624 1397 1708 integram

346 1711 668 1790 *contineri'tellatur
694 1725 806 1789 Strabo
839 1738 910 1786 tum
943 1726 1033 1796 alibi,
1066 1720 1145 1812 [lib.
1171 1735 1225 1802 ¹5·
1248 1745 1280 1806 p.
1305 1734 1397 1806 495

356 1827 378 1892 l.
398 1821 506 1914 720.]
533 1837 604 1886 tum
627 1830 739 1898 etiam,
772 1845 846 1888 curn
870 1827 989 1908 inquit,
1024 1825 1224 1889 Carmaniam
1244 1826 1397 1888 ultiman

356 1927 417 1991 effe
433 1943 553 2010 partem
567 1925 709 1990 Arianae.
731 1923 810 2016 [lib.
834 1941 888 2004 15.
904 1949 935 2010 p.
954 1938 1041 2008 499.
1058 1926 1080 1989 l.
1098 1921 1203 2012 726.]
1239 1927 1276 1987 ln
1292 1929 1397 2008 priot

357 2049 436 2092 vero
458 2030 547 2099 loco,
580 2029 637 2088 ubi
659 2031 771 2092 Ariana
795 2029 910 2090 dicitur
931 2031 1034 2112 prima
1057 2029 1162 2110 portio
1184 2027 1268 2090 ttae
1293 2025 1397 2090 Perii

358 2129 519 2200 subditae,
545 2149 617 2192 cum
634 2131 675 2192 fic
691 2129 865 2201 Carmania,
892 2149 964 2211 pars
983 2131 1127 2199 Arianae,
1154 2127 1314 2210 postrema
1337 2131 1397 2194 en

356 2251 426 2293 non
444 2225 557 2312 poffit,
590 2223 687 2315 proi,
714 2226 844 2318 'Aproaiy
869 2225 956 2319 μερὶς
981 2224 1094 2319 πρώτη
1122 2230 1184 2312 leg.
1212 2222 1397 2318 iy'Aprocai

357 2325 447 2424 μερὶς
469 2325 590 2419 πρώτη.
641 2333 694 2394 Sic
710 2333 819 2393 omnia
839 2331 921 2392 clara
937 2345 968 2392 et
984 2329 1148 2392 nranifella
1167 2329 1248 2392 lunt.
1284 2331 1397 2398 Mela

360 2445 471 2493 autem
494 2431 592 2494 verba
616 2431 654 2492 lto
678 2433 879 2513 accipienda,
912 2451 948 2492 ac
971 2431 992 2491 sr
1013 2431 1154 2500 clitiliet.
1181 2432 1263 2492 lndo
1286 2441 1397 2513 proxl

358 2551 448 2594 mam
468 2531 711 2602 effeArianam,
742 2535 858 2594 deinde
881 2531 980 2615 ipsam
1003 2533 1129 2602 Atiam,
1159 2529 1246 2593 unde
1262 2533 1397 2616 reliqui

358 2649 492 2696 nomen.
544 2633 662 2694 Verum
683 2635 716 2694 in
735 2653 774 2694 eo
796 2635 954 2714 peccavit,
984 2637 1071 2715 quod
1093 2634 1264 2694 littoralem
1281 2631 1397 2702 feceri

358 2733 479 2797 Ariam.
511 2753 651 2796 voeetvs.
705 2736 753 2798 lta
775 2737 872 2795 etiam
896 2735 1030 2816 explicat
1046 2735 1232 2796 Harduinus
1252 2737 1292 2794 ad
1310 2735 1397 2802 Piis

360 2835 393 2904 6.
412 2847 470 2911 23.
487 2831 507 2894 1.
524 2849 581 2896 21.
601 2835 691 2895 Arios
714 2848 747 2896 et
768 2835 902 2898 Arianos
926 2837 1109 2898 discernunt
1129 2835 1228 2896 etiam
1252 2835 1326 2906 alii,
1381 2844 1397 2902 ἰ,

358 2933 473 3016 quibua
490 2935 613 2996 Plinius
626 2936 659 3005 6,
678 2950 735 3014 29.
746 2933 766 2997 l'.
780 2949 837 3014 25.
861 2956 933 2997 cum
949 2936 1105 2998 Strabone
1119 2935 1174 2997 lib.
1192 2957 1204 2994 t
1218 2955 1245 2997 ι.
1260 2957 1294 3018 p.
1308 2951 1333 3016 3
1342 2954 1372 3018 5
1381 2955 1397 3024 g

359 3033 483 3112 l.5r5.
515 3048 546 3096 et
567 3035 698 3113 lib.t5.
725 3055 756 3118 p.
775 3047 861 3116 495.
882 3035 903 3100 l.
922 3051 1005 3112 720.
1059 3038 1171 3098 Latius
1191 3035 1332 3100 Arianos
1371 3065 1397 3106 a

358 3135 471 3198 indiae
496 3137 574 3199 fines
595 3139 740 3198 extendit
760 3139 895 3201 Diodor.
914 3151 946 3208 o,
966 3151 1023 3217 37.
1052 3152 1161 3199 contra
1187 3137 1262 3197 alibi
1286 3139 1397 3212 Arioi

356 3235 421 3300 Alit
446 3237 632 3300 alterutrum
656 3239 811 3320 populum
831 3251 1103 3308 commemorant,
1136 3250 1173 3298 ut
1191 3239 1287 3299 Arios
1312 3239 1397 3314 sole

356 3337 481 3400 Arriarr.
498 3337 537 3400 de
560 3339 672 3420 expeti.
689 3340 777 3402 Alex.
796 3353 828 3418 5,
846 3352 903 3416 25.
926 3355 958 3400 et
975 3339 1069 3412 alibi;
1096 3340 1234 3427 Arianos
1254 3339 1397 3428 Dionyt

227 3463 233 3480 .
357 3447 672 3518 v,724.etro93.
723 3441 787 3501 Alii
807 3439 983 3522 promiscue
1002 3455 1175 3523 utrumque
1195 3432 1345 3522 ponunt,
1383 3451 1397 3514 i

358 3539 399 3600 iis
422 3537 551 3604 Curtius
569 3541 602 3608 6.
630 3543 662 3611 6,
687 3555 745 3603 20.
770 3554 802 3602 et
822 3557 853 3617 7,
880 3554 911 3620 3.
930 3541 975 3603 in.
1001 3543 1036 3602 in
1056 3542 1170 3603 eadem
1194 3545 1397 3616 narratione

357 3635 412 3702 cf.
435 3637 481 3700 ibi
502 3640 704 3723 interpretea;
744 3642 892 3703 Arrianus
915 3661 941 3704 c.
962 3641 983 3704 l.
1012 3640 1066 3702 luo
1098 3663 1188 3704 more
1213 3643 1265 3704 hic
1294 3645 1397 3720 haba

356 3737 461 3802 Arios.
515 3742 564 3801 lta
586 3743 675 3803 Arios
703 3743 816 3804 laxiori
837 3739 925 3805 sensu
954 3743 1106 3826 intelligit
1127 3743 1248 3806 Plinius
1271 3745 1306 3814 6.
1341 3769 1397 3816 ne

356 3837 380 3904 1.
401 3855 460 3902 21.
482 3841 561 3908 dum
577 3843 753 3914 Gemellos,
775 3843 946 3905 Arachotos
967 3878 1016 3891 —
1038 3845 1077 3905 iis
1094 3847 1250 3906 contineri
1272 3817 1397 3918 scribi

356 3939 479 4004 Contra
501 3937 634 4004 Arianos
653 3943 740 4004 idem
761 3943 904 4005 strictiori
925 3941 1012 4006 sensu
1035 3960 1088 4015 ια,
1116 3957 1170 4022 18.
1187 3943 1209 4009 1.
1229 3957 1261 4023 3.
1293 3950 1373 4017 ubi

357 4041 704 4129 Gedrofiisfdillinguit,
729 4057 762 4106 et
778 4045 1014 4128 Theophrastus
1029 4045 1097 4108 hist.
1113 4047 1213 4128 plant.
1234 4059 1266 4126 4,
1288 4061 1328 4125 5.
1372 4063 1397 4126 d

353 4141 469 4207 eadem
481 4163 516 4207 re
530 4143 642 4208 Ariam
659 4145 773 4220 habet3
800 4147 880 4210 item
898 4145 1013 4211 Strabo
1035 4159 1090 4228 25.
1115 4167 1148 4232 p.
1164 4157 1250 4230 498.
1264 4145 1289 4214 l.
1307 4167 1375 4230 72
1385 4183 1397 4228 t
