2756 4964
159 407 359 468 turone.
388 409 501 466 orer.
542 409 622 466 ι’..ι
666 409 770 472 etv.
812 409 890 486 tt
975 427 1035 492 ιη

60 581 144 647 ttssu
155 577 186 645 iu
199 583 255 652 ltoc
272 598 305 646 et
317 585 387 648 aliie
409 583 487 646 locit
501 570 652 656 disicere.
673 595 711 642 ot
731 583 923 666 Stephanus.
962 587 1035 650 lllo·

61 705 107 744 nu
127 685 208 768 igitur
228 683 312 747 sedeo
333 685 395 746 suit
419 685 460 746 od
482 681 625 746 oceasum
646 681 837 758 thebestis,
869 687 926 748 ubi
949 707 1037 752 nune

61 784 139 848 &ern
153 785 255 849 Bucee
275 784 318 850 et'
330 786 465 867 Libyae.

106 985 455 1069 Leucoaethiopes)
505 932 707 1054 Ptolemaeus
722 998 757 1069 4.
771 990 805 1054 6.
831 985 1038 1076 Agithemer.

61 1100 117 1164 45.
133 1089 369 1167 Λευκαιθίοπεςς
401 1090 526 1152 Plinius
540 1104 574 1168 5,
596 1103 631 1168 8.
656 1091 920 1172 Leucnetltiopess
953 1093 1038 1156 Mar·

59 1191 108 1250 stu.
120 1190 210 1273 capet
226 1193 279 1254 lib.
297 1193 332 1255 6.
354 1213 385 1273 p.
405 1205 487 1266 217.
511 1205 603 1254 vocat
623 1191 748 1254 Leucas
763 1195 948 1274 Aethiopes.
988 1197 1037 1258 tte

58 1302 129 1351 utem
146 1291 299 1363 dicuutur,
336 1293 411 1374 quia
431 1295 540 1354 minue
560 1294 645 1378 nigri
669 1293 729 1354 fint
747 1296 858 1356 ceteris
880 1297 1038 1357 interiori·

56 1385 107 1460 lon
131 1405 157 1453 et
172 1391 206 1453 sic
224 1393 328 1456 noster
352 1392 416 1454 sere
434 1407 466 1472 3,
486 1407 518 1468 7,
536 1407 569 1472 5.
592 1405 686 1454 otsoe
707 1406 815 1475 gentes
836 1409 868 1456 et
888 1395 1040 1478 quodom-

57 1490 118 1552 mdo
135 1495 307 1574 Aethiopes.
343 1495 379 1554 in
406 1494 507 1560 ludia.
566 1495 604 1554 ln
631 1513 745 1556 eorum
775 1495 834 1556 istu
859 1497 1039 1579 discrepant

56 1587 209 1655 Ptolemaeus
223 1609 255 1656 et
269 1595 369 1659 Mela.
399 1594 458 1656 llle
471 1595 558 1656 enim
573 1595 613 1656 ad
629 1615 714 1658 mere
730 1595 921 1658 Atlanticum
935 1601 1038 1680 ponit,

55 1688 86 1750 lis
101 1692 172 1776 super
189 1695 361 1776 Libycum.
415 1695 540 1758 Plinius
558 1699 694 1758 omnino
714 1697 748 1758 in
773 1695 875 1760 Africa
893 1701 1041 1762 interiori

55 1791 105 1855 ultra
115 1793 214 1858 telem
226 1796 339 1859 versuo
356 1797 524 1857 meridiem
539 1798 688 1878 producit
701 1799 786 1860 iuxta
802 1799 1041 1884 Libyaegytioe.

56 1891 151 1956 llecsrbs
162 1898 233 1959 hinc
246 1897 393 1961 constant
407 1897 607 1960 recentiores.
643 1899 829 1960 Haeduinue
844 1901 883 1960 etl
896 1899 1042 1962 Plinium

55 1993 97 2056 tl
115 1997 142 2056 iu
162 1997 281 2061 deserto
306 1999 415 2061 Sauro
436 2001 575 2079 quaestu
614 1995 737 2062 Voslrue
759 1999 799 2059 de
827 1998 892 2059 Nili
916 2001 1043 2083 origine

55 2111 95 2174 up.
109 2115 152 2177 ¹9·
166 2119 195 2181 p.
211 2102 269 2176 67.
294 2101 382 2160 ultra
407 2097 474 2159 Nili
494 2097 599 2161 sontes
621 2098 727 2162 versuo
750 2099 885 2162 ouslrum
906 2102 945 2162 ad
966 2101 1045 2161 Gui·

55 2213 114 2258 ron
127 2199 317 2272 hodiernam,
347 2197 411 2262 sere
428 2213 464 2262 ut
479 2201 690 2270 Ptolemeeue,
715 2203 828 2270 reiicit.
850 2215 883 2262 et
896 2202 1047 2288 Lovangi

55 2299 107 2378 regie
123 2298 251 2364 satellites
275 2303 357 2364 tales
383 2299 449 2363 sere
472 2299 532 2363 elle
558 2301 723 2365 existimat.
773 2300 825 2366 Cf.
851 2315 959 2365 tamen
983 2303 1045 2364 Lu·

56 2395 125 2461 dolius
139 2403 169 2463 iu
185 2415 366 2466 comment.
385 2402 453 2464 hist.
473 2401 622 2484 Aethiop.
644 2423 673 2466 ι.
690 2425 724 2466 n.
746 2423 824 2467 eoo.
841 2405 885 2466 in.
907 2425 940 2487 p.
963 2426 975 2464 ι
983 2419 1044 2484 97.

56 2496 167 2576 squidem
188 2517 323 2587 propter
351 2501 477 2584 superor
505 2504 643 2586 populoe
666 2503 764 2564 Plinii
793 2503 979 2567 sententiam
1005 2523 1046 2567 ex

56 2595 167 2665 lluduiui
179 2606 395 2689 explicatione
408 2605 590 2686 amplector.
611 2604 675 2674 etsi,
692 2605 778 2686 quod
795 2607 830 2667 fit
845 2609 878 2666 io
892 2609 980 2690 vagia
995 2605 1047 2668 hia

55 2703 155 2782 wudu.
179 2705 263 2770 sedes
280 2725 361 2769 vera
378 2704 527 2767 constitui
545 2705 601 2766 vix
621 2707 731 2788 potesl.
785 2705 852 2789 Qui
867 2707 906 2768 de
921 2709 959 2768 iis
977 2707 1049 2768 date

55 2805 232 2891 taminipsit
246 2809 375 2887 Pylius,
398 2805 485 2892 (vid.
507 2804 679 2896 Miscelltn.
703 2804 786 2888 Lips.
807 2809 847 2870 Τ.
865 2819 898 2884 5.
922 2806 1047 2870 observ.

59 2911 236 2990 101.p.116
256 2903 349 2992 sqq.)
376 2909 472 2969 nimia
496 2908 556 2970 alte
571 2928 640 2969 rem
654 2909 782 2992 repetit,
806 2921 840 2970 et
861 2909 970 2970 olienis
995 2907 1048 2969 ed·

55 3005 128 3078 uisis,
143 3011 230 3083 nihil,
253 3011 348 3093 quod
365 3008 428 3069 huc
444 3008 555 3080 valeat,
574 3007 686 3072 adfert.
714 3026 918 3072 rzacrrvcre.
961 3007 1048 3071 Haec

56 3119 199 3190 torquem
226 3112 264 3173 sit
290 3125 362 3172 tota
387 3109 518 3178 Graece,
552 3122 656 3192 patet,
687 3109 857 3172 Graeculos
883 3109 1049 3192 quosdam.

56 3219 102 3266 mn
113 3212 139 3269 in
151 3211 196 3273 uis
215 3215 310 3275 terrie
327 3210 521 3291 aliquamdiu
539 3209 686 3294 egissent,
709 3209 849 3272 reversoe
863 3211 896 3274 in
916 3212 1050 3292 patriam

57 3300 355 3382 nuuffemendacim
380 3309 463 3392 quest
479 3311 569 3382 talea,
596 3314 649 3394 qui
664 3313 740 3398 fingi
763 3313 818 3372 vix
840 3309 981 3394 poliunt.
1010 3309 1050 3370 ab

58 3402 102 3483 ipss
118 3410 209 3475 serent
228 3416 303 3476 viss.
341 3431 364 3476 1.
388 3429 587 3474 onouovrva.
640 3413 725 3476 Cum
746 3413 836 3476 testes
859 3411 959 3474 adsint
980 3429 1050 3472 non

59 3515 239 3576 contemnendi
271 3516 403 3598 pluree,
445 3532 484 3574 ex
514 3513 695 3596 promiscuo
720 3515 867 3601 gentium
892 3513 979 3575 coitu
1003 3513 1051 3578 itt·

58 3607 123 3694 ltlligi
145 3616 252 3696 potest.

109 3813 293 3900 Gaetuli)
347 3817 421 3880 Vid.
443 3817 481 3880 ad
504 3831 536 3899 5.
562 3839 617 3892 ro,
638 3828 674 3897 4.
725 3817 824 3901 Quod
842 3815 995 3882 Cellarioc
1015 3815 1052 3877 in

61 3907 142 3997 stege.
162 3932 224 3982 ant.
245 3920 306 3982 lib.
328 3927 364 3998 4.
385 3939 412 3980 c.
430 3932 463 3998 8,
487 3940 541 3984 to.
563 3923 682 3982 mirum
704 3917 790 3981 hunc
812 3919 973 3987 ordinem,
999 3929 1054 3977 aut

62 4007 155 4078 lobium
175 4033 282 4102 putet.
313 4020 456 4083 Gaetulia
473 4022 552 4084 ultra
578 4021 779 4084 Garamantas
800 4021 835 4082 in
856 4033 978 4088 ortum,
1013 4016 1055 4078 ed

62 4109 245 4202 lihaegyptios
266 4141 371 4204 neque
389 4124 536 4197 remotio,
567 4135 677 4188 eontra
692 4135 779 4216 recte
803 4133 915 4186 monet
929 4118 1055 4182 Petico·

89 4231 166 4313 loq.
182 4238 275 4294 Mela.
300 4239 416 4313 [neget.
434 4239 472 4296 L.
487 4241 510 4295 l.
767 4223 801 4287 H
