2756 4964
275 316 317 392 94
546 308 706 368 NOTAE
744 311 1046 370 rxaoarrctr

276 494 379 566 potet,
404 480 484 544 eirca
501 481 651 546 Colchos.
681 501 705 546 1.
724 501 918 548 orortovrvs
936 480 1013 546 MS.
1054 482 1204 566 Apertior
1222 491 1326 562 pote·

275 597 323 646 rat
338 584 415 645 haec
428 584 582 646 declarare
597 599 631 646 et
643 585 771 647 brevius
782 582 863 647 forte
878 587 973 648 etiam
988 585 1168 666 complecti.
1191 581 1328 642 Latiori

277 682 367 748 sensu
392 682 480 756 lunt,
514 701 597 748 certe
618 685 677 748 elle
697 683 841 768 poliunt,
875 687 972 748 Ponti
986 687 1119 748 accolae.
1172 683 1330 745 invaluit

277 799 385 848 tamen
401 805 441 848 ex
456 786 649 848 Mithridatis
665 787 790 871 pristina
806 789 928 848 ditione
944 789 1047 856 notio.
1070 800 1106 846 ut
1124 783 1209 847 ieoiu
1228 785 1329 844 dice·

275 905 389 950 rentur
414 889 538 958 artiori,
575 903 607 950 et
629 891 720 972 quos'
734 888 774 950 fio
795 888 898 951 noster
919 888 971 950 bio
994 887 1164 972 intelligat,
1201 905 1239 946 ex
1269 904 1329 945 re·

279 988 375 1052 censo
396 991 591 1072 populorum
615 987 704 1052 facile
725 987 870 1061 discitur,
901 1007 1018 1070 nempe
1035 989 1114 1049 ultra
1126 987 1327 1063 Bithyniam

279 1093 318 1153 sd
338 1090 479 1152 Maeotae
494 1110 605 1170 usque.
644 1091 696 1153 Sic
711 1104 804 1152 vocat
819 1091 981 1174 oppianus
995 1089 1028 1150 in
1042 1087 1137 1170 prael.
1155 1108 1182 1150 o.
1200 1101 1232 1147 Ω.
1260 1088 1329 1165 qni

280 1193 443 1256 Armeniis
465 1204 497 1252 et
520 1191 758 1275 Cappadocibus
777 1205 865 1253 erant
887 1191 1096 1258 contermini.
1121 1203 1154 1248 et
1178 1188 1265 1250 idem
1287 1189 1331 1246 in

281 1291 432 1354 Mithrid.
450 1311 476 1354 c.
496 1303 556 1371 41.
580 1291 696 1376 separat
711 1291 890 1372 allithynis
905 1305 937 1356 et
949 1289 1204 1376 Cappadocibus,
1226 1300 1264 1348 et
1281 1289 1330 1348 ab

279 1391 541 1478 fflfflwp

662 1722 691 1796 0
716 1729 744 1794 Δ
769 1723 809 1794 P.
867 1731 939 1796 111.

471 1915 613 1966 attavis
655 1915 840 1965 Evnom
882 1913 1133 1964 Dasummi).

387 2103 418 2179 §.
451 2121 481 2164 1.
531 2098 723 2182 Europa)
773 2101 828 2165 Gr.
851 2091 1006 2189 Εὐρώπη.
1052 2047 1204 2160 Nominis
1222 2051 1332 2178 origi-

287 2221 362 2264 nem
381 2199 546 2264 obscuram
561 2203 637 2261 (licit
661 2203 817 2265 Herodot.
833 2214 866 2284 4.
884 2215 944 2280 45.
970 2203 1028 2263 nist
1043 2201 1113 2282 quis
1136 2199 1174 2261 ab
1191 2199 1334 2278 Europa

287 2304 384 2380 Tyria
406 2300 580 2386 (Agenoris
602 2299 682 2385 filia)
707 2305 816 2375 ducat;
841 2317 873 2365 ot
888 2305 928 2365 lic
949 2304 1099 2384 plerique.
1149 2299 1255 2379 Aliqui
1278 2312 1333 2360 ta·

288 2423 366 2464 men
377 2404 471 2464 etiam
488 2401 526 2462 ab
541 2403 671 2484 Europo
690 2405 769 2474 viro,
786 2417 822 2464 ut
835 2405 976 2466 Euilath.
991 2405 1027 2464 ad
1043 2399 1175 2481 Dionys.
1191 2421 1223 2462 v.
1237 2413 1332 2474 270.

291 2505 426 2568 Tzetzss
440 2505 477 2563 atl
495 2502 654 2585 Lycophr.
669 2525 702 2566 v.
719 2515 822 2584 1283.
864 2506 913 2566 Ex
928 2505 1050 2566 l'unico
1067 2503 1155 2563 ducit
1170 2499 1331 2566 Bochart.

290 2607 324 2665 ln
340 2604 459 2687 Phaleg
475 2613 509 2681 4·
533 2617 589 2683 33.
631 2593 805 2692 Eirps'orrsro
819 2619 852 2667 et
865 2595 1019 2691 Εὐρωπία
1034 2598 1143 2686 palllm
1160 2605 1193 2662 io
1206 2601 1333 2682 poetis,

292 2706 332 2768 de
345 2725 409 2786 quo
425 2705 603 2784 Stephanus
617 2717 649 2764 et
667 2707 737 2768 eine
753 2708 950 2790 interpretes.
1004 2705 1111 2766 incola
1130 2692 1333 2788 Eopwraiug

291 2821 324 2870 et
347 2796 494 2891 Eirpwrlq
513 2807 594 2887 apud
618 2807 816 2888 Stephanum
838 2805 1109 2869 consentientibus
1129 2803 1330 2869 auctoribus.

292 2909 359 2970 Alia
375 2907 409 2968 in
426 2905 569 2968 locorum
587 2907 791 2988 expositione.

369 3073 593 3156 terminos)
642 3073 693 3138 cf.
718 3076 814 3137 etiam
836 3075 965 3138 Orosius
986 3093 1015 3145 ι,
1040 3087 1074 3136 2.
1125 3073 1175 3134 De
1196 3069 1332 3133 ambitu

222 3194 224 3202 ’
295 3179 379 3244 Plio.
396 3186 430 3258 4,
449 3189 504 3254 37.
521 3173 542 3238 i.
558 3189 617 3255 23.
644 3189 677 3238 et
694 3197 771 3258 quae
787 3177 832 3237 ibi
849 3189 1002 3240 notantur
1016 3178 1094 3236 item
1112 3175 1145 3244 6,
1162 3169 1332 3272 581335.

372 3343 614 3427 Maeotida)
665 3343 840 3408 Martianus
855 3343 981 3426 Capella
1002 3343 1058 3405 lib.
1075 3344 1108 3406 6.
1129 3361 1221 3424 pm.
1238 3355 1332 3406 202.

296 3451 461 3529 Europam
493 3446 657 3508 terminari
687 3446 897 3526 Propontidis
919 3435 1076 3533 faucibus
1098 3443 1203 3504 dixere
1227 3461 1332 3524 quom

297 3551 443 3632 plurimi‚·
475 3567 555 3630 qaae
585 3547 761 3625 Propontis
791 3567 847 3624 per
877 3543 1042 3636 ongrrstrrm
1070 3537 1256 3633 descendens
1280 3542 1333 3604 ad

298 3649 492 3714 alacritatem
512 3667 632 3730 qaoque
651 3638 822 3738 perfertur.
849 3648 907 3722 (al.
923 3637 1118 3736 profertur.)

374 3819 547 3878 Pontum
556 3813 574 3896 )
623 3816 676 3876 Sic
695 3809 768 3878 κατ’
788 3801 910 3902 ἐξοχὴν
935 3815 1005 3886 vel,
1034 3826 1070 3874 ut
1091 3813 1134 3875 eli
1153 3811 1238 3894 aputl
1259 3813 1334 3874 Ste-

301 3920 444 4006 phanum
466 3917 500 3980 h.
522 3938 555 3978 r.
581 3911 679 3992 ἰδίως,
706 3917 827 3978 Pontus
849 3915 1003 3977 Euxinus.
1054 3913 1208 4006 Ntfirum
1230 3933 1331 3977 mare.

301 4021 351 4088 ef.
370 4021 409 4085 ad
432 4042 460 4090 ι,
483 4039 511 4090 t,
529 4027 564 4123 4.
