2892 4950
346 381 410 452 544
615 373 781 432 norun
822 355 1126 432 nxuon‘umuu

348 542 371 611 s.
388 551 491 627 587.)
518 543 598 610 dicit
614 537 810 636 Anpiriurtnv
829 539 940 636 ἄκρον.
970 547 1234 612 Promontorium
1247 545 1278 609 h.
1293 544 1360 607 Tur·
1414 589 1415 592 ,

347 649 392 712 eie
407 649 450 712 est
465 649 725 729 Korn-Rumon.
752 649 928 734 Europaeis
951 649 1045 732 Capu
1059 648 1189 712 Berbier
1207 645 1362 714 [Berbierr'

290 830 298 845 .
347 747 521 812 secundum
545 739 743 814 Pocockiur'n
760 751 800 814 T.
820 763 853 832 5.
875 770 909 835 p.
926 771 970 817 m.
993 763 1074 830 152.
1101 752 1157 834 qui
1175 753 1209 814 in
1224 752 1290 814 eiue
1302 767 1362 812 eon·

346 852 425 916 finio
443 849 541 934 ipsam
564 851 678 916 urbem
699 853 803 938 ponit.

414 1027 635 1128 sepulcro)
685 1027 850 1102 Δι’ἆντειον
875 1052 971 1100 vocat
993 1037 1108 1102 Strabo
1129 1051 1184 1119 ι5.
1208 1031 1361 1122 pegi409.

347 1137 370 1202 s.
387 1151 472 1218 595.
496 1159 598 1222 prope
619 1138 822 1211 Rhoeteum.
852 1153 886 1202 et
901 1140 977 1202 hinc
990 1138 1171 1202 Eustatbiue
1191 1140 1230 1201 ed
1246 1139 1362 1200 Homer.

346 1241 385 1302 11.
402 1256 435 1311 α,
453 1242 537 1322 645.
549 1260 583 1322 p.
598 1259 644 1303 m.
661 1253 746 1319 237.
799 1241 847 1302 lta
863 1254 897 1302 et
915 1253 1009 1303 vocnt
1024 1254 1058 1302 er
1071 1241 1156 1303 locat
1171 1241 1253 1302 Plin.
1269 1251 1299 1318 5,
1314 1249 1362 1314 55.

345 1339 367 1401 i.
388 1355 447 1420 5ο.
498 1341 583 1402 Male
610 1340 721 1404 miscet
740 1341 871 1404 Solinus
889 1361 916 1404 e.
935 1349 995 1425 45.
1019 1339 1041 1404 s.
1061 1352 1122 1420 4⁰·
1149 1343 1204 1424 qui
1227 1343 1261 1402 in
1282 1341 1363 1422 Sigeo

343 1442 447 1506 Aiacis
472 1442 635 1504 tumulum
658 1444 764 1526 ponit,
797 1445 832 1504 in
855 1441 1004 1504 Rhoeteo
1027 1441 1170 1514 Achillis,
1196 1455 1232 1504 ut
1255 1438 1364 1522 impes.

344 1563 412 1625 cap.
427 1554 462 1621 8.
495 1543 604 1607 schol.
629 1544 749 1606 Lucani
772 1544 812 1606 ed
835 1561 870 1624 9,
892 1545 978 1623 965.
1012 1545 1104 1605 etin
1130 1545 1241 1627 primis
1262 1544 1365 1607 Seneca

343 1645 463 1706 Troad.
480 1665 513 1708 v.
534 1660 640 1710 uuo.
678 1645 813 1710 Achillis
828 1645 916 1706 enim
939 1645 1086 1708 tumulus
1102 1645 1140 1706 ed
1159 1646 1287 1730 Sigeum
1302 1633 1363 1702 suit.

342 1744 469 1825 (Strabo
489 1759 545 1825 15.
567 1766 599 1828 p.
616 1755 703 1829 4¹⁰·
727 1744 748 1808 s.
765 1748 848 1826 596.
875 1767 908 1829 p.
927 1754 1013 1824 413.
1038 1743 1060 1808 i.
1078 1747 1165 1810 ooo.
1190 1760 1223 1808 et
1243 1745 1314 1807 hinc
1332 1742 1365 1803 de

343 1862 481 1930 utroque
501 1861 586 1910 recte
607 1849 739 1911 Serviue
757 1848 796 1910 ad
817 1847 927 1931 Virgil.
949 1847 1028 1910 Aen.
1044 1847 1077 1918 6,
1100 1852 1201 1926 505.)
1232 1842 1366 1910 Pocouke

343 1947 384 2010 Τ.
404 1963 438 2025 5.
461 1969 494 2031 p.
510 1969 556 2013 m.
577 1961 657 2027 153.
688 1949 822 2012 Aeantei
843 1947 971 2033 vestigia
993 1949 1029 2009 in
1052 1948 1134 2011 colle
1153 1967 1254 2032 prope
1273 1945 1366 2010 Rhoe·

342 2062 432 2112 teuru
459 2049 490 2113 se
516 2049 627 2114 vidisse
649 2063 750 2133 putet.
802 2052 893 2112 quta
918 2067 1006 2113 mere
1030 2062 1140 2111 tumen
1164 2047 1270 2120 fuisse,
1299 2045 1365 2108 inde

341 2149 481 2222 discitur,
507 2151 604 2234 quod,
626 2171 701 2214 cunr
718 2171 736 2214 a
756 2153 852 2214 marie
867 2151 1041 2212 adiuvione
1054 2150 1161 2212 aditur
1177 2148 1275 2214 factus
1292 2146 1364 2216 esset.

342 2271 382 2314 ex
395 2256 530 2336 repertio
544 2254 613 2318 eiua
628 2248 756 2324 offibue,
773 2265 908 2336 quantur
924 2248 1020 2313 suerit
1034 2249 1097 2322 ille,
1110 2250 1266 2334 adparuit.
1282 2249 1364 2332 (Pru-

340 2351 405 2418 sun.
426 2373 455 2424 r,
473 2367 531 2434 55,
547 2367 581 2434 5.
606 2353 785 2420 Philostrat.
801 2355 836 2418 in
853 2352 981 2417 Heroic.
1002 2373 1030 2424 r.
1049 2355 1105 2432 Ω.)

415 2533 579 2620 artius)
617 2536 670 2600 ob
686 2537 838 2602 Threciae
854 2535 1086 2600 Chersonesum
1103 2538 1300 2621 prominenti
1314 2532 1364 2599 sese

339 2636 426 2702 uuae
459 2656 531 2701 orae
557 2651 788 2720 opponentem.
825 2657 1008 2702 venrouve.
1072 2639 1186 2703 Adsuie
1212 2642 1363 2724 proprium

340 2739 435 2802 marie
449 2751 483 2802 et
497 2738 674 2802 fluviorum
689 2740 730 2803 de
745 2739 884 2805 transtu.
910 2731 1045 2834 Rursus,
1063 2743 1138 2825 quie
1154 2742 1245 2806 idem
1257 2740 1364 2804 suetum

338 2855 406 2904 erut
424 2838 557 2904 inirem
574 2841 743 2906 Gaditano.

415 3009 654 3094 Dividetur)
703 3013 839 3074 Remoto
856 3011 944 3076 enim
964 3013 1057 3074 litore
1074 3030 1141 3074 non
1159 3012 1297 3084 dividit.
1322 3007 1367 3072 sed

339 3113 460 3188 adluit;
485 3133 545 3176 nec
558 3115 640 3176 latus
654 3109 774 3177 iaciunt
789 3127 903 3184 terrae,
926 3111 977 3176 seri
994 3115 1080 3176 lituo.
1132 3113 1194 3176 Ubi
1214 3135 1289 3177 vero
1305 3111 1368 3172 [une

339 3215 515 3300 angustiae,
539 3214 585 3276 ibi
600 3215 803 3277 terminantia
818 3229 968 3276 terrarum
984 3233 1053 3276 orne
1069 3214 1163 3276 latere
1177 3213 1251 3276 sunt
1266 3214 1367 3297 megin,

339 3337 434 3398 quum
456 3318 558 3378 litora.
609 3317 661 3378 De
675 3316 730 3377 illo
748 3334 824 3378 vero
840 3317 910 3378 locu
929 3315 967 3376 lic
981 3315 1063 3378 libro
1080 3327 1113 3392 5.
1141 3309 1231 3400 [cap.
1249 3325 1308 3399 4ο.
1326 3316 1367 3375 in.

339 3417 362 3481 s.
381 3409 461 3502 μ]
484 3417 624 3480 l’liniue:
654 3418 812 3498 Impetum
834 3416 946 3478 deinde
958 3407 1063 3507 sumit
1083 3407 1316 3506 Hellespontus,
1339 3423 1368 3475 er

339 3540 426 3580 mare
448 3515 619 3589 incumbit.
638 3515 814 3579 vorticibus
835 3517 966 3578 limitem
978 3509 1124 3607 fodiens.
1149 3516 1250 3576 donee
1264 3513 1365 3607 Afiam

338 3617 509 3698 absunrpoe
533 3618 693 3698 Europae.
727 3637 915 3681 vonrouve.
973 3619 1107 3679 initium
1134 3615 1365 3700 Hellespontia

335 3721 476 3804 Trapeza
501 3719 725 3802 promontorio
750 3719 819 3800 post
839 3719 1023 3782 Rhoeteum
1049 3719 1138 3781 ducit
1154 3718 1240 3783 Plin.
1257 3731 1290 3798 5,
1312 3729 1364 3797 55.

336 3819 360 3885 s.
379 3836 439 3904 50.
475 3815 641 3918 Quafluic
661 3819 700 3884 sc.
720 3818 958 3905 Hellespontus.

412 3989 573 4073 latera)
621 3989 766 4061 Scilicet,
799 4008 879 4071 quae
903 4009 1002 4072 prope
1027 3986 1057 4052 se
1080 3989 1284 4074 contingunt,
1317 3984 1364 4048 vei

335 4111 415 4175 quae
447 4089 674 4180 navigantibue
706 4089 866 4175 uuim'que
895 4103 1074 4176 appareant.
1108 4107 1247 4156 eouuvr.
1291 4091 1318 4153 1.
1337 4105 1361 4149 e.
