2922 4958
364 357 427 418 620
633 358 796 418 NOTAE
835 358 1138 418 uxucnrtcau

361 531 647 614 Dionyi.v.488.
685 532 783 615 Quod
799 545 906 594 tamen
923 532 1109 614 Apollonius
1123 530 1313 596 Caucasum
1330 551 1404 596 com·
1442 559 1443 568 ¹

361 648 537 706 memorat,
561 634 630 700 luae
647 636 740 696 aetati
755 633 876 696 tribuit.
928 634 1059 715 Proprie
1073 635 1170 718 igitur
1185 650 1220 696 et
1237 656 1281 696 ex
1301 636 1405 696 ufiura

328 813 332 824 Ι
359 739 499 807 rarione,
522 749 560 797 ut
575 757 613 799 ex
630 735 781 817 superiori
797 734 960 797 Strabonis
976 737 1046 797 ioco
1066 735 1211 805 discitur,
1242 739 1404 818 incipiunt
1442 715 1443 784 l

359 839 438 901 hinc
456 849 583 902 montes
598 836 755 906 Colchici,
780 837 834 918 qui
849 831 1000 920 progressi
1014 853 1088 898 cum
1103 837 1171 898 aliia
1186 837 1382 900 cohaerent.

436 968 635 1052 Taurici)
673 968 699 1032 A
718 969 859 1031 Tauricis
873 967 893 1031 s.
910 963 1023 1031 Tauria
1037 970 1150 1030 accolit
1170 989 1279 1052 prope
1300 971 1404 1033 Maeo-

357 1073 453 1135 tinet
470 1071 634 1137 Euxinum
649 1090 736 1133 mare
751 1091 871 1133 nomen
887 1071 971 1131 nacti
986 1071 1147 1142 videntur,
1165 1073 1315 1134 maxime
1331 1093 1403 1134 curn

355 1173 480 1236 Pliniua
494 1173 527 1246 6,
546 1185 578 1250 5.
601 1175 673 1256 iuga
689 1171 830 1242 Caucasi,
855 1193 953 1254 quern
968 1172 1002 1232 in
1017 1173 1131 1233 eodem
1148 1192 1236 1234 nexu
1249 1178 1403 1235 nominat

355 1295 416 1360 pro
432 1272 597 1336 Cerauniis
612 1273 725 1344 Melae,
750 1275 784 1334 in
798 1274 961 1334 Euxinum
977 1288 1010 1335 et
1021 1272 1179 1334 Maeotida
1196 1275 1327 1336 devexa
1344 1275 1402 1338 eise

355 1376 449 1437 (licat.
510 1377 553 1436 iit
579 1377 651 1454 quia
675 1374 759 1434 nulii
783 1391 909 1436 montes
934 1375 1061 1434 Taurici
1088 1373 1133 1434 ibi
1161 1393 1401 1448 memorantur,

227 1473 230 1482 ’
354 1479 457 1538 immo
473 1476 638 1557 proximus
652 1475 772 1536 adiacet
793 1475 911 1545 Corax,
927 1495 1022 1556 quem
1036 1474 1148 1536 Noster
1162 1473 1344 1562 subiungit,
1359 1498 1401 1540 ua
1442 1531 1443 1556 ,

355 1591 476 1638 temere
499 1576 647 1639 transilire
668 1591 700 1639 et
715 1571 826 1661 'vagari
848 1592 994 1662 cogatur.
1027 1577 1064 1637 ad
1087 1577 1236 1638 ordinem
1259 1581 1399 1661 propina

351 1677 443 1748 iacit,
467 1677 506 1738 de
520 1679 626 1738 Tauro
646 1676 732 1738 ieniu
753 1678 895 1740 strictiori
914 1679 1107 1762 intelligere,
1129 1679 1267 1759 quierat
1285 1681 1323 1740 in
1342 1681 1399 1742 Ar·

351 1781 459 1842 menia
482 1798 580 1860 prope
603 1780 763 1864 Elegiam,
797 1780 881 1842 unde
905 1777 1004 1841 facilia
1027 1779 1299 1840 annuntianti
1322 1781 1400 1844 Mo-

351 1879 473 1943 ichicoa
494 1892 632 1944 montes.
666 1881 738 1941 Vid.
762 1881 846 1944 Piin.
863 1891 894 1958 5,
918 1895 976 1942 ao.
1000 1877 1020 1942 i.
1041 1889 1097 1959 94.
1149 1877 1276 1952 Obstat,
1305 1883 1397 1964 quod

350 1979 467 2052 sentio,
494 1981 572 2052 boc,
598 1982 683 2063 quod
707 2001 722 2043 a
744 1981 891 2067 gentibus
911 1973 1124 2042 accolentibus
1138 1982 1273 2043 uomina
1288 1981 1397 2046 sumta

348 2081 439 2146 sniisc
458 2081 569 2145 Noiier
586 2085 761 2166 profitetur.
798 2083 885 2144 Tum
900 2083 1024 2144 Taurua
1041 2081 1094 2144 iile
1110 2083 1236 2164 proprio
1253 2085 1396 2148 nomine

348 2188 489 2269 pertinet
513 2187 552 2246 ari
578 2185 759 2246 Armeniam
781 2185 819 2245 ab
849 2185 907 2245 hac
930 2201 1003 2254 ora,
1039 2203 1133 2264 quam
1158 2183 1313 2248 hactenus
1339 2188 1397 2247 de·

348 2285 476 2368 scripsit,
501 2287 592 2364 (dicit
607 2287 695 2349 enim
710 2287 797 2362 irinc)
822 2298 989 2354 remotam,
1015 2285 1068 2344 rei
1083 2281 1122 2344 iic
1141 2287 1249 2346 vocari
1269 2286 1392 2368 poteii:

348 2389 502 2450 Tauricos
515 2407 592 2449 vcro
608 2401 734 2449 montet
747 2406 903 2468 nunquam
919 2385 1004 2466 apud
1017 2382 1094 2446 aliua
1109 2385 1233 2450 inveni.
1259 2387 1392 2450 Plinius

349 2499 384 2565 5,
402 2503 460 2562 27.
478 2485 500 2546 s.
526 2491 694 2569 praeponit
713 2487 774 2549 boc
790 2489 902 2549 ordme
919 2485 1148 2569 Pcryaradrer.

422 2608 615 2708 Moschi)
666 2617 721 2682 (ir.
748 2616 912 2704 Μοσχικοῖ
938 2611 1007 2706 ὅρη.
1057 2617 1181 2680 Plinius
1203 2627 1238 2696 5,
1265 2634 1328 2702 27.
1353 2623 1390 2684 in

348 2719 495 2804 singulari
509 2709 702 2809 Moschicus.
738 2719 870 2782 Nomen
886 2733 1048 2782 traxerunt
1063 2738 1081 2780 a
1095 2717 1234 2780 Moschis
1246 2723 1391 2803 populia,

348 2825 388 2884 de
408 2819 524 2902 quibus
543 2817 595 2881 suo
612 2820 694 2882 ioco.
746 2822 844 2904 Quod
859 2823 898 2882 ad
915 2821 1018 2890 satum,
1043 2819 1155 2883 Strabo
1176 2840 1230 2883 rr.
1251 2841 1284 2903 p.
1298 2837 1390 2906 539,

346 2923 369 2986 i.
386 2935 471 3002 492.
487 2919 509 2982 i.
532 2921 685 2982 Colchida
699 2935 732 2983 et
748 2920 918 2986 Caucasum
933 2923 1081 3003 adponit,
1112 2919 1180 3002 posi
1203 2941 1275 3005 pag.
1296 2937 1389 3006 359.

346 3025 368 3088 i.
387 3037 471 3102 521.
495 3021 532 3084 ab
548 3023 587 3083 iia
602 3023 785 3085 Armeniam
801 3024 837 3084 ad
861 3023 963 3084 iberae
982 3035 1015 3084 et
1034 3021 1173 3085 iiibanoa
1191 3026 1392 3088 circumdari

265 3185 268 3192 ,
344 3123 457 3196 refert,
484 3137 516 3185 et
537 3144 568 3205 p.
587 3122 707 3202 365.i.
725 3138 809 3202 527.
832 3121 1022 3194 Caucasum,
1052 3123 1109 3182 ubi
1124 3123 1311 3185 Armeniam
1333 3130 1391 3190 ad.

343 3227 435 3310 tigit,
463 3244 535 3284 cum
560 3225 600 3286 iia
620 3227 778 3288 connecti.
828 3226 881 3288 Sic
901 3245 931 3288 r.
954 3245 987 3306 p.
1005 3234 1065 3302 42.
1082 3222 1103 3285 s.
1122 3225 1182 3287 61.
1205 3225 1325 3288 liniam
1355 3243 1391 3292 et

345 3327 431 3404 Cyro
448 3321 482 3385 si.
504 3323 639 3386 iberiam
658 3325 696 3386 ab
716 3327 866 3389 Armenia
886 3323 1014 3407 separari
1042 3322 1158 3387 scribit.
1209 3325 1391 3392 Consentit

342 3425 528 3490 Plutarchus
550 3427 582 3484 in
601 3425 757 3508 Pompeio
781 3447 847 3508 cap.
866 3437 924 3507 54.
949 3428 1004 3506 qui
1026 3425 1130 3486 iberae
1144 3424 1183 3485 ad
1200 3423 1390 3495 Moschicoa

341 3541 470 3590 montes
492 3539 525 3586 et
544 3526 703 3596 Pontum,
736 3527 874 3590 iiibanoe
889 3527 927 3603 ad
943 3524 1091 3608 Caspium
1111 3545 1195 3586 mare
1218 3529 1388 3607 pertinere

341 3642 456 3692 narrat.
498 3623 548 3687 ei.
572 3624 659 3708 supra
682 3627 720 3688 ari
743 3631 772 3706 §.
792 3645 848 3692 12.
872 3640 905 3688 et
926 3627 965 3688 rie
986 3627 1188 3688 Amazonicis
1209 3631 1386 3696 rnontibua

341 3735 381 3794 ati
402 3734 431 3810 §.
451 3746 485 3807 9.
510 3727 568 3787 ubi
587 3729 626 3789 de
649 3725 793 3792 sontibnr
808 3728 1062 3790 Thermodontis
1078 3727 1275 3808 disquiritur.

418 3849 593 3950 Caspii)
637 3859 811 3940 Aliquotiet
828 3863 861 3921 in
882 3858 1067 3920 Ptolemaeo
1090 3859 1220 3919 unitatis
1239 3881 1384 3928 numero

342 3973 453 4039 5,13.
477 3974 745 4022 commemoratur
767 3954 913 4023 Κάσπιον
937 3945 1025 4046 ὅρος,
1055 3971 1087 4019 et
1101 3957 1141 4018 iic
1160 3950 1311 4049 Caspius,
1339 3965 1381 4028 ic.

340 4079 446 4132 mone,
470 4064 503 4120 in
524 4055 629 4124 Plinio
646 4073 680 4139 5,
697 4077 755 4136 27·
777 4054 817 4126 ri
834 4055 980 4124 Κάσπιον
1001 4061 1036 4120 in
1050 4057 1204 4121 Strabone
1224 4081 1255 4124 r.
1270 4085 1307 4146 p.
1318 4067 1381 4146 63,

339 4159 439 4244 [91.
460 4161 587 4250 iegitur.
623 4164 672 4228 Ita
686 4181 763 4229 vero
781 4159 955 4229 Caucasum
968 4159 1008 4226 ab
1022 4161 1136 4226 accolit
1153 4164 1262 4227 vocari
1282 4168 1383 4230 tradi·
