2892 4950
211 401 265 460 nt
290 399 426 461 ΡΟΜΡ.
456 401 562 459 Mlti..
604 399 686 458 ht.
727 401 891 466 Mitti.
931 401 1011 474 aa.
1075 415 1140 480 ⁶25

94 593 176 640 nent
197 575 237 637 ad
263 571 383 638 formae
408 573 546 656 satorque
568 574 712 637 locorum
735 571 910 646 trandent.
946 587 1065 638 notum
1086 575 1141 640 est.

95 678 153 740 Sic
184 695 265 739 vero
297 677 448 758 gremium
474 677 571 739 etiam
602 695 620 738 a
652 673 768 740 Nostro
794 675 963 740 adhibetur
990 696 1020 750 r.
1047 691 1082 747 a.
1105 691 1140 742 a.

96 787 412 860 ffihhhbh

119 1047 122 1052 ,
178 977 332 1062 Thebe)
382 979 539 1044 Herodot.
559 995 592 1057 7.
608 989 670 1060 42.
692 974 806 1070 Θήβης
825 975 953 1053 πεδίον,
981 991 1019 1042 ut
1033 979 1086 1042 alii
1106 981 1141 1042 in

96 1084 186 1146 notia
211 1084 282 1144 erit.
303 1103 335 1164 p.
353 1082 426 1167 546
442 1079 484 1162 tq.
505 1083 665 1164 producti.
723 1081 856 1146 Patebat
880 1085 965 1145 inter
990 1081 1140 1145 Carinum

94 1185 212 1246 urbem
229 1195 263 1244 et
278 1183 525 1264 Adramyttium,
547 1183 719 1261 (Herodot.
736 1203 763 1246 o.
780 1183 816 1260 l.)
839 1185 923 1246 inter
938 1184 1140 1247 Antandrum

95 1299 132 1348 et
147 1286 398 1363 Adramyttium.
423 1286 587 1368 (Xenoph.
605 1284 645 1346 de
660 1285 773 1368 erped.
789 1285 868 1366 Cyri
884 1299 917 1362 7.
933 1296 966 1363 8.
983 1287 1041 1366 4.)
1077 1284 1139 1346 diii

96 1387 298 1450 contermina
312 1387 447 1448 omnino
463 1385 529 1448 loca
545 1386 695 1457 indicunt.
716 1399 754 1454 ut
768 1386 909 1466 Astyren.
932 1387 1017 1450 Ptin.
1028 1401 1062 1464 5.
1079 1399 1138 1465 52.
1267 1453 1269 1460 ,

96 1486 121 1551 i.
140 1501 200 1568 30.
224 1487 308 1550 conl.
331 1486 478 1570 Xenoph.
499 1488 532 1548 in
556 1486 625 1550 hid.
651 1488 706 1552 Gr.
723 1497 758 1569 4.
784 1506 814 1552 r.
829 1485 853 1552 f.
887 1489 1139 1568 Adramyttium.

96 1589 172 1651 Liv.
190 1601 249 1668 57.
270 1585 364 1668 19.t.
391 1589 445 1668 qui
465 1588 645 1666 opulentum
665 1609 776 1671 ugrum
797 1603 908 1662 vocat.
934 1589 967 1650 in
985 1607 1049 1670 quo
1065 1609 1139 1651 cort·

97 1689 290 1753 sentientem
319 1688 413 1749 habet
435 1689 622 1752 Strabonem
643 1703 697 1770 13.
728 1711 760 1772 p.
782 1701 868 1770 421.
895 1689 1019 1755 fibro.
1074 1689 1139 1753 Sed

96 1793 188 1874 quod
203 1791 293 1852 addit
311 1791 449 1852 carmine
465 1791 595 1852 Homeri
611 1789 830 1862 nobilitatum.
855 1792 1086 1875 disputationes
1104 1790 1138 1854 iti

95 1892 221 1961 morit.
253 1909 327 1954 curn
351 1892 453 1974 campi
473 1891 558 1954 illiue
580 1911 735 1973 nusquam
756 1893 919 1956 Homerue
941 1893 1138 1963 meminerit.

97 1991 152 2056 [ed
168 1993 265 2060 unice
280 1991 411 2056 Thebae
432 1993 469 2056 il.
490 2013 519 2064 r.
537 1993 621 2072 366.
646 1995 679 2072 6,
697 2005 781 2074 397.
802 2027 851 2041 ·-
876 2013 970 2076 quare
991 1994 1139 2056 etiamid

96 2095 197 2156 Ltrio
216 2094 346 2176 quidam
366 2095 527 2178 vulgatam
551 2095 740 2165 lectionem.
772 2094 883 2158 codice
906 2109 1063 2180 praeterea
1085 2095 1139 2156 ad·

96 2197 170 2265 iuti.
190 2197 373 2256 immutant.
408 2197 541 2258 Livium
558 2209 663 2260 tomen
680 2192 803 2260 Voss'rue
817 2197 855 2258 ad
873 2196 1012 2258 nostrum
1029 2196 1137 2258 locum

95 2297 254 2368 vindicat.
277 2298 349 2378 quia
366 2297 445 2368 tto.
463 2311 547 2377 597.
574 2297 736 2359 Homerus
751 2297 907 2359 addiderit
924 2287 987 2362 ὑπὸ
1006 2291 1137 2379 Πλάκῳ

97 2387 254 2484 ὑληέσσῃ.
301 2397 386 2459 hddi
415 2397 517 2481 potest
537 2397 669 2468 Strabo.
693 2399 749 2480 qui
768 2412 823 2478 15.
848 2419 881 2482 p.
897 2409 983 2478 404.
1008 2397 1029 2462 i.
1052 2409 1136 2476 583.

96 2499 261 2568 adfirmat.
287 2499 423 2561 Theben
443 2513 475 2561 et
491 2499 619 2562 Thebes
636 2519 784 2582 campum
802 2497 990 2582 promiscue.
1015 2500 1137 2570 utalia.

96 2601 174 2665 diei.
221 2600 367 2670 Accedit.
402 2603 488 2682 quod
520 2601 658 2664 Achilleo
690 2599 827 2664 Theben
861 2601 975 2663 urbem
1009 2603 1136 2674 evertit.

97 2703 157 2778 (ii.
177 2717 211 2770 Ω,
229 2701 336 2780 691.)
369 2714 418 2774 et,
452 2701 472 2760 fi
502 2701 555 2764 vel
585 2703 749 2764 instaurata
773 2700 851 2774 fuit.
885 2701 1003 2766 deserta
1028 2717 1136 2765 tamen

96 2803 197 2864 iacuit
209 2801 371 2866 Strabonis
385 2815 485 2864 aetate
505 2802 582 2888 (lib.
598 2817 651 2883 15.
670 2823 701 2884 p.
719 2815 805 2882 421.
822 2801 842 2865 i.
861 2805 966 2881 δια.)
989 2817 1021 2865 et
1037 2805 1137 2866 Plinii

95 2905 192 2988 plane
211 2904 422 2974 interciderat.
444 2907 496 2982 (5.
520 2907 578 2983 52.
599 2901 619 2967 i.
638 2906 716 2983 50·)
741 2901 829 2966 facile
853 2905 979 2974 evenit.
1013 2919 1049 2966 ut
1074 2905 1137 2974 alii.

95 3005 297 3087 antiquitatis
339 3005 483 3076 studiosi.
541 3005 641 3068 ruodo
686 3003 822 3066 Theben
869 3017 1136 3076 commemorent,

96 3107 201 3168 modo
226 3107 294 3168 eine
323 3126 482 3189 campum.
535 3107 631 3190 Quod
657 3105 793 3168 Theben
824 3104 906 3168 hano
928 3105 1057 3169 Ciliciae
1083 3107 1137 3168 dat

97 3207 299 3289 Stephannr.
336 3208 469 3286 ductum
502 3207 545 3270 ett
576 3227 614 3269 ex
641 3207 784 3270 Homero
809 3207 845 3270 ll.
867 3208 900 3277 6,
923 3221 1007 3287 597.
1040 3207 1136 3268 etad

94 3307 230 3392 priscam
250 3309 387 3370 Cilicum
406 3307 509 3371 sedern
526 3321 559 3370 et
580 3303 739 3370 ditionem
761 3309 911 3390 pertinet.
954 3309 996 3370 tt
1013 3327 1085 3368 cum
1101 3308 1137 3368 in

94 3409 263 3494 posteriori
294 3409 403 3472 Cilicia
436 3412 528 3490 ponit
556 3410 686 3473 Curtius
705 3423 737 3487 3.
760 3419 795 3487 4.
826 3429 878 3472 ιο.
912 3409 1051 3494 graviter
1081 3409 1134 3472 itte

94 3523 196 3581 errat.
231 3509 285 3571 etit
311 3513 392 3572 tueri
412 3509 503 3572 iilum
528 3523 652 3573 tentant
667 3510 809 3573 liederus
825 3511 862 3572 ad
876 3531 903 3574 c.
919 3511 942 3572 l.
969 3525 1003 3571 et
1017 3510 1135 3572 saima-

95 3612 161 3674 srue
184 3613 219 3672 in
242 3611 343 3674 satin.
370 3633 402 3694 p.
426 3633 472 3676 rn.
488 3623 571 3692 545.
608 3609 659 3675 cf.
684 3613 782 3673 etiam
809 3609 951 3676 Turneb'.
981 3609 1135 3673 adversar.

100 3725 159 3792 13.
179 3727 234 3789 ¹5·
271 3713 480 3774 Luculentiua
496 3733 572 3776 vero
589 3725 772 3793 temereque
785 3733 886 3776 errare
902 3713 1062 3784 videntur.
1078 3710 1136 3793 qui

93 3813 235 3876 Theben
250 3827 282 3874 et
300 3815 535 3894 Adramyttium
551 3815 683 3876 eandem
699 3813 811 3876 urbem
829 3811 947 3884 ierunt,
970 3827 1008 3873 ut
1024 3825 1133 3874 auctor

93 3915 242 3993 Etymol.
267 3915 314 3976 ttt.
341 3915 375 3978 h.
393 3936 426 3978 v.
462 3916 623 3995 Didymuo
646 3915 698 3976 iile
720 3916 758 3978 ad
783 3915 914 3978 Homer.
936 3915 973 3976 li.
995 3935 1023 3984 r.
1049 3915 1133 3993 566.

94 4017 261 4079 Diaconue
281 4016 319 4078 ad
341 4015 471 4079 Hesiodi
496 4015 570 4079 sont.
586 4037 618 4080 v.
635 4025 695 4098 49.
729 4016 869 4080 Eudath.
886 4015 979 4078 adil.
999 4030 1031 4086 a.
1046 4017 1132 4102 691.

92 4137 168 4204 pag.
190 4125 275 4200 243.
295 4114 318 4182 f.
349 4115 427 4196 (ubi
458 4111 702 4210 'Adpnpurrpviy
737 4113 852 4208 oddo)
885 4136 960 4181 cum
993 4129 1135 4181 auctores
