2764 4954
158 429 210 488 ΙΝ
237 428 371 486 tome.
398 427 506 484 Mau.
550 419 636 482 Lt.
679 427 786 486 (LXI.
829 427 908 496 §.m
991 435 1054 504 345

39 591 111 664 rude
129 614 221 665 retur
238 599 323 664 orbie
344 597 512 682 descriptio
527 617 596 682 cap.
616 613 671 676 17,
693 619 724 664 t.
743 593 902 688 lapte-pesa
923 603 1056 664 vocavit

38 717 64 764 et
76 700 201 776 πολλοῖς
218 696 321 789 ἔργοις
334 689 527 786 ἐξέχουσαν,
550 701 605 762 ubi
622 701 759 764 aliorum
775 702 953 766 testimonia
968 702 1058 766 dabit

41 801 239 866 Gothosredtte
253 825 285 886 p.
305 817 359 866 ια.
384 803 504 866 Arabee
518 802 617 865 hodie
633 802 797 884 adpellant
813 804 955 866 Antulla.
984 805 1056 870 Vid.

40 905 147 985 lloluey
160 903 254 968 lleile
268 903 353 966 uach
368 903 482 984 Syrien
497 905 595 966 Toru.
612 919 647 968 a.
663 925 695 986 p.
710 905 790 968 116.
826 907 877 967 De
891 905 1060 968 ruderibue

42 1006 96 1068 eine
115 1027 184 1068 aere
204 1000 354 1088 expreffie
374 1003 519 1090 exposuit
534 1003 683 1068 Pococlte
698 1006 740 1070 Τ.
757 1021 790 1069 tt.
807 1007 846 1068 ad
862 1027 894 1089 p.
908 1021 981 1087 274
997 1005 1058 1088 sqq.

42 1107 132 1169 lncola
164 1107 246 1171 olim
278 1104 454 1168 secundum
490 1106 695 1188 Stephanum
722 1107 756 1170 b.
791 1127 825 1170 v.
860 1108 964 1170 dictus
995 1103 1061 1172 'Av-

41 1200 156 1292 τινχεὶος
174 1222 209 1270 et
229 1201 443 1293 ’λνοιόχειοςς
479 1207 587 1269 Latini
607 1205 813 1295 frequentant
838 1205 1061 1302 Antiochenstr

42 1320 67 1372 tt
83 1309 304 1374 Amtoeaennr.
739 1340 741 1348 ⁴

101 1509 222 1593 olim)
273 1509 363 1574 Haec
380 1510 479 1574 verba
501 1529 568 1574 uon
588 1509 769 1574 referuntur
787 1512 827 1572 arl
843 1511 1062 1584 Antiochiam,

42 1608 82 1674 sed
102 1613 139 1674 ad
160 1613 302 1695 Syriam.
335 1629 530 1679 octvetttve.
580 1613 681 1699 Quod
700 1609 863 1696 sequeutia
885 1614 1065 1678 luculenter

44 1713 179 1778 indicant.

106 1915 373 2001 Semiramis)
424 1917 525 2004 Quod
551 1937 592 1978 att
617 1915 752 2000 probare
777 1919 920 2000 potuerit
946 1931 1065 1991 auctor,

45 2015 147 2079 viderit
166 2017 245 2102 ipse.
283 2020 345 2084 Sed
365 2020 452 2102 quod
473 2017 588 2091 scribit,
613 2020 743 2082 videtur
759 2019 891 2082 statuere
908 2021 948 2080 de
964 2035 1066 2081 matre

47 2115 126 2183 bniue
146 2119 386 2191 Semiramidie,
414 2121 551 2183 Derceti.
602 2120 705 2204 Atque
721 2122 818 2182 etiam
840 2117 906 2203 ipsa
928 2118 1068 2203 supersti-

49 2218 111 2280 tiose
125 2221 208 2302 apud
225 2221 422 2284 Palaestinae
437 2222 531 2292 culta,
554 2238 590 2284 ut
604 2221 676 2284 satie
691 2235 781 2305 patet
791 2241 831 2284 ex
842 2221 955 2285 Ovidii
966 2221 1068 2282 Meta·

48 2322 208 2404 morph.4,
233 2332 280 2403 45
300 2321 341 2402 lq.
376 2341 400 2385 1.
423 2341 614 2386 onouovtve
632 2325 709 2387 MS.
729 2341 762 2386 Ω.
812 2322 953 2406 Respicit
975 2337 1068 2384 vetut
1142 2393 1144 2398 ,

49 2437 166 2502 regnum
190 2423 404 2500 Assyriorum,
438 2425 527 2486 cuiue
554 2439 663 2487 auctor
694 2423 815 2496 Ninus,
849 2425 903 2488 etii
935 2424 1069 2507 quidam

50 2517 163 2596 Belum,
197 2523 282 2586 Nini
310 2537 453 2606 patrem,
487 2525 617 2598 volunt,
652 2527 700 2588 uti
734 2527 843 2606 Syrios
869 2525 971 2588 solent
995 2545 1070 2586 cum

51 2619 158 2700 lsyriie
179 2621 391 2688 confundere.
423 2647 446 2688 1.
473 2647 668 2690 ouonovtve
684 2628 761 2690 MS.
784 2647 813 2688 t.
867 2627 961 2688 Hanc
982 2645 1071 2690 com·

50 2721 251 2789 mutationem
267 2739 376 2806 aperte
392 2726 530 2790 declarat
553 2727 687 2791 lulliaco
709 2749 738 2801 t,
760 2745 794 2792 ο.
811 2725 834 2790 s.
859 2717 991 2817 Affyrt't'.
1018 2727 1073 2810 qni

51 2821 143 2914 possea
157 2826 236 2909 Syri
250 2825 333 2886 dicti
342 2817 441 2918 sunt.
468 2841 501 2890 et
517 2828 671 2892 Herodot.
690 2843 722 2904 7,
739 2831 798 2908 65.
820 2815 912 2892 οὗτοι
929 2817 994 2891 iet
1013 2823 1071 2916 μὲν

50 2915 198 3011 Ἑλλήνων
222 2921 398 2991 ἐκαλέοντο
420 2919 551 3015 Σύριοι,

53 3017 137 3110 oo'ptot
158 3023 364 3115 ἐκλήθησαν,
396 3029 451 3091 etst
473 3027 537 3114 ipse
553 3031 661 3110 Syrioe
676 3030 716 3092 ab
733 3031 859 3111 Assyriis
881 3029 1073 3114 distinguere

53 3119 125 3190 solet.
167 3127 219 3194 ef.
251 3127 340 3212 snpra
369 3142 402 3192 et
430 3151 510 3212 qnae
535 3130 746 3216 Oudendorp.
778 3131 818 3194 ad
841 3131 989 3192 Suetonii
1012 3130 1073 3193 lul.

53 3222 237 3295 Caesena.
252 3227 274 3294 s.
299 3243 332 3292 et
348 3229 517 3294 Murtcker.
535 3233 573 3292 ad
592 3233 712 3318 Hygin.
731 3231 795 3296 snb.
807 3227 924 3310 275.f.
952 3225 1074 3292 Latiffi·

53 3344 129 3390 mum
142 3335 233 3393 euim
248 3332 328 3393 olim
342 3331 460 3412 Assyria
477 3333 648 3414 imperium
668 3336 789 3404 tenuit,
815 3332 895 3395 adeo
910 3348 947 3395 ut
965 3345 998 3394 et
1017 3331 1075 3412 Sy-

53 3427 120 3491 riam
133 3433 263 3515 proprie
278 3433 397 3494 dictam
411 3435 685 3517 complecteretur.
719 3435 831 3497 Voluit
846 3433 978 3495 tandem
992 3430 1074 3504 ulue,
1121 3487 1125 3496 .

54 3542 83 3588 ut
95 3531 198 3611 Syrios
219 3533 261 3595 ab
277 3533 401 3612 Allyriie
422 3537 602 3618 Euphrates
620 3536 674 3598 vel
693 3531 801 3620 Tign'o
821 3533 1009 3606 secerneret,
1043 3547 1077 3596 et

55 3625 118 3692 hinc
139 3636 203 3701 duo
226 3633 326 3697 elseut
347 3637 469 3718 populi.
521 3637 652 3718 Proprie
671 3651 779 3699 tamen
794 3635 912 3714 dllyria
933 3635 1017 3696 dicta
1033 3633 1077 3698 est

57 3731 160 3796 circum
184 3735 330 3807 Ninum,
364 3739 481 3798 deinde
506 3737 687 3809 Adiabene,
722 3751 759 3798 ut
781 3737 911 3820 quidem
936 3735 1076 3806 tradunt,

58 3827 128 3898 Plin.
150 3849 183 3914 5,
214 3833 391 3916 13.l.12.
421 3852 453 3900 et
476 3839 636 3902 Ammian.
662 3853 722 3918 25.
747 3839 781 3901 6.
832 3837 947 3900 Tradit
976 3839 1077 3901 etiarn

60 3929 160 3998 Strabo
176 3937 233 3998 lib.
258 3939 311 4002 26.
326 3939 372 4002 in.
395 3939 492 4018 Syroe
508 3939 611 4002 ‹lictoe
627 3936 726 4010 fusile,
752 3956 890 4020 quornm
909 3957 1000 4022 reget
1017 3939 1081 4000 Ba·

60 4027 195 4108 bylonem
212 4039 266 4100 vel
283 4038 406 4100 Ninum
426 4041 530 4125 regiae
548 4035 729 4102 habuerint.
781 4039 921 4121 Adparet
942 4057 1018 4102 vero
1039 4059 1078 4102 etr

61 4131 114 4214 ipsa
137 4138 240 4208 Melae
265 4139 439 4216 divisione.
472 4141 598 4222 Syriam
624 4159 701 4208 enm
726 4135 876 4226 latissimo
900 4139 1023 4204 ambitu
1045 4153 1080 4204 et
