2922 4958
202 409 254 470 m
283 409 418 468 norun
449 405 555 464 urm.
596 404 679 460 ur.
721 402 854 461 cmx.
893 400 993 471 tn.
1063 401 1125 476 617

92 585 250 672 posteriori
269 597 414 666 tempore
436 575 602 640 dicturos
623 575 733 648 Erax.
764 590 801 638 ut
815 573 911 640 refert
926 579 1127 645 constantin.

93 689 248 772 Porphyr.
265 687 306 748 de
326 681 497 746 administr.
518 681 598 761 imp.
622 697 688 760 cap.
705 689 764 770 45.
817 679 924 742 Hodie
943 687 1129 744 nominatur

92 782 184 884 Fusa,
207 787 271 858 val,
290 800 328 848 ut
343 785 486 846 adfirmat
501 779 642 844 Chardin
658 799 685 842 c.
701 781 723 841 l.
755 781 869 844 Turcio
882 783 997 852 Faciat.
1014 785 1129 848 accolit

93 893 204 956 Riont.
238 885 290 952 Cs.
306 901 339 950 ct
354 881 563 948 Giildenssddt
575 877 690 944 sicisen
708 881 779 944 Vni.
800 902 830 945 a.
851 902 884 965 p.
898 895 968 964 595
984 884 1027 970 sq.
1053 887 1128 948 Rei.

93 1013 191 1078 neggi
204 988 329 1052 Beschr.
345 989 401 1050 dor
418 982 573 1050 Caucasus
588 983 628 1044 Τ.
646 997 680 1044 tt.
696 1003 729 1065 p.
747 994 793 1060 55
812 980 853 1065 sq.

167 1089 392 1174 oppidum)
442 1087 709 1148 commemorant
732 1084 853 1166 piurctt,
880 1086 914 1147 in
938 1087 977 1150 iic
997 1089 1129 1172 Stepha-

93 1214 170 1266 nur,
195 1195 253 1275 qui
269 1191 307 1252 ad
324 1190 444 1252 flumen
462 1189 570 1269 ponit,
595 1197 633 1245 ut
650 1185 762 1247 Strabo
781 1205 835 1249 tt.
857 1207 888 1269 p.
906 1197 988 1269 545.
1005 1188 1026 1253 s.
1043 1203 1129 1271 493.

92 1299 132 1358 Iu
147 1315 201 1358 ora
215 1306 321 1354 autom
338 1291 425 1352 sitam
442 1286 547 1358 fuisse.
571 1288 698 1370 adparet
711 1303 750 1346 ex
765 1288 889 1367 Scylace
906 1311 938 1372 p.
953 1305 1011 1366 32.
1028 1292 1128 1358 Huds.

94 1411 127 1458 et
148 1396 335 1460 Ptolemaeo
353 1403 386 1469 5,
408 1411 463 1453 ro.
514 1388 576 1450 Sed
602 1401 634 1448 et
652 1387 764 1449 Strabo
781 1389 819 1450 ab
834 1410 895 1450 una
919 1407 1005 1472 parto
1020 1413 1035 1454 a
1051 1395 1133 1464 mari

96 1499 182 1582 cingi
202 1495 313 1566 refert„
338 1505 370 1555 et
392 1493 425 1553 in
439 1481 597 1582 furacibus
608 1483 710 1580 fluvii
730 1493 824 1572 pouit
846 1491 968 1556 Plinius
983 1493 1015 1564 6,
1032 1507 1066 1574 4.
1090 1490 1132 1558 ad

93 1601 163 1661 cius
181 1597 257 1659 osiia
278 1594 424 1682 Agathino
446 1591 502 1653 sib.
526 1611 554 1654 t.
578 1611 608 1672 p.
627 1591 685 1667 68.
708 1591 788 1652 Ven.
841 1593 960 1656 Urbem
981 1587 1132 1662 Graecam
1194 1619 1195 1622 ’

94 1713 190 1762 vocat
216 1699 342 1778 Scylax,
373 1709 406 1756 et
426 1713 442 1756 a
466 1691 596 1754 Miicsrir
624 1692 786 1752 conditam
815 1689 920 1756 scribit
941 1697 1131 1779 Stephanus.

94 1800 245 1863 Primum
260 1801 356 1862 otiam
373 1794 572 1876 Heniochum,
589 1791 664 1876 *posi
679 1791 819 1856 Milesroo
835 1795 873 1856 ad
890 1795 1030 1860 fluvium
1047 1799 1133 1862 hahi-

95 1901 168 1963 tasse
181 1898 294 1962 diserte
310 1911 413 1960 narrat
429 1894 609 1957 Heraclides
623 1894 777 1955 Ponticus
793 1895 832 1956 de
848 1896 972 1962 Politiio
988 1899 1043 1962 Gr.
1061 1899 1082 1965 i.
1098 1923 1131 1965 v.

93 2001 249 2066 Phasiani.
300 1991 512 2068 Deductum.
530 2015 593 2078 quo
612 1994 712 2056 verbo
735 1995 788 2056 hic
808 1997 911 2058 utitur
931 1999 1053 2074 Noster,
1077 2023 1135 2066 no·

94 2117 168 2166 tum
185 2102 229 2165 est
251 2102 394 2163 coloniae
412 2097 579 2162 indicium.
614 2096 684 2157 Viri.
699 2097 851 2188 Arntzqn.
871 2098 909 2159 ad
927 2101 1031 2165 dures.
1048 2105 1132 2168 Vict.
1202 2141 1203 2153 .

95 2206 137 2266 dc
153 2206 191 2267 V.
207 2205 234 2266 l.
251 2213 284 2280 5,
301 2216 334 2282 3.
368 2194 448 2285 Quia
465 2218 542 2260 vero
559 2209 681 2282 praeter
692 2197 811 2260 Melam
826 2201 1026 2264 conditorem
1041 2201 1134 2267 saciat

95 2303 382 2390 Themistagoram,
406 2303 531 2384 ignoro.
571 2298 713 2380 liepctiit
733 2312 839 2360 tamen
856 2320 894 2362 ex
914 2301 999 2364 Mela
1019 2305 1134 2369 Bocca-

94 2407 160 2468 tiua
182 2407 217 2466 iu
235 2404 437 2489 Genealogiia
453 2403 552 2464 Deor.
575 2413 627 2480 ιε,
647 2399 705 2476 68.
729 2399 925 2463 Colchorum
952 2409 1134 2488 emporium

94 2504 204 2576 suiss'e,
230 2525 270 2566 cx
288 2505 444 2567 Strabone
467 2500 605 2563 discitur.
658 2499 785 2562 Gentise
808 2499 951 2590 Φασίτης
970 2525 1043 2568 curn
1066 2511 1135 2572 aliia

96 2628 115 2670 a
134 2607 298 2689 Stephano
319 2617 457 2668 notatur.
497 2603 621 2672 Hodie,
646 2603 732 2684 quod
753 2599 849 2664 resert
871 2605 1078 2672 Baudrandus
1100 2611 1135 2674 in

95 2709 232 2772 Ferrarii
247 2709 364 2769 Lexico
379 2705 413 2768 h.
430 2725 463 2766 v.
487 2703 525 2764 ab
543 2703 627 2764 ltalia
642 2717 772 2766 vocatur
786 2695 881 2796 Fuso,
898 2727 914 2766 a
932 2706 1028 2770 Gattt·
1043 2703 1134 2802 Fusa,

94 2823 131 2873 ot
145 2810 250 2871 adhuc
262 2808 338 2870 urba
352 2807 395 2868 esi
411 2797 609 2886 ampsiss'tma.
653 2805 713 2866 Alii
735 2819 848 2886 putant
870 2807 932 2867 dici
948 2809 1135 2900 Poiisronia,

96 2909 250 2988 (oberlin
272 2909 311 2970 aa
334 2907 466 2968 vntum
485 2925 517 2986 p.
539 2905 633 2982 166.)
654 2905 707 2966 vn
727 2905 828 2967 mnu
850 2923 905 2969 aut
920 2909 1005 2972 Pon.
1030 2911 1137 2988 (uan-
1241 2933 1243 2938 ·
1323 2875 1325 2879 ’

95 3025 173 3076 nort
190 3011 308 3096 Geogr.
329 3009 402 3070 Vol.
419 3010 452 3072 6.
470 3006 506 3068 Ρ.
524 3023 557 3069 2.
574 3025 605 3087 p.
624 3006 721 3083 560.)

178 3108 398 3192 tempium)
447 3110 497 3170 De
521 3125 560 3170 co
582 3107 616 3166 in
636 3106 746 3187 primia
769 3103 886 3168 consuli
906 3101 1009 3190 potest
1025 3112 1137 3178 Straho
1194 3125 1199 3132 ’

103 3235 163 3277 rr.
179 3234 211 3296 p.
229 3209 343 3294 343.s.
354 3219 439 3291 498.
463 3211 518 3290 qui
534 3219 646 3278 narrat,
672 3228 689 3268 a
704 3207 821 3268 Phrixo
836 3209 870 3268 in
886 3209 1041 3273 honorem
1058 3215 1138 3277 Lou-

97 3315 235 3381 cothcac
256 3311 448 3374 exstructum
463 3307 541 3379 csse,
567 3322 599 3369 ot
613 3310 682 3371 eiua
698 3310 783 3370 Deae
802 3311 963 3372 oraculum
982 3311 1138 3392 habuiss'e3

94 3415 169 3500 poss
188 3413 380 3478 al'harnacc
401 3425 434 3472 ct
449 3409 634 3470 Mithridate
652 3409 815 3472 vastatum.
867 3411 1012 3475 Dubitari
1031 3429 1140 3480 tamen

97 3514 219 3604 potos,
245 3534 285 3576 an
310 3513 345 3573 srt
364 3511 471 3583 idam,
496 3513 569 3592 quia
587 3511 681 3592 ponit
695 3511 728 3571 in
751 3508 890 3575 Moschis
911 3511 1000 3598 supra
1022 3517 1140 3583 fluvios

96 3617 218 3682 Phasin
233 3629 266 3678 ct
280 3613 413 3692 Cyrum.
465 3611 585 3696 Quodsi
600 3625 707 3673 tamen
723 3613 810 3672 idem
829 3611 906 3684 suit,
933 3613 1069 3679 succedit
1084 3621 1141 3683 asia

97 3719 282 3787 dubitatio.
319 3735 359 3776 an
385 3727 469 3774 recta
502 3713 556 3774 hio
590 3711 674 3773 Mela
707 3731 957 3778 commemorato
988 3722 1139 3800 potuerit.

99 3821 228 3886 Contra
258 3819 294 3878 in
319 3817 408 3878 aditu
433 3813 574 3876 l’hasrdit
599 3813 637 3874 ad
658 3811 806 3874 sinisiram
831 3813 1015 3878 Phasranam
1039 3821 1140 3880 Deam

100 3919 311 3985 constitutam
334 3913 424 3978 inisse
445 3912 541 3977 rascrt
562 3915 681 3976 Arrian.
706 3935 738 3996 p.
753 3932 788 3994 9.
819 3917 904 3998 quod
927 3920 963 3977 ad
986 3921 1143 4001 templum

96 4024 200 4088 etiam
225 4019 385 4100 portinere
409 4015 532 4098 potest.
571 4013 701 4097 ipsoex
727 4013 828 4098 specie
849 4030 882 4078 et
905 4015 1005 4080 sorma
1033 4021 1143 4086 Rheae

100 4124 241 4186 similem
263 4118 462 4185 existimavit.
498 4117 596 4180 Aliud
612 4109 693 4204 ἱερὸν
713 4114 735 4178 s.
756 4113 863 4178 sanum
880 4138 897 4179 a
912 4119 1044 4192 Phrixo,
1068 4145 1144 4187 cum

101 4223 246 4290 Colchor
267 4233 399 4307 poteret,
425 4236 525 4304 propa
541 4217 733 4298 Byzantium
750 4215 841 4283 suisio
855 4222 1033 4296 conditum,
1059 4245 1145 4289 com.
