2828 4966
176 380 218 435 m
242 379 374 436 tome.
408 379 526 434 mitt..
570 378 651 433 1..1.
693 377 771 433 (21.
814 377 891 446 §.5-
1010 389 1050 456 59

69 553 120 610 inm
134 551 243 610 aliorum
263 565 414 612 veterum
437 552 648 632 opinionem.
698 548 782 610 Nam
801 551 856 630 qui
874 549 1047 614 minimum

68 655 134 712 iirrre
143 653 173 712 ad
186 665 303 714 centum
320 665 355 712 et
370 655 546 736 octoginta
562 653 676 736 grados
698 664 798 713 terrae
817 653 961 734 cognitae
978 652 1047 712 lou·

69 755 187 833 podicem
201 755 424 814 extenderunt.
456 773 605 834 voeetve.
659 752 778 813 Melam
794 755 890 814 etiam
913 753 974 814 hoc
990 772 1048 814 no·

69 857 120 912 uine
128 853 337 934 reprehendunt
353 853 570 924 ciacconius,
596 870 629 916 et
646 855 770 916 Politue
788 855 820 912 in
837 851 1045 918 animadvers.

68 955 85 1010 ir
97 955 197 1014 [durh.
211 955 246 1014 ad
261 954 396 1034 Dionys.
418 955 481 1018 lib.
501 975 532 1019 a.
547 975 613 1037 cap.
632 971 664 1018 2.
682 978 714 1038 p.
737 957 816 1027 167.
843 973 956 1016 omnea
974 951 1047 1016 salso

66 1057 155 1116 nude
166 1070 295 1138 percepta
314 1057 556 1140 significatione
576 1057 666 1118 vocis
685 1056 859 1138 aliquanto.
886 1075 965 1138 quae
980 1075 1047 1117 non

65 1154 187 1232 ripula,
210 1155 368 1226 [addend
388 1157 516 1236 patrlso.
542 1157 643 1237 longe.
669 1157 778 1224 multo.
804 1157 852 1217 uti
871 1169 986 1217 notum
1005 1155 1048 1218 est

64 1255 123 1315 'rote
139 1258 193 1338 poll
209 1259 474 1320 admonitionem
497 1261 530 1320 iu
552 1259 663 1340 primic
685 1257 816 1319 Eroellii
838 1259 875 1318 ad
901 1259 1046 1320 Suetonii

65 1354 117 1415 saei
134 1377 185 1441 rap.
201 1361 256 1436 63.
319 1361 434 1442 Quare
459 1360 564 1421 noller
589 1381 605 1420 a
626 1359 791 1421 communi
814 1355 877 1420 sere
902 1372 1046 1420 veterum

63 1458 164 1532 opinione
181 1463 307 1520 minime
325 1463 484 1530 dissrdet‚
516 1480 597 1542 qnae
616 1461 715 1542 dupio
740 1461 891 1520 maiorem
916 1457 1047 1521 iaciebat

63 1555 249 1639 longitudinem,
271 1563 321 1620 uti
341 1563 410 1622 iam
429 1561 621 1624 dictumest.
656 1565 704 1624 De
720 1574 851 1642 utraque
866 1561 1045 1624 extensione

64 1658 140 1718 osen
154 1662 255 1722 Strabo
274 1683 300 1723 c.
313 1663 345 1722 ·l.
385 1665 448 1744 qui
471 1663 707 1746 longitudinem
728 1664 815 1722 ducit
835 1663 873 1722 ab
896 1664 1046 1725 extremit

62 1756 128 1820 hliae
145 1761 244 1824 finibus
266 1765 306 1823 ad
326 1763 506 1846 Hispaniae
527 1766 669 1834 ultimo,
695 1765 740 1823 uti
764 1763 887 1824 Plinius
908 1781 938 1831 a.
966 1781 1045 1826 tta.

63 1854 139 1936 [ποθ.
160 1863 353 1926 latitudinem
373 1865 420 1925 ab
443 1867 592 1926 extremis
609 1863 820 1948 Aethiopibus
845 1865 883 1925 ad
904 1864 1045 1934 Thulen.

63 1962 222 2026 aonidiauo
248 1965 307 2024 srlu
335 1969 377 2026 ad
416 1965 685 2046 septemtrionem.
738 1965 828 2026 idem
854 1965 980 2026 Plinius
1005 1965 1046 2026 de

64 2064 174 2143 utriusque
194 2066 398 2129 dimensione
423 2068 561 2148 plurium
582 2069 751 2148 opinionee
773 2063 930 2136 recenset.
957 2079 989 2128 et
1006 2085 1046 2127 ex

63 2177 84 2217 o
95 2163 232 2228 ilutiauue
247 2167 379 2248 Capella
396 2167 454 2228 lib.
472 2170 506 2232 6.
523 2189 554 2250 p.
569 2187 613 2230 m.
635 2180 715 2248 198.
752 2165 801 2230 cf.
821 2169 918 2229 ctiam
933 2167 1046 2230 Strabo

63 2257 96 2318 lii.
109 2278 130 2324 a.
147 2287 174 2348 p.
188 2283 242 2348 79.
259 2268 280 2332 s.
303 2271 391 2332 116.
428 2269 628 2331 Ptolemaem
653 2291 682 2340 r.
708 2285 727 2342 7
747 2267 808 2350 sqq.
834 2271 925 2330 cuiue
946 2279 1055 2330 aetate·
1142 2331 1147 2340 ,

64 2360 84 2414 tl
99 2363 199 2429 Oriente
213 2371 249 2429 ad
272 2369 427 2430 occasum
447 2372 653 2431 innotuerant
681 2383 759 2449 rgo.
784 2371 913 2454 gradun.
947 2388 1045 2430 ame·

63 2461 110 2523 ridie
130 2469 159 2526 ad
178 2467 441 2550 septemtrionem
470 2483 527 2548 sso.
552 2487 687 2534 tantum.
739 2473 824 2532 Hinc
846 2489 923 2532 vero
944 2471 1046 2532 maior

64 2575 125 2624 terne
141 2573 268 2652 cognitae
292 2571 443 2634 extensio
465 2573 502 2633 ab
523 2575 645 2634 oriente
667 2574 706 2633 ad
725 2571 867 2634 occasum
890 2573 959 2633 ciue
978 2573 1047 2634 lon·

65 2663 135 2739 girulo
151 2687 287 2742 vocatur.
314 2673 430 2734 miuor
451 2693 467 2734 a
487 2673 619 2735 meridie
639 2675 678 2733 ad
698 2671 958 2755 septemtrionem
976 2673 1045 2734 eiua

65 2761 165 2840 alludo,
194 2794 250 2836 nec
267 2777 367 2835 ducta
392 2773 436 2834 est
457 2773 532 2835 haec
554 2775 721 2856 adpellatio
744 2776 926 2835 communie
948 2774 1045 2836 hodie

65 2865 230 2935 tltolemaeo
258 2877 420 2956 primum.
445 2887 483 2936 ut
506 2875 600 2936 docet
620 2875 783 2938 Strabonis
811 2876 907 2945 locut.
935 2875 990 2936 lib.
1013 2893 1044 2934 a.

65 2979 130 3044 iii.
146 2971 164 3034 i.
178 2985 231 3051 85.
257 2977 314 3056 qui
335 2975 419 3037 hinc
439 2975 495 3039 lib.
512 2994 543 3038 a.
564 2996 597 3059 p.
612 2989 673 3055 δι.
694 2975 715 3040 s.
738 2987 817 3054 ¹¹8·
845 2989 943 3038 terrae
964 2975 1047 3038 chla·
1165 3045 1177 3055 ο

65 3072 128 3142 tylia
142 3072 188 3134 dat
207 3077 352 3162 figuram.

109 3273 289 3360 roditur)
347 3279 394 3338 Ita
419 3293 453 3342 et
476 3279 578 3342 noller
603 3294 634 3360 3.
662 3290 694 3355 5.
718 3291 750 3356 8.
778 3299 817 3342 ex
842 3279 988 3342 Homero
1012 3289 1047 3340 et

66 3363 166 3444 Philaia.
212 3381 273 3442 Sed
299 3379 402 3449 nihil,
433 3379 487 3442 etsi
505 3381 582 3444 olim
602 3382 762 3442 dubitavit
784 3381 941 3444 Herodot.
959 3387 993 3459 4,
1011 3389 1044 3456 8.

68 3463 98 3528 lt
110 3477 237 3554 opinione
254 3481 420 3564 vulgatius
434 3484 517 3564 apud
534 3497 667 3554 veteres,
690 3501 826 3563 qnomtn
841 3483 920 3552 loca,
941 3479 1047 3562 saquis

68 3572 112 3628 uit
127 3581 259 3656 producta
276 3581 359 3645 serie
377 3583 575 3662 perlustrare,
599 3584 703 3645 srsteut
718 3583 894 3645 Boclrartne
916 3585 949 3643 in
966 3581 1046 3645 Cha·

68 3687 114 3731 1³³ss
129 3698 150 3746 1.
165 3683 215 3758 56.
241 3699 274 3746 et
296 3682 456 3748 Gesnerua
478 3687 517 3746 de
540 3685 740 3746 Phoenicum
765 3717 806 3732 ·-
837 3679 1048 3767 navigationi·

69 3763 102 3829 lar
116 3779 144 3835 ad
164 3784 271 3846 calcem
292 3785 419 3867 Orphei
439 3807 470 3868 p.
486 3797 558 3864 auo
577 3784 637 3866 sqq.
683 3787 830 3848 Primum
856 3785 888 3846 id
909 3799 941 3846 et
963 3797 1047 3848 recte

71 3875 175 3941 aalidilie
187 3885 364 3948 Homermn
382 3887 525 3948 adfirmat
540 3887 651 3948 Strabo
674 3885 729 3949 lib.
751 3907 780 3947 ι.
797 3905 830 3967 p.
850 3903 882 3948 o.
902 3883 924 3948 i.
940 3897 973 3962 3.
998 3886 1051 3946 ad·
1159 3872 1165 3881 ¹

72 3967 122 4034 larii
136 3981 199 4044 ¹⁰⁰l³
220 4007 295 4049 cum
323 3987 503 4068 quaestione
525 3989 563 4046 de
585 3991 670 4048 varia
685 3989 719 4046 vi
743 3989 832 4048 vocis
850 3985 994 4048 Oceanus
1014 3987 1047 4046 in

47 4165 49 4180 ,
74 4073 303 4154 lunantur..
341 4085 395 4152 cr.
412 4103 445 4151 er
467 4085 692 4152 strumento
714 4089 750 4150 in
768 4089 886 4175 oeogr.
912 4087 1049 4152 nonen
