2756 4964
341 424 405 496 ιη
608 409 771 474 noran
810 364 1128 470 exnonrrcrn

340 589 438 654 urbee
455 606 474 653 a
491 585 689 649 Mauretania
711 583 818 649 versuo
836 583 973 650 tatum
993 604 1171 693 proptr*¹
1202 581 1255 650 sed
1276 587 1357 650 maxi

311 739 314 746 -
341 700 557 756 maerentum
580 689 709 774 eligere.
739 705 841 756 mnu.
1356 703 1357 748 r

422 890 568 974 Cirta)
616 892 671 953 ¹Sic
687 904 722 953 et
745 891 871 954 Graecia
892 885 1011 979 liipra.
1036 917 1037 922 ¹
1063 891 1189 954 incolae
1209 849 1357 982 Girtnrsen

344 995 432 1060 etsie
450 989 640 1084 Cirtensium
655 989 828 1072 respublica
844 994 879 1054 in
894 993 1012 1078 Digest.
1026 1010 1082 1064 aa,
1102 994 1134 1064 6,
1150 1005 1184 1070 5.
1211 987 1357 1078 superjuret

343 1097 531 1160 Ptolemaeo
546 1104 581 1174 4.
600 1107 633 1175 3.
666 1094 790 1157 Plinius
800 1106 832 1172 5.
850 1109 882 1158 a.
893 1092 915 1158 s.
926 1107 960 1172 3.
983 1094 1072 1158 addit
1090 1094 1224 1164 colonia,
1243 1105 1277 1154 ut
1291 1092 1357 1170 Mars

342 1199 419 1260 tian.
437 1197 515 1278 Cap.
532 1197 565 1260 6.
581 1215 614 1277 p.
631 1195 715 1261 216.
743 1197 866 1259 Anton.
885 1196 920 1256 in
934 1195 1040 1258 itiner.
1057 1215 1090 1276 p.
1109 1207 1168 1272 28.
1184 1204 1245 1274 41.
1269 1191 1357 1260 utute

342 1299 491 1380 Ponting.
508 1311 542 1376 5.
557 1299 599 1359 D.
620 1297 691 1376 (erl.
706 1295 865 1382 Sobeyb.)
898 1292 973 1358 urbs
993 1296 1126 1359 Solinue
1148 1315 1177 1359 o.
1196 1312 1252 1376 29.
1273 1291 1294 1355 i.
1311 1293 1357 1370 osu

341 1393 481 1464 Ἰουλίου
502 1397 640 1459 Ptolem.
658 1408 693 1479 4.
717 1411 750 1478 5.
802 1397 970 1460 APunioa
997 1415 1077 1459 voce
1105 1397 1231 1460 carcaa
1250 1395 1357 1460 derivas

341 1499 491 1563 Bochart.
515 1499 550 1559 in
571 1497 675 1586 Chaa.
696 1521 724 1570 a.
748 1507 807 1578 24.
842 1499 1017 1581 Antiquam
1037 1510 1122 1560 certe
1144 1497 1258 1560 urbem
1280 1501 1357 1568 vocat

343 1599 472 1664 Orofiue
488 1611 521 1677 5.
544 1611 599 1677 15.
629 1599 802 1685 Iugurthae
823 1609 923 1662 aetate
944 1597 1006 1660 soit
1021 1594 1208 1665 vesidiss'tma
1223 1611 1256 1660 et
1270 1597 1357 1664 munit

341 1697 475 1774 tiffinra,
494 1701 588 1782 ,quod
605 1701 782 1786 intelligere
798 1701 875 1762 iicet
894 1719 934 1762 ex
948 1700 1069 1764 Saliust.
1091 1699 1244 1783 1ug.cap.
1263 1711 1316 1774 25.
1335 1691 1357 1764 ei

340 1804 419 1866 hino
438 1790 670 1890 riepaenrdrnv
691 1815 786 1864 vocat
806 1801 918 1864 Strabo
940 1817 993 1877 ¹7·
1016 1823 1047 1884 p.
1065 1813 1149 1878 572.
1168 1799 1190 1862 s.
1209 1813 1291 1878 332.
1315 1787 1357 1858 nbi

340 1905 440 1975 addit,
467 1903 639 1966 Mefinissae
655 1916 688 1966 et
704 1901 909 1965 successorum
926 1901 1016 1986 (vid.
1032 1901 1118 1983 post)
1141 1902 1261 1985 regiam
1276 1895 1357 1970 fuisset

340 2023 357 2068 a
378 2003 519 2088 Micipsa,
551 2003 696 2068 deductio
717 2023 758 2067 eo
784 2003 920 2074 Graecia.
946 2003 1078 2064 mirifice
1097 2003 1315 2084 amplificatam
1336 2007 1357 2060 et

341 2119 477 2170 auctam.
529 2105 635 2188 Quare
652 2107 686 2167 in
707 2105 884 2190 praecipuis
900 2101 1033 2168 urbibue
1052 2105 1162 2185 ponit.
1189 2118 1223 2166 et
1244 2089 1357 2184 opulens

341 2205 497 2271 tisstmum
516 2206 672 2288 oppidum
694 2207 785 2292 regni
808 2205 905 2268 lubae
924 2219 1018 2268 vocat
1040 2201 1167 2266 Hirtius
1189 2205 1229 2264 de
1251 2203 1289 2266 B.
1305 2197 1357 2264 Aa.

341 2329 408 2392 cap.
433 2318 492 2385 25.
543 2305 632 2378 Post.
660 2307 735 2370 teste
760 2307 891 2369 Aurelio
912 2307 996 2370 Vict.
1016 2305 1057 2368 de
1079 2303 1167 2368 Caes.
1187 2325 1254 2388 cap.
1273 2297 1357 2382 aas<

340 2429 415 2470 cum
437 2407 601 2470 obsidione
618 2407 788 2472 Alexandri
810 2406 982 2476 cecidisset.
1015 2407 1147 2468 excitata
1171 2419 1206 2466 et
1227 2409 1357 2470 exornata

343 2507 575 2600 Corfiantinae
595 2529 715 2570 nomen
736 2507 893 2582 obtinuit,
919 2511 952 2570 iu
971 2507 1126 2569 honorem
1143 2508 1274 2588 quidem
1290 2505 1357 2568 Cont

340 2609 468 2672 ssantini
488 2608 535 2669 M.
563 2628 658 2690 quem
682 2623 789 2672 tamen
811 2611 893 2672 male
912 2609 1148 2670 instauratorem
1170 2610 1241 2670 eine
1263 2609 1357 2689 putans

341 2711 439 2795 Angli
458 2711 493 2770 in
509 2708 578 2773 hist.
594 2711 708 2774 cathol.
723 2713 763 2774 Τ.
779 2711 832 2775 ι6.
849 2731 882 2793 p.
898 2732 911 2770 r
925 2724 977 2787 ιζ).
1001 2723 1033 2771 et
1050 2711 1083 2770 in
1099 2709 1242 2790 epitome
1259 2707 1323 2769 Vos.
1335 2719 1357 2772 a

340 2833 373 2892 p.
394 2830 450 2875 10.
477 2823 515 2870 ut
531 2809 577 2871 ibi
596 2810 706 2872 docuit
720 2812 872 2874 Ritterue.
909 2812 982 2873 Hoc
997 2829 1074 2871 vero
1090 2811 1227 2872 nomine
1240 2807 1357 2870 occurrii

339 2901 375 2973 in
389 2907 592 2994 scriptoribus
608 2911 809 2984 Christiania,
834 2927 868 2976 et
887 2911 1041 2994 prolixius
1055 2909 1207 2992 descripta
1223 2909 1266 2974 est
1280 2929 1296 2970 a
1310 2908 1357 2974 Cui

340 3029 418 3096 pero
443 3013 483 3073 ad
507 3012 647 3075 Lactant.
672 3015 713 3076 do
743 3026 840 3076 mort.
866 3011 1055 3096 persecutor.
1081 3031 1148 3093 cap.
1173 3021 1238 3090 44.
1287 3008 1357 3074 uun

339 3110 528 3197 Ampsagam
548 3127 676 3194 ponunt
694 3114 835 3185 Pliniue.
868 3113 1073 3176 Ptolemaeus
1092 3113 1228 3193 aliique,
1252 3125 1285 3172 et
1306 3103 1357 3193 pos

341 3215 477 3301 Tretum
491 3217 525 3274 in
544 3212 760 3293 Massyliorum
782 3216 904 3277 ditione
920 3213 1032 3277 Strabo
1050 3232 1078 3276 c.
1096 3213 1117 3276 l.
1144 3233 1183 3274 ea
1205 3233 1270 3296 quo
1285 3210 1357 3290 adpo

340 3329 407 3388 ret,
432 3327 487 3376 aut
507 3336 573 3380 nun
594 3312 663 3376 satie
682 3329 823 3377 accurate
835 3315 954 3376 Melam
970 3313 1144 3376 Numidiae
1161 3314 1249 3375 hunc
1268 3309 1357 3404 tenid

341 3437 423 3477 uum
444 3413 592 3490 statuisse.
625 3430 680 3476 aut
701 3416 800 3478 laxius
824 3436 841 3478 a
863 3416 996 3478 flumine
1019 3427 1131 3477 notare
1151 3412 1307 3483 maluisse,
1336 3413 1357 3470 ei

343 3507 561 3597 Massyliorum
578 3519 759 3597 portionem
779 3517 844 3579 buc
859 3517 955 3578 etiarn
980 3513 1178 3578 referendam
1202 3515 1273 3578 effe.
1320 3512 1357 3576 Dt

342 3617 403 3678 satu
426 3615 534 3680 versut
554 3635 640 3678 mere
665 3607 745 3698 post.
796 3617 903 3680 Hodie
925 3617 959 3677 in
984 3615 1211 3678 Constantinae
1241 3612 1357 3677 nomint

342 3715 563 3786 consentiunt,
594 3736 784 3800 quamquam
809 3731 952 3780 veterem
974 3737 1040 3780 nou
1061 3730 1182 3798 aequat.
1233 3717 1282 3778 De
1304 3713 1357 3776 eiut?

342 3817 511 3881 ruderibus
532 3818 696 3880 adeundae
716 3819 855 3882 maxime
878 3819 922 3880 est
944 3818 1040 3880 Shaw
1055 3837 1082 3880 c.
1105 3818 1126 3878 i.
1150 3837 1221 3900 pag.
1247 3837 1260 3874 t
1267 3811 1310 3892 56
1326 3809 1357 3904 sq}

342 3915 394 3982 Cf.
413 3920 511 3982 etiam
534 3918 680 4000 Cuperue
695 3937 722 3981 c.
743 3919 765 3980 i.
816 3919 943 3981 Partem
965 3921 1081 3980 veterie
1101 3937 1197 3999 aquae
1215 3906 1357 3977 ductuest

340 4019 389 4080 ibi
410 4018 564 4082 invenisse
582 4031 686 4082 narrat
706 4017 812 4084 uruca
836 4023 872 4084 in
891 4017 1020 4088 Reisen.
1064 4019 1137 4084 vid.
1160 4019 1229 4082 eine
1249 4015 1357 4102 proleg.

279 4131 281 4138 ’
340 4138 412 4206 us·
440 4130 504 4198 aa..
