2922 4958
342 371 405 450 on
612 361 772 430 horle
811 367 1116 430 axeoerrcae

341 545 379 612 in
398 543 598 610 Prometheo
613 563 646 605 v.
664 553 735 620 72ss
749 541 816 628 sqq.
843 563 927 628 quae
942 563 983 606 ex
1002 541 1104 608 variis
1121 539 1378 630 migrationibus
1448 503 1453 604 i

338 645 482 732 intelligi
502 647 632 709 debent.
674 644 862 706 Herodotus
877 661 986 707 tamen
1001 655 1036 725 4.
1062 647 1184 733 rtoiq.
1207 647 1380 735 antiquum

339 752 474 818 illarum
497 749 605 810 sedem
625 747 667 806 ad
687 746 937 808 Thermodonta
965 743 1151 828 constituit,
1177 763 1215 812 ut
1236 749 1378 816 Diodor.

341 875 376 928 o,
396 842 456 932 45.
486 849 576 912 unde
600 848 640 910 ab
663 849 805 910 Hercule
826 844 935 910 victae
958 849 999 909 ad
1030 850 1185 932 paludem
1206 851 1379 916 Maeotida

337 956 450 1020 versut
465 947 636 1032 Scythiam
651 945 875 1031 migraverint.
910 948 960 1012 cf.
977 965 1010 1010 et
1023 948 1158 1030 Dionys.
1173 973 1203 1014 ν.
1222 955 1295 1032 653
1311 955 1379 1040 [qq.

337 1059 419 1124 lude
443 1071 553 1136 tamen
575 1050 697 1113 iterum
717 1048 882 1112 adiunctio
905 1049 1035 1131 Scythia
1059 1053 1099 1114 ad
1124 1053 1379 1118 Thermodonta

224 1201 227 1210 ·
336 1157 467 1226 rediille
490 1153 664 1223 videntur.
700 1150 904 1236 traiectoque
928 1152 1073 1236 Bosporo
1104 1151 1289 1218 Cimmerio
1318 1178 1378 1242 per

337 1257 517 1326 Thraciam
536 1255 703 1340 profectae
727 1250 870 1336 denique
887 1249 922 1316 in
942 1251 1085 1316 Atticam
1108 1253 1266 1340 irrupisse.
1303 1255 1377 1322 Vid.

335 1362 476 1428 Diodor.
493 1356 558 1421 sic.
572 1367 608 1434 4,
627 1365 682 1431 28.
707 1369 740 1416 et
753 1351 839 1416 infra
861 1353 902 1415 arl
919 1355 949 1436 ᾗ.
971 1373 1024 1434 ¹9·
1079 1357 1196 1448 Castra
1214 1355 1320 1441 igitur
1341 1357 1378 1423 iu

330 1464 383 1540 aei
405 1458 600 1524 memoriam
623 1453 703 1518 dicti
721 1456 795 1517 lunt
811 1452 1030 1535 Themiscyrii
1053 1456 1177 1542 campi.
1212 1455 1272 1520 ubi
1299 1479 1378 1523 con·

335 1567 504 1635 lederent,
538 1579 621 1644 quoa
643 1555 723 1620 hinc
745 1563 940 1621 Amazonum
968 1579 1096 1638 campos
1117 1575 1213 1622 vocat
1235 1559 1377 1625 curtim

335 1671 371 1743 6,
392 1679 427 1748 4,
451 1680 504 1740 17.
538 1677 571 1724 et
591 1661 677 1723 hanc
701 1657 872 1742 regionem
895 1653 935 1723 τὸ
954 1658 1020 1722 τῶν
1040 1655 1224 1750 Ἀμαζόνων
1246 1661 1378 1752 οἰκητή·

331 1793 399 1862 ρνον
425 1767 541 1830 Strabo
562 1781 615 1825 ro.
639 1783 671 1844 p.
689 1776 772 1837 377.
789 1760 810 1824 s.
829 1771 912 1840 547.
942 1775 985 1848 ¹ut
1008 1757 1071 1822 alia
1098 1760 1248 1824 omittam
1270 1763 1313 1825 de
1338 1785 1377 1828 re

334 1873 517 1935 decantata.
570 1863 645 1932 Sed.
673 1878 711 1924 ut
729 1861 853 1929 Noster.
881 1857 1067 1948 Ἀμαζόνων
1087 1859 1311 1951 στρατόπεδον
1332 1865 1376 1930 ati

234 2003 243 2016 .
334 1969 584 2039 Thermodonta
606 1978 844 2030 commemorat
860 1959 962 2028 etiam
981 1964 1120 2050 Procop.
1136 1974 1172 2046 4,
1193 1983 1224 2030 o.
1242 1985 1271 2030 c.
1289 1967 1313 2030 l.

408 2172 670 2240 Amazonium
680 2167 697 2249 )
746 2163 875 2230 Plinius
893 2169 927 2236 6.
943 2175 978 2245 4.
1000 2162 1037 2228 in
1059 2163 1190 2250 oppidio
1212 2167 1374 2244 recenset,
1452 2195 1453 2252 r

332 2276 378 2342 ita
402 2293 530 2342 tamen.
557 2287 595 2334 ut
610 2271 650 2332 cle
668 2273 726 2331 situ
747 2265 887 2331 iudicari
904 2281 994 2329 certo
1016 2285 1084 2329 non
1106 2267 1210 2351 possit.
1263 2267 1373 2333 sicin
1452 2265 1453 2268 '

331 2377 438 2444 Attica
465 2373 669 2464 Ἀμαζονεῖον
703 2371 817 2432 eadem
845 2368 1011 2460 ‹recausa
1044 2370 1206 2434 memorat
1228 2367 1370 2442 Diodor.

331 2491 367 2562 4,
387 2491 444 2557 aa.
487 2477 550 2542 Sed
568 2473 609 2540 cf.
627 2489 725 2536 notae
742 2468 876 2535 criticae
896 2491 927 2556 p.
946 2471 1030 2534 ooo.

496 2679 527 2759 ᾗ.
560 2697 613 2740 10.
668 2672 891 2756 Tibareni)
947 2673 1002 2737 Gr.
1031 2667 1209 2763 Τιβαρηνοὶ
1242 2651 1369 2752 nlitate,

331 2785 403 2854 vel,
434 2795 472 2844 ut
494 2779 678 2862 Stephanus
702 2776 723 2838 s.
745 2797 777 2838 v.
798 2773 982 2860 Τνβαρηνία
1003 2791 1110 2846 notet.
1143 2773 1242 2838 etiam
1266 2767 1372 2848 'l'tsse-

333 2881 440 2974 ρὴνιοι.
493 2875 773 2944 1i‹lemetiamex
795 2874 858 2938 alia
883 2873 1023 2938 dialecto
1045 2876 1137 2960 supra
1160 2899 1189 2948 ι,
1208 2895 1238 2945 a.
1257 2889 1289 2954 5.
1314 2877 1372 2940 ad·

331 2981 469 3072 pellavit
496 2979 685 3048 Tiburtinos.
720 2979 761 3039 ad
783 2999 881 3062 quem
905 2979 1014 3039 locum
1037 2976 1078 3038 cf.
1101 2993 1200 3040 notae
1229 2977 1372 3042 criticae

331 3109 364 3174 p.
383 3105 449 3150 too
468 3084 531 3169 sqq.
567 3078 672 3164 Regio
688 3077 881 3166 Τνβαρηνία,
903 3078 1072 3162 (Stephon.
1088 3077 1109 3140 l.
1121 3078 1167 3158 v.)
1186 3075 1371 3168 Τιβαρῃνῆ,

331 3187 383 3252 uti
404 3209 443 3250 ex
464 3181 579 3248 codice
600 3179 735 3243 refinxit
749 3175 976 3262 Well'clingiua
997 3175 1033 3240 in
1050 3175 1200 3242 Diodoro
1220 3178 1284 3244 sic.
1309 3191 1370 3261 ¹4·

333 3305 392 3367 3ο.
407 3287 450 3368 i.)
472 3287 523 3347 vel
547 3281 698 3368 pluribus
719 3279 828 3344 verbis
847 3279 1039 3368 Τιβαρηνῶν
1060 3275 1170 3368 χώρα.
1192 3281 1371 3366 (Xenoph-

331 3391 373 3452 tle
389 3387 504 3473 cxped.
522 3381 600 3466 Cyri
617 3397 652 3463 5,
669 3397 702 3460 5.
716 3380 784 3464 in.)
807 3376 982 3468 Τνβαρηνῖς
1002 3379 1092 3464 γαῖα,
1114 3383 1284 3466 (Apollon.
1301 3384 1370 3448 Ru.

336 3511 368 3564 o,
397 3484 522 3569 roro.)
544 3517 595 3530 -
644 3487 680 3546 ln
706 3481 834 3545 sedibus
860 3503 936 3546 cum
960 3481 1074 3546 Nostro
1104 3481 1314 3546 consentiunt
1333 3499 1371 3547 et

332 3589 407 3662 alii.
440 3605 478 3651 ut
499 3589 649 3671 Apollon.
673 3585 781 3647 Rhod.
801 3601 832 3656 e.
855 3595 926 3661 375
944 3583 986 3668 sq.
1014 3585 1129 3647 Strabo
1151 3603 1204 3646 ro.
1232 3607 1263 3668 p.
1280 3595 1366 3662 382.

330 3695 353 3758 l.
370 3705 453 3772 555.
481 3689 629 3771 Xenoph.
646 3707 674 3749 c.
690 3689 711 3750 l.
762 3683 954 3750 Accuratius
970 3685 1011 3746 de
1030 3687 1090 3747 fitu
1104 3683 1244 3748 iudicari
1263 3685 1369 3769 potest

332 3817 371 3859 ex
389 3815 445 3866 eo.
472 3791 562 3878 quod
585 3789 769 3871 Xenophon
793 3789 936 3867 Cotyora
959 3783 1025 3872 (ω)
1042 3787 1158 3848 urbem
1173 3783 1215 3848 iit
1240 3785 1368 3861 tribuit,

331 3893 455 3980 aliique
475 3893 653 3976 (scymnus
667 3887 772 3952 Chius
790 3885 825 3948 in
843 3887 957 3971 fragm.
973 3909 1004 3950 ν.
1026 3903 1104 3964 ι77.
1128 3903 1161 3953 et
1180 3909 1367 3969 anonymus

331 3998 373 4059 dc
387 3998 493 4059 Ponto
508 3990 639 4055 Euxino
655 4013 687 4075 p.
710 4009 763 4076 ruo.
783 3991 853 4052 Vol.
864 4003 897 4066 3.
920 3989 1039 4072 Geogr.
1054 3987 1169 4066 Hudl.)
1186 4009 1202 4050 a
1219 3991 1366 4070 Cotyoro

328 4094 411 4190 (tic)
432 4097 475 4163 ad
489 4091 723 4161 Polemonitun
736 4088 905 4160 continuit
926 4087 1011 4176 agria
1029 4087 1185 4156 habitalle
1198 4089 1365 4170 scribunta
