2764 4958
175 445 384 504 rttroutr.
415 443 522 502 ntor.
563 443 642 500 ω.
687 445 805 506 ovo.
847 443 925 516 it·
1005 463 1065 530 ¹96

67 617 137 680 iord.
152 618 216 682 Vol.
232 639 260 683 r.
275 639 307 700 p.
328 627 411 698 244.
437 617 510 698 iioy
530 617 744 704 Abhendiung
757 637 823 682 von
842 622 896 684 der
913 623 1061 709 Aegypti·

67 715 135 780 seben
153 719 400 782 Lumo-Psianze
420 719 454 780 in
476 721 549 782 dem
571 719 775 782 Bremischeo
800 721 944 806 Megazin
966 727 1004 788 Τ.
1024 738 1058 804 5.

65 817 91 878 P.
103 834 128 896 3.
147 841 175 902 p.
192 835 410 900 521—531.
437 833 470 880 et
497 824 530 882 in
554 823 666 901 primie
687 821 824 884 Sonnini
853 824 943 896 iieise
965 827 1006 890 T.
1028 847 1059 892 t.

63 938 85 999 p.
100 938 155 1000 2⁰9
172 922 229 1004 sqq.
279 923 321 984 At
345 941 419 982 turn
439 923 526 1003 plura
548 923 683 986 omnino
699 925 767 985 eiue
787 945 901 1007 genera
918 947 1058 992 cornino·

63 1037 202 1092 morentur.
228 1021 450 1085 subsistendum
467 1022 509 1084 est
523 1024 556 1082 in
571 1023 672 1085 nostra
688 1023 767 1095 loto,
790 1045 883 1106 quam
898 1027 936 1088 ab
954 1029 1058 1090 Arabi·

62 1118 216 1186 butSeedro
231 1125 377 1206 rdpeilari
401 1121 504 1185 scribit
520 1123 616 1186 Shaw
637 1126 676 1186 T.
699 1145 728 1188 r.
754 1145 784 1207 p.
806 1144 887 1205 292.
912 1127 1057 1210 frequen·

16 1199 17 1260 7
61 1233 108 1282 ten
126 1227 156 1294 in
178 1224 296 1288 deserto
322 1226 451 1284 Sabora
479 1225 610 1306 aliisque
641 1228 709 1288 eine
740 1227 880 1310 regioni·
904 1231 1055 1311 partibor.

61 1321 163 1387 timitem
185 1327 319 1405 zizipha
340 1324 360 1386 s.
383 1323 486 1412 Jujeb.
550 1327 659 1388 Poiret
682 1329 715 1388 in
740 1329 913 1393 introduct.
936 1333 972 1392 ad
995 1334 1055 1394 iter

59 1440 80 1502 p.
91 1443 117 1503 9.
131 1442 160 1489 et
177 1443 229 1507 13.
261 1447 334 1489 cum
355 1427 497 1502 iujubier
515 1424 656 1498 confert,
691 1441 723 1490 et
741 1427 926 1491 Rhamnum
950 1433 1057 1496 lotum

58 1523 145 1588 Linnei
165 1544 270 1611 putat,
296 1547 357 1611 qua
378 1529 518 1589 abundet
537 1529 588 1588 iila
610 1529 709 1614 regio.
759 1531 937 1612 Diligenter
958 1533 997 1596 de
1018 1554 1055 1597 ee

16 1645 17 1680 t
58 1629 234 1706 exposuerunt
255 1649 295 1692 ex
315 1630 543 1690 recentioribus
561 1627 768 1692 Desuntoinee
788 1632 821 1690 in
846 1633 933 1694 Flora
950 1635 1054 1696 dtinu-

58 1727 96 1786 ticr
108 1744 135 1790 et
147 1730 225 1792 Park
239 1734 273 1792 in
287 1730 419 1792 Travele
434 1728 470 1791 of
483 1727 601 1799 Africa,
627 1733 682 1810 qui
700 1732 766 1793 eiue
785 1734 878 1792 etiam
896 1735 987 1796 icone
1003 1757 1055 1798 ex·
1128 1769 1130 1778 ι

56 1823 132 1890 hibuit
151 1854 180 1896 n.
199 1844 234 1911 4.
286 1831 392 1902 Plura,
419 1833 473 1911 qui
490 1833 530 1892 de
553 1831 622 1892 loto
644 1835 779 1894 omnino
796 1833 956 1905 desiderat.
981 1857 1054 1898 oon·

56 1923 126 1994 solere
144 1933 242 2015 potest
265 1946 389 2014 praeter
418 1932 494 1995 eliot
518 1932 721 2014 Deiachrmp.
742 1934 780 1994 ed
802 1933 884 1995 Plin.
915 1936 967 2004 tii,
993 1949 1052 2014 53.

55 2023 124 2108 [30.
152 2032 278 2098 Salmas.
295 2035 334 2094 ed
352 2033 453 2098 Sosin.
469 2054 502 2116 p.
517 2053 560 2096 m.
580 2047 651 2112 72ss
669 2032 711 2115 sq.
739 2047 771 2096 et
792 2034 826 2094 in
845 2033 928 2114 Hyle
944 2037 1054 2098 latrice

55 2142 141 2216 ‘disp
173 2137 273 2214 flajtte
295 2135 329 2194 in
351 2133 460 2198 histor.
482 2136 611 2217 plantat.
628 2137 668 2198 T.
687 2151 719 2198 Ω.
737 2155 768 2218 p.
791 2145 895 2214 1485.
930 2130 1054 2200 [ἱηιιόο

54 2225 322 2316 strazen-Sydon
336 2237 374 2299 P.
393 2252 423 2296 o.
442 2255 474 2317 p.
491 2249 574 2314 503.
602 2249 634 2296 et
655 2255 756 2316 nuper
773 2235 936 2321 Sptengei.
951 2238 985 2298 in
1000 2257 1054 2300 ao·

55 2329 129 2412 tiquit.
148 2336 321 2400 botanicur.
343 2339 434 2418 Spec.
458 2356 486 2398 1.
513 2357 546 2398 n.
571 2345 606 2415 4.
641 2350 679 2397 ut
711 2339 876 2408 omittam,
910 2357 988 2418 quae
1012 2339 1052 2402 ad

54 2425 207 2513 Polybium,
241 2439 447 2500 Herodotum
473 2437 614 2519 aliosque
639 2450 761 2500 veteres
786 2451 947 2501 notentur.
1000 2441 1050 2504 De

55 2529 99 2609 'piu
118 2539 201 2600 finnt
221 2539 419 2624 Lotophagie
445 2539 583 2600 Mouetti
605 2537 773 2601 dissertatio
795 2539 890 2601 exstat
913 2541 946 2600 in
969 2539 1048 2605 bibl.

53 2629 104 2696 lulr
116 2641 151 2703 T.
167 2660 198 2703 u.
212 2641 251 2702 P.
277 2657 308 2702 o.
327 2662 360 2701 n.
376 2658 411 2718 9.
449 2640 572 2701 Eorum
590 2639 664 2702 fitur
684 2641 768 2700 varie
786 2639 994 2710 constituitur.
1017 2655 1051 2704 et

53 2729 206 2804 donnico·
224 2743 259 2802 in
284 2740 388 2803 Sicilia
407 2741 502 2803 etiarn
524 2740 621 2820 aliqui
643 2740 854 2820 quaesierunt,
885 2743 938 2822 qui
963 2743 1051 2826 igri-

52 2841 141 2912 gentini
154 2843 221 2922 post
235 2843 317 2904 dicti
335 2840 463 2912 fuerint.
488 2854 526 2902 ut
541 2839 671 2902 discitur
687 2861 725 2906 ex
741 2841 904 2904 Eustrthio
920 2842 957 2902 ad
978 2862 1005 2904 c.
1023 2843 1047 2910 l.

52 2953 106 3012 tuot
121 2941 231 3005 refutat
250 2943 382 3006 Cluver.
403 2945 435 3003 in
453 2942 557 3005 Sicilie
579 2954 643 3004 ant.
671 2960 701 3012 o,
730 2957 785 3016 ι7.
807 2963 838 3023 p.
861 2953 947 3021 457.
981 2943 1049 3004 Me·

51 3036 118 3123 ningr
136 3063 246 3106 eorum
270 3042 376 3106 sedem
400 3043 567 3106 existimari
587 3039 682 3104 refert
704 3041 815 3104 Strabo
836 3062 890 3122 17.
914 3065 945 3126 p.
962 3053 1048 3124 574.

51 3131 147 3225 [854.
181 3146 273 3228 quod
305 3145 389 3228 signa
419 3145 571 3226 quaedam
606 3143 831 3226 comprobent.
871 3157 903 3204 et
926 3157 1048 3225 praeter

16 3289 17 3294 κ
51 3233 223 3316 slyffisanm
241 3244 308 3328 ipse
325 3244 455 3308 fructus.
488 3243 537 3308 cf.
554 3243 694 3308 Eusiath.
710 3245 748 3305 ad
767 3243 898 3320 Dionys.
914 3265 945 3305 v.
960 3255 1046 3328 479.

16 3385 17 3388 ,
52 3333 210 3409 Iudeetiam
236 3346 373 3408 Meninx
397 3346 620 3428 Lotophagitis
641 3345 722 3406 dicte
744 3344 797 3406 est.
833 3343 884 3408 Cs.
906 3343 1046 3410 Eustatb.

52 3441 94 3502 tl.
111 3460 138 3506 et
157 3447 235 3509 infra
259 3449 298 3508 ed
322 3465 353 3517 o,
377 3462 410 3519 7.
432 3463 464 3520 7.
516 3448 605 3507 Dicto
629 3445 704 3505 inde
729 3465 824 3526 porro
851 3445 1047 3529 Lotophagia

16 3603 17 3612 ¹
51 3535 120 3604 insule
131 3549 248 3618 Pharis.
274 3562 400 3610 auctore
416 3546 633 3630 Theophrasto
649 3549 682 3606 in
698 3547 802 3608 histor.
821 3547 950 3626 plantor.
961 3558 994 3626 4,
1009 3559 1046 3626 4.

52 3635 91 3699 Sed
109 3647 184 3711 Mela
205 3650 402 3712 continentis
431 3663 528 3710 terrae
552 3649 617 3709 loca
640 3647 693 3708 hic
714 3645 876 3717 describit,
902 3660 935 3708 et
955 3647 1047 3710 iatius

53 3743 195 3832 ¹1liqueper
210 3753 294 3812 bono
308 3771 395 3812 oram
415 3751 590 3832 Lotophagi
610 3749 839 3829 producuntur.
889 3748 941 3808 Sic
962 3748 1046 3810 inter
1124 3761 1126 3764 ’

53 3837 127 3916 syrte,
152 3855 246 3933 ponit
269 3853 381 3931 Scylax
408 3871 440 3934 p.
466 3861 526 3930 47.
561 3851 593 3910 iu
617 3851 732 3910 intirno
754 3849 821 3909 iinu
848 3847 930 3908 Piin.
954 3859 985 3924 5,
1006 3857 1042 3929 4.

52 3942 190 4014 Abctroas
218 3955 338 4021 dictos,
372 3971 451 4033 quos
478 3971 552 4012 curu
586 3947 691 4011 Vossto
722 3949 773 4010 hic
800 3949 984 4010 Hurduinus
1009 3951 1045 4011 itt

53 4039 188 4132 isaciuyas
219 4055 376 4116 Herodoti
403 4063 436 4130 4,
464 4065 544 4129 173.
575 4063 712 4112 mutatos
742 4050 838 4119 velit,
878 4067 956 4129 quor
988 4049 1044 4112 itte

51 4155 236 4220 bitumino·
263 4154 337 4220 fucit
362 4167 396 4218 et
422 4154 462 4220 ad
494 4153 664 4216 Tritonem
697 4150 835 4214 fluvium
866 4151 1045 4235 permittit5

631 4251 663 4315 N
689 4265 712 4318 tt
