2852 4946
200 389 253 484 {N
280 389 418 447 ΡΟΜΡ.
449 389 557 448 tum.
598 391 680 448 nt.
722 390 860 448 exltt.
900 391 980 463 85.
1050 399 1113 468 423

147 561 389 644 exanimor)
445 561 531 626 Hinc
564 563 712 630 Lucanus
732 565 767 638 6.
787 583 848 648 91.
872 577 972 628 antro
993 557 1112 658 letiferi

72 663 191 729 rabiem
217 665 377 748 Typhonis
401 664 567 727 oulralout.

240 870 270 948 §.
298 879 332 946 5.
385 865 619 950 Sarpedon)
667 869 805 934 Ptolem.
824 881 856 946 5,
873 881 906 949 8.
927 860 1111 954 Σαρπηδὼν

73 963 175 1058 ἄκρα,
199 971 284 1050 quod
302 969 383 1031 male
394 969 525 1034 Latinue
542 972 695 1053 interprea
710 973 865 1034 reddidit:
894 969 1111 1052 Sarpedorurm

73 1087 235 1142 extremar
260 1069 372 1133 Strabo
392 1081 443 1147 ·4.
459 1091 491 1152 p.
502 1073 587 1152 469.
604 1069 624 1134 l.
636 1075 720 1150 682.
738 1066 756 1156 ἣ
775 1064 862 1160 ἄκρα
880 1065 898 1156 {y
913 1063 1110 1158 Σαρπηδὼν.

73 1189 105 1237 ec
127 1193 141 1238 ι
150 1187 185 1252 5.
207 1191 239 1254 p.
258 1185 343 1252 431.
364 1169 384 1232 l.
404 1171 488 1246 627.
513 1167 725 1259 Σαρπηδόνος
750 1165 855 1261 ἄκρας
894 1173 1057 1256 Appianue
1076 1173 1111 1232 in
1181 1227 1184 1232 .

73 1275 143 1354 Syr.
162 1293 190 1335 n.
211 1287 268 1352 39.
290 1267 531 1359 Σαρπηδόνιον,
559 1275 606 1336 uti
619 1289 720 1346 recte.
749 1287 900 1336 monente
916 1275 1011 1336 etiam
1030 1273 1111 1335 olim

72 1376 213 1441 callario
228 1377 262 1434 in
280 1373 397 1457 Geogr.
415 1387 480 1437 ant.
497 1389 530 1455 3.
545 1377 579 1443 6.
593 1384 654 1454 [μ.
687 1375 822 1440 lleiskio
842 1389 874 1438 et
892 1373 1056 1437 Drakenb‘.
1071 1374 1109 1436 ad

72 1479 148 1540 Liv.
167 1488 226 1556 58.
250 1487 307 1554 88.
331 1493 367 1554 9.
398 1477 501 1538 edidit
528 1476 844 1562 Schweighaeuserua
865 1496 924 1559 pro
949 1468 1113 1564 Σαρπιὸό·

72 1597 158 1655 νιονς
202 1577 310 1640 Schol.
341 1577 493 1658 Apollon.
526 1579 631 1642 Rhod.
659 1581 698 1640 ad
727 1601 755 1650 ι,
782 1580 865 1642 216.
899 1573 1112 1666 Eopmylouiu

72 1678 180 1766 πέτρα
201 1678 258 1762 τῆς
277 1671 438 1752 Κιλικίας.
489 1678 583 1761 Apud
605 1680 736 1742 Livium
758 1700 784 1742 c.
808 1679 830 1742 l.
853 1681 936 1743 inter
959 1677 1112 1758 Sarpedo-

72 1785 162 1852 nium
182 1793 217 1840 et
232 1777 443 1856 Sarpedonem
465 1779 763 1852 fluctuanturlibri.
789 1799 926 1862 quorum
947 1779 1111 1863 posteriue,

73 1881 164 1964 quod
192 1891 226 1944 et
249 1878 346 1940 habet
371 1879 456 1942 Plin.
477 1893 510 1958 5,
532 1897 590 1946 αα.
606 1881 628 1944 l.
648 1897 706 1956 27.
736 1882 883 1964 praetulit
911 1877 1113 1958 Drakenbor-

72 1984 178 2049 chiua.
220 1979 424 2044 Ptolemaeus
438 2001 511 2042 cum
528 1983 682 2046 Strabone
702 2003 801 2065 prope
818 1983 989 2060 Calycadni
1010 1981 1114 2042 llumi·

71 2087 124 2148 nia
138 2081 216 2145 uilia
231 2082 342 2164 ponit,
365 2083 540 2165 Carpafiam
557 2084 657 2166 Cypri
673 2085 795 2146 urbam
820 2083 955 2160 (Strabo
977 2081 1034 2145 lib.
1056 2089 1112 2161 14.

73 2207 104 2269 p.
121 2187 213 2265 469.
236 2180 257 2246 l.
275 2184 382 2261 682.)
432 2185 581 2248 innotuit
610 2187 646 2248 in
679 2204 755 2268 pace
788 2185 1008 2247 Romanorum
1039 2201 1114 2244 cum

73 2283 237 2351 Antiocho
256 2283 305 2345 M.
336 2285 389 2346 cui
410 2287 567 2350 terminua
589 2289 681 2372 regni
703 2288 757 2348 hic
777 2285 965 2350 constitutur
986 2283 1045 2356 ell,
1077 2295 1114 2345 ut

73 2387 218 2452 referunt
245 2385 407 2468 Appianae
432 2399 466 2448 et
491 2389 603 2472 livine
619 2408 645 2452 c.
660 2407 687 2452 c.
706 2390 728 2450 l.
744 2385 767 2452 l.
819 2387 1011 2470 cognomen
1037 2385 1113 2448 inde

73 2503 186 2552 nactur
208 2486 252 2548 ell
272 2488 389 2570 Apollo
411 2473 546 2564 (zoom.
569 2511 598 2561 ι,
619 2493 698 2573 57.)
722 2501 754 2552 at
772 2489 883 2560 Diana,
906 2485 1036 2566 (Strabo
1056 2494 1112 2566 ²4·

73 2611 106 2674 p.
122 2591 210 2673 465.
230 2585 250 2650 l.
272 2589 376 2666 676.)
401 2608 538 2669 quorum
561 2590 682 2653 oracula
705 2604 739 2652 et
768 2591 886 2672 templa
907 2589 1113 2660 celebrantur,

74 2691 129 2756 etsr
161 2689 300 2752 omniuo
332 2709 350 2750 a
376 2689 558 2772 Sarpedone
582 2691 724 2754 nominia
760 2689 847 2754 caula
881 2691 984 2773 repeti
1015 2691 1113 2752 etiam

74 2793 205 2877 poterit.
258 2791 475 2872 Sarpedonem
497 2791 609 2856 urbem
626 2805 856 2854 commemorat
873 2793 984 2870 Scylax
1002 2811 1035 2872 p.
1053 2800 1113 2866 4ο.

74 2890 177 2956 Hudl.
209 2889 266 2952 etii
289 2893 448 2954 adiectum
470 2887 573 2968 πόλις,
586 2893 722 2956 dubium
743 2891 848 2956 censet
871 2893 1024 2958 Callariua
1040 2910 1066 2954 c.
1088 2891 1110 2953 l.

74 2997 112 3058 In
131 2993 269 3056 urbibua
292 3007 417 3063 tamen.
443 2993 498 3056 etfi
522 2995 693 3076 depravato
714 2996 869 3067 nomine,
895 2990 1044 3076 Samoou
1065 3011 1112 3054 re·

75 3095 221 3162 censetur
237 3093 334 3156 etiam
350 3111 368 3156 a
382 3094 500 3180 Geogr.
517 3096 664 3160 Ravenn.
682 3107 715 3174 5.
736 3107 770 3176 8.

145 3294 429 3379 Sarpedonis)
462 3297 615 3362 cellarius
631 3319 659 3362 c.
674 3299 697 3362 l.
720 3299 834 3360 ducem
850 3317 926 3360 eum
941 3295 1115 3380 Lyciorum

75 3398 164 3462 inille
184 3411 288 3482 putat,
312 3400 402 3462 cuiue
419 3401 542 3462 mentio
558 3402 692 3462 occurrit
709 3401 744 3460 in
760 3399 905 3462 Homero
925 3400 961 3462 ll.
980 3415 1014 3470 Ω.
1029 3395 1113 3476 876.

76 3515 109 3580 8,
134 3503 222 3584 647.
276 3499 477 3563 Confirmant
497 3503 531 3562 id
555 3502 894 3580 Herodotua1,175.
927 3499 1113 3583 apollodor.

76 3617 107 3684 8.
130 3624 162 3674 ι,
181 3617 217 3664 a.
249 3601 384 3664 Diodor.
405 3613 437 3678 5.
460 3617 519 3682 79.
552 3603 663 3665 Strabo
684 3619 740 3666 12.
763 3623 796 3684 p.
813 3614 896 3686 394.
912 3599 932 3664 s.
948 3615 1033 3682 573.
1059 3601 1114 3683 qui

77 3701 275 3774 Cretensem,
315 3702 437 3766 Minoia
462 3700 602 3774 fratrem,
636 3703 767 3773 iaciunt.
804 3719 993 3785 narrantque
1020 3703 1113 3768 Creta

75 3803 259 3888 profectum
282 3804 413 3884 Lyciam
437 3804 607 3887 occupasse.
658 3806 784 3887 Spectat
805 3806 905 3889 igitur
927 3804 1041 3868 Noster
1060 3803 1113 3864 hic

76 3901 308 3988 antiquiffimoe
333 3905 449 3987 Lyciae
475 3908 642 3972 teratinoc.
688 3902 741 3972 Gi.
769 3905 884 3987 Heyne
909 3907 950 3970 ad
975 3906 1110 3972 Homer.

57 4011 112 4100 u.
131 4024 168 4082 a,
189 4003 274 4087 876.
