2892 4950
325 385 387 466 4⁶ss
594 385 755 446 norun
796 387 1095 447 nxeenrrcte

326 565 429 646 (Plin.
444 569 477 640 5,
496 562 573 640 29.)
614 559 688 622 Post
709 560 837 644 longam
860 559 1060 624 obfidtonem
1076 580 1146 624 eam
1165 555 1339 644 expugnavit

326 664 503 732 Alexander
527 660 575 724 M.
605 681 781 746 magnaque
806 659 922 724 adfecit
951 664 1143 734 calamitate,
1175 675 1211 724 ut
1233 669 1338 743 praeter

328 769 407 830 alios
432 777 534 826 narrat
554 763 587 822 in
611 764 723 843 primia
746 764 893 824 Arrianus
916 763 956 826 rie
983 783 1055 846 exp.
1077 765 1165 828 Alex.
1184 784 1213 832 r,
1229 775 1267 822 ur
1286 756 1337 836 qu.

326 870 407 934 lude
422 887 498 928 vero
514 862 628 926 exsistit
642 863 799 924 dubitatio
813 864 853 925 de
874 864 907 928 6.
924 865 1057 928 urbibue
1070 866 1109 927 ab
1125 862 1289 928 Alexandro
1302 857 1340 918 illi

327 964 536 1037 contributio,
572 985 666 1046 quam
688 979 721 1026 et
750 965 851 1026 edidit
873 965 1025 1029 Cellariue
1048 968 1083 1028 in
1107 967 1220 1050 Geogr.
1240 973 1297 1022 aut.
1312 971 1339 1037 3,

329 1086 362 1152 5,
385 1087 465 1148 119.
515 1065 581 1130 Sub
604 1069 758 1128 Romame
778 1066 923 1130 libertate
937 1065 1068 1130 fruitam
1083 1067 1153 1140 elle,
1181 1067 1268 1127 docet
1284 1077 1341 1122 vox

326 1163 510 1259 αὐτόνομος
539 1169 573 1228 in
605 1170 712 1230 uumie
744 1168 892 1251 adpoiita.
949 1168 1032 1232 Urbe
1059 1169 1137 1232 olim
1162 1179 1225 1230 erat
1248 1163 1340 1224 Cariae

325 1275 463 1336 maxima
479 1283 512 1331 et
527 1270 700 1351 praecipue,
715 1289 837 1354 regum,
856 1273 891 1330 in
907 1270 946 1332 iis
963 1267 1109 1342 Mausoli,
1127 1267 1212 1332 ledea
1225 1261 1341 1328 attibui-

326 1393 388 1456 que
410 1364 674 1454 praestantissimis
691 1370 848 1433 instructa.
877 1371 1026 1446 (Diodor.
1048 1393 1061 1432 ι
1069 1383 1102 1448 5,
1123 1389 1183 1451 90.
1210 1383 1262 1443 17,
1280 1365 1341 1444 23.)

324 1474 438 1538 Strabo
461 1473 569 1534 tariaen
598 1472 698 1534 modo
721 1491 817 1532 unam
841 1489 962 1542 arcem,
1001 1472 1100 1535 modo
1122 1475 1200 1534 duee
1220 1485 1343 1531 comme·

324 1587 428 1638 morat
447 1585 501 1652 14.
516 1593 548 1655 p.
563 1582 647 1656 451.
666 1571 686 1634 l.
705 1573 788 1648 656.
805 1586 839 1634 et
857 1569 899 1653 iq.
936 1573 1041 1636 Unam
1056 1574 1162 1645 novit,
1187 1589 1276 1654 quam
1290 1566 1343 1629 Sal·

323 1677 480 1740 macidem
501 1677 665 1743 nominat,
700 1673 820 1735 Arrian.
846 1673 885 1734 de
909 1693 981 1757 exp.
1002 1675 1091 1738 Alex.
1115 1693 1147 1744 ι,
1173 1687 1230 1752 25,
1253 1685 1282 1751 5.
1307 1671 1343 1728 ita

324 1779 441 1838 dictam
457 1795 474 1837 a
490 1788 569 1837 noto
585 1773 674 1837 fonte
689 1794 729 1834 ex
741 1773 873 1855 rupibue
889 1775 1082 1857 prosiliente.
1110 1774 1255 1860 (Vitruv.
1270 1788 1300 1842 9..
1315 1779 1343 1847 8.

324 1877 436 1942 Strabo
453 1896 480 1938 c.
497 1875 518 1938 l.
544 1875 642 1938 Ovid.
668 1875 800 1937 Metam.
822 1887 875 1952 15.
892 1873 996 1958 519.)
1047 1877 1213 1938 Accedunt
1235 1887 1343 1958 portua,

324 1998 461 2061 quorum
484 1995 567 2039 unus
584 1989 649 2040 erat
669 1973 803 2047 clausus,
837 1976 914 2044 alter
932 1979 1012 2038 eirea
1027 1975 1161 2038 insulam
1186 1975 1345 2040 seeundum

322 2081 485 2161 Scylacem
501 2098 528 2142 e.
551 2077 574 2142 l.
625 2075 763 2138 Insulam
790 2096 860 2138 eam
883 2075 971 2140 inille
991 2076 1210 2149 Arconueium
1232 2079 1346 2160 aripret

322 2203 361 2244 ex
376 2182 508 2242 Arriano
525 2199 552 2242 c.
569 2180 592 2242 l.
617 2178 771 2242 Strabone
792 2187 847 2257 14.
864 2199 897 2262 p.
913 2176 1030 2258 45t.i.
1043 2176 1127 2257 656.
1149 2181 1274 2242 conlato
1288 2179 1345 2240 Ste-

322 2283 431 2366 phano
447 2281 480 2342 h.
497 2299 530 2342 v.
573 2281 611 2340 ln
628 2279 729 2340 doctis
744 2279 867 2341 civibus
883 2279 994 2342 Strabo
1010 2300 1037 2344 c.
1051 2279 1073 2343 l.
1095 2283 1244 2344 nominat
1257 2279 1345 2342 Hero·

322 2383 457 2452 dotum,
484 2379 640 2442 celebrem
661 2381 750 2440 illurn
771 2379 973 2451 historicum.
999 2379 1200 2443 Heraclitum
1214 2395 1344 2466 poetam.

320 2495 355 2546 et
371 2482 421 2543 lua
443 2493 542 2543 aetate
560 2481 758 2560 Dionysium,
785 2480 982 2550 historicum.
1005 2483 1099 2544 euius
1119 2483 1261 2566 plerique
1281 2481 1344 2542 libri

320 2584 417 2645 etiam
433 2600 519 2642 nunc
533 2580 661 2644 exilaut.
685 2583 728 2645 H.
740 2581 850 2642 Bodru
862 2579 881 2643 i.
891 2581 1034 2650 Βαάνου,
1052 2583 1202 2669 (voyage
1215 2587 1255 2646 cle
1268 2585 1345 2666 Spou

319 2697 354 2746 et
367 2683 498 2744 Wheler
512 2683 553 2746 T.
574 2704 602 2746 r.
617 2705 649 2764 p.
669 2681 767 2766 565.)
789 2683 936 2764 quamvis
958 2686 1067 2745 ruinae
1088 2682 1133 2744 ibi
1151 2686 1277 2748 relictae
1297 2699 1346 2766 po·

318 2787 385 2848 tiua
398 2785 437 2846 ad
450 2783 612 2863 Myndum
628 2785 806 2866 pertinent;
832 2782 1108 2847 Halicarnaiieniee
1125 2784 1347 2882 Olaurfinrclres

318 2899 486 2958 vocantur,
512 2887 560 2946 uti
573 2887 644 2948 vult
658 2885 789 2948 Wheler
804 2903 928 2972 voyage
945 2887 985 2950 T.
1007 2906 1037 2950 1.
1053 2906 1086 2970 p.
1104 2899 1189 2968 353.

394 3078 681 3177 Mausoleum)
732 3086 788 3152 Gr.
812 3083 1042 3153 Mauowleiov.
1079 3085 1194 3152 Strabo
1220 3087 1276 3153 lib.
1296 3095 1346 3168 ¹4·

316 3209 345 3254 e.
362 3189 385 3252 l.
411 3182 602 3252 Μαυσώλου
627 3184 741 3272 τάφον
762 3203 864 3252 vocat.
902 3183 1016 3252 Noiier
1041 3203 1291 3261 mouumentum,
1315 3199 1348 3248 ut

315 3291 428 3381 μνῆμα
450 3290 609 3354 Luciauut
631 3293 665 3352 in
689 3290 807 3374 dialog.
831 3303 987 3352 mortuor.
1006 3305 1064 3372 24.
1087 3311 1117 3355 t.
1143 3291 1214 3372 post
1234 3311 1300 3374 cap.
1316 3305 1346 3352 Ω.

315 3393 413 3454 etiam
438 3381 562 3473 τάφον.
622 3391 753 3469 Nomen
780 3393 873 3452 traxit
898 3411 915 3452 a
940 3389 1099 3463 Mausolo,
1131 3387 1347 3474 potentiilimo

316 3492 397 3556 olim
412 3505 446 3553 et
460 3489 698 3576 opulentissimo
716 3491 826 3554 Cariae
844 3511 935 3576 rege,
963 3494 1090 3574 qualem
1105 3491 1135 3554 le
1154 3494 1250 3556 iactat
1269 3489 1348 3574 apud

317 3593 447 3654 Luciam.
468 3613 495 3654 c.
519 3595 540 3656 l.
582 3595 669 3654 Vixit
686 3593 817 3674 Olymp.
840 3593 919 3662 106.
944 3607 978 3655 2.
1001 3591 1022 3656 l.
1048 3613 1075 3656 a.
1097 3591 1174 3656 Chr.
1199 3593 1243 3657 N.
1265 3599 1344 3674 554.

315 3707 350 3757 et
360 3694 555 3758 Artemifiam
570 3693 707 3758 lotorem
722 3695 756 3754 in
772 3693 977 3755 matrimonio
994 3693 1119 3756 habuit.
1142 3695 1271 3774 (Strabo
1279 3715 1305 3756 o.
1315 3696 1348 3769 l.)

315 3797 350 3858 st
368 3815 481 3856 verum
497 3795 556 3866 eil,
582 3796 817 3877 quodquidam
839 3795 983 3866 tradunt,
1017 3808 1056 3856 nt
1078 3795 1199 3858 Gellius
1219 3816 1275 3866 ro,
1295 3805 1345 3870 ιδ.

314 3896 416 3958 Valet.
434 3895 521 3960 Max.
537 3907 571 3974 4,
589 3898 622 3960 6.
639 3910 702 3959 ext.
721 3915 751 3958 t.
775 3924 824 3938 -
858 3894 1056 3958 Artemiliam
1071 3895 1133 3958 olla
1148 3897 1347 3977 cineremque

313 3997 421 4057 mariti
443 3996 571 4058 contusa
593 3997 810 4078 odoribusque
833 3995 921 4059 mille
941 4015 1038 4078 aquae
1059 3993 1204 4058 indiditre
1228 4009 1263 4061 et
1285 3995 1346 4058 ebi·

313 4095 406 4170 bille,
430 4099 651 4180 cenotaphium
667 4098 747 4162 illud
763 4096 835 4162 fuit.
876 4097 1129 4162 Celeberrimum
1146 4111 1253 4161 autem
1268 4095 1346 4160 illud
