<?xml version="1.0" encoding="UTF-8"?>
<!DOCTYPE html PUBLIC "-//W3C//DTD XHTML 1.0 Transitional//EN"
    "http://www.w3.org/TR/xhtml1/DTD/xhtml1-transitional.dtd">
<html xmlns="http://www.w3.org/1999/xhtml" xml:lang="en" lang="en">
 <head>
  <title>
</title>
<meta http-equiv="Content-Type" content="text/html;charset=utf-8" />
  <meta name='ocr-system' content='tesseract 3.04.00' />
  <meta name='ocr-capabilities' content='ocr_page ocr_carea ocr_par ocr_line ocrx_word'/>
</head>
<body>
  <div class='ocr_page' id='page_1' title='image "./pomponiimelaede06melagoog_0271.png"; bbox 0 0 2764 4958; ppageno 0'>
   <div class='ocr_carea' id='block_1_1' title="bbox 178 367 1074 446">
    <p class='ocr_par' dir='ltr' id='par_1_1' title="bbox 178 367 1074 446">
     <span class='ocr_line' id='line_1_1' title="bbox 178 367 1074 446; baseline 0 -18"><span class='ocrx_word' id='word_1_1' title='bbox 178 373 229 432; x_wconf 81' lang='lat' dir='ltr'><strong>ru</strong></span> <span class='ocrx_word' id='word_1_2' title='bbox 257 372 392 430; x_wconf 82' lang='grc' dir='ltr'>ιοιιι.</span> <span class='ocrx_word' id='word_1_3' title='bbox 423 371 530 428; x_wconf 77' lang='lat' dir='ltr'><strong>unu.</strong></span> <span class='ocrx_word' id='word_1_4' title='bbox 573 371 655 428; x_wconf 69' lang='lat' dir='ltr'><strong>nr.</strong></span> <span class='ocrx_word' id='word_1_5' title='bbox 698 370 805 428; x_wconf 77' lang='grc' dir='ltr'>αιιι.</span> <span class='ocrx_word' id='word_1_6' title='bbox 847 371 926 444; x_wconf 69' lang='lat' dir='ltr'><strong>aa.</strong></span> <span class='ocrx_word' id='word_1_7' title='bbox 1013 367 1074 446; x_wconf 52' lang='grc' dir='ltr'><strong>ιιι</strong></span> 
     </span>
    </p>
   </div>
   <div class='ocr_carea' id='block_1_2' title="bbox 53 540 1070 826">
    <p class='ocr_par' dir='ltr' id='par_1_2' title="bbox 53 540 1070 826">
     <span class='ocr_line' id='line_1_2' title="bbox 56 540 1070 628; baseline -0.002 -20"><span class='ocrx_word' id='word_1_8' title='bbox 56 545 220 628; x_wconf 81' lang='lat' dir='ltr'><strong>Stepbauur.</strong></span> <span class='ocrx_word' id='word_1_9' title='bbox 262 545 390 606; x_wconf 79' lang='lat' dir='ltr'><strong>Nullam</strong></span> <span class='ocrx_word' id='word_1_10' title='bbox 411 541 457 604; x_wconf 92' lang='lat' dir='ltr'><strong>lbi</strong></span> <span class='ocrx_word' id='word_1_11' title='bbox 480 540 618 626; x_wconf 73' lang='lat' dir='ltr'><strong>conspici</strong></span> <span class='ocrx_word' id='word_1_12' title='bbox 636 542 800 612; x_wconf 81' lang='lat' dir='ltr'><strong>umbram.</strong></span> <span class='ocrx_word' id='word_1_13' title='bbox 826 565 901 606; x_wconf 85' lang='lat' dir='ltr'><strong>cum</strong></span> <span class='ocrx_word' id='word_1_14' title='bbox 923 545 1011 606; x_wconf 89' lang='lat' dir='ltr'><strong>diem</strong></span> <span class='ocrx_word' id='word_1_15' title='bbox 1029 543 1070 610; x_wconf 89' lang='lat' dir='ltr'><strong>sol</strong></span> 
     </span>
     <span class='ocr_line' id='line_1_3' title="bbox 55 641 1069 732; baseline 0.004 -26"><span class='ocrx_word' id='word_1_16' title='bbox 55 643 112 706; x_wconf 81' lang='lat' dir='ltr'><strong>lacit</strong></span> <span class='ocrx_word' id='word_1_17' title='bbox 128 641 360 732; x_wconf 74' lang='lat' dir='ltr'><strong>longissimum,</strong></span> <span class='ocrx_word' id='word_1_18' title='bbox 384 643 489 708; x_wconf 76' lang='lat' dir='ltr'><strong>scribit</strong></span> <span class='ocrx_word' id='word_1_19' title='bbox 506 643 654 708; x_wconf 76' lang='lat' dir='ltr'><strong>brillidet</strong></span> <span class='ocrx_word' id='word_1_20' title='bbox 670 664 702 728; x_wconf 84' lang='lat' dir='ltr'><strong>p.</strong></span> <span class='ocrx_word' id='word_1_21' title='bbox 722 655 806 726; x_wconf 79' lang='lat'><strong>547.</strong></span> <span class='ocrx_word' id='word_1_22' title='bbox 846 647 918 710; x_wconf 81' lang='lat' dir='ltr'><strong>vid.</strong></span> <span class='ocrx_word' id='word_1_23' title='bbox 934 644 1013 708; x_wconf 82' lang='lat' dir='ltr'><strong>insra</strong></span> <span class='ocrx_word' id='word_1_24' title='bbox 1029 647 1069 710; x_wconf 80' lang='lat' dir='ltr'><strong>de</strong></span> 
     </span>
     <span class='ocr_line' id='line_1_4' title="bbox 53 749 275 826; baseline 0.009 -16"><span class='ocrx_word' id='word_1_25' title='bbox 53 749 137 826; x_wconf 79' lang='lat' dir='ltr'><strong>Syene</strong></span> <span class='ocrx_word' id='word_1_26' title='bbox 159 750 275 812; x_wconf 83' lang='lat' dir='ltr'><strong>vicina.</strong></span> 
     </span>
    </p>
   </div>
   <div class='ocr_carea' id='block_1_3' title="bbox 50 945 1067 1335">
    <p class='ocr_par' dir='ltr' id='par_1_3' title="bbox 50 945 1067 1335">
     <span class='ocr_line' id='line_1_5' title="bbox 111 945 1065 1032; baseline 0 -22"><span class='ocrx_word' id='word_1_27' title='bbox 111 947 199 1012; x_wconf 80' lang='lat' dir='ltr'><strong>bene</strong></span> <span class='ocrx_word' id='word_1_28' title='bbox 223 945 515 1032; x_wconf 79' lang='lat' dir='ltr'><strong>navigabilis)</strong></span> <span class='ocrx_word' id='word_1_29' title='bbox 550 946 645 1010; x_wconf 79' lang='lat' dir='ltr'><strong>Nilus</strong></span> <span class='ocrx_word' id='word_1_30' title='bbox 664 949 752 1010; x_wconf 82' lang='lat' dir='ltr'><strong>eninr</strong></span> <span class='ocrx_word' id='word_1_31' title='bbox 769 949 806 1010; x_wconf 88' lang='lat' dir='ltr'><strong>ad</strong></span> <span class='ocrx_word' id='word_1_32' title='bbox 830 948 1065 1032; x_wconf 77' lang='lat' dir='ltr'><strong>Elephantinen</strong></span> 
     </span>
     <span class='ocr_line' id='line_1_6' title="bbox 51 1049 1067 1134; baseline -0.002 -20"><span class='ocrx_word' id='word_1_33' title='bbox 51 1069 129 1132; x_wconf 76' lang='lat' dir='ltr'><strong>tuque</strong></span> <span class='ocrx_word' id='word_1_34' title='bbox 147 1051 284 1114; x_wconf 75' lang='lat' dir='ltr'><strong>navibus</strong></span> <span class='ocrx_word' id='word_1_35' title='bbox 307 1049 523 1122; x_wconf 82' lang='lat' dir='ltr'><strong>adscenditur;</strong></span> <span class='ocrx_word' id='word_1_36' title='bbox 562 1050 697 1112; x_wconf 85' lang='lat' dir='ltr'><strong>ulterlue</strong></span> <span class='ocrx_word' id='word_1_37' title='bbox 719 1063 825 1112; x_wconf 81' lang='lat' dir='ltr'><strong>eutem</strong></span> <span class='ocrx_word' id='word_1_38' title='bbox 849 1051 995 1134; x_wconf 83' lang='lat' dir='ltr'><strong>progredi</strong></span> <span class='ocrx_word' id='word_1_39' title='bbox 1019 1069 1067 1112; x_wconf 88' lang='lat' dir='ltr'><strong>ca·</strong></span> 
     </span>
     <span class='ocr_line' id='line_1_7' title="bbox 51 1147 1063 1234; baseline 0.005 -25"><span class='ocrx_word' id='word_1_40' title='bbox 51 1163 159 1214; x_wconf 75' lang='lat' dir='ltr'><strong>taraone</strong></span> <span class='ocrx_word' id='word_1_41' title='bbox 179 1173 248 1215; x_wconf 90' lang='lat' dir='ltr'><strong>non</strong></span> <span class='ocrx_word' id='word_1_42' title='bbox 272 1153 392 1224; x_wconf 84' lang='lat' dir='ltr'><strong>finunt.</strong></span> <span class='ocrx_word' id='word_1_43' title='bbox 426 1165 463 1214; x_wconf 89' lang='lat' dir='ltr'><strong>ut</strong></span> <span class='ocrx_word' id='word_1_44' title='bbox 481 1153 526 1214; x_wconf 86' lang='lat' dir='ltr'><strong>ait</strong></span> <span class='ocrx_word' id='word_1_45' title='bbox 548 1147 700 1234; x_wconf 85' lang='lat' dir='ltr'><strong>losephur</strong></span> <span class='ocrx_word' id='word_1_46' title='bbox 714 1151 755 1214; x_wconf 88' lang='lat' dir='ltr'><strong>de</strong></span> <span class='ocrx_word' id='word_1_47' title='bbox 768 1151 847 1214; x_wconf 89' lang='lat' dir='ltr'><strong>Bell.</strong></span> <span class='ocrx_word' id='word_1_48' title='bbox 868 1153 938 1214; x_wconf 88' lang='lat' dir='ltr'><strong>lud.</strong></span> <span class='ocrx_word' id='word_1_49' title='bbox 956 1151 1013 1215; x_wconf 90' lang='lat' dir='ltr'><strong>lib.</strong></span> <span class='ocrx_word' id='word_1_50' title='bbox 1028 1163 1063 1230; x_wconf 88' lang='lat'><strong>5.</strong></span> 
     </span>
     <span class='ocr_line' id='line_1_8' title="bbox 50 1268 367 1335; baseline 0.019 -23"><span class='ocrx_word' id='word_1_51' title='bbox 50 1268 146 1335; x_wconf 77' lang='lat' dir='ltr'><strong>rapo.</strong></span> <span class='ocrx_word' id='word_1_52' title='bbox 180 1271 367 1318; x_wconf 72' lang='lat' dir='ltr'><strong>vnotunvt.</strong></span> 
     </span>
    </p>
   </div>
   <div class='ocr_carea' id='block_1_4' title="bbox 36 1437 1140 2148">
    <p class='ocr_par' dir='ltr' id='par_1_4' title="bbox 36 1437 1140 2148">
     <span class='ocr_line' id='line_1_9' title="bbox 108 1437 1062 1548; baseline 0 -30"><span class='ocrx_word' id='word_1_53' title='bbox 108 1437 401 1548; x_wconf 71' lang='lat' dir='ltr'><strong>Cercasorum)</strong></span> <span class='ocrx_word' id='word_1_54' title='bbox 447 1445 661 1544; x_wconf 74' lang='grc' dir='ltr'>Κερκάσωρον</span> <span class='ocrx_word' id='word_1_55' title='bbox 692 1467 786 1518; x_wconf 83' lang='lat' dir='ltr'><strong>vocat</strong></span> <span class='ocrx_word' id='word_1_56' title='bbox 818 1453 1003 1520; x_wconf 75' lang='lat' dir='ltr'><strong>Herodotus</strong></span> <span class='ocrx_word' id='word_1_57' title='bbox 1029 1473 1062 1530; x_wconf 80' lang='lat' dir='ltr'><strong>e.</strong></span> 
     </span>
     <span class='ocr_line' id='line_1_10' title="bbox 48 1553 1061 1644; baseline 0 -26"><span class='ocrx_word' id='word_1_58' title='bbox 48 1569 93 1632; x_wconf 86' lang='lat'><strong>97.</strong></span> <span class='ocrx_word' id='word_1_59' title='bbox 108 1570 137 1618; x_wconf 88' lang='lat' dir='ltr'><strong>et</strong></span> <span class='ocrx_word' id='word_1_60' title='bbox 150 1559 236 1621; x_wconf 82' lang='lat' dir='ltr'><strong>alibi.</strong></span> <span class='ocrx_word' id='word_1_61' title='bbox 271 1556 419 1621; x_wconf 73' lang='lat' dir='ltr'><strong>Straboni</strong></span> <span class='ocrx_word' id='word_1_62' title='bbox 438 1572 492 1632; x_wconf 81' lang='lat'><strong>17.</strong></span> <span class='ocrx_word' id='word_1_63' title='bbox 508 1577 541 1640; x_wconf 84' lang='lat' dir='ltr'><strong>p.</strong></span> <span class='ocrx_word' id='word_1_64' title='bbox 560 1567 643 1633; x_wconf 88' lang='lat'><strong><em>555.</em></strong></span> <span class='ocrx_word' id='word_1_65' title='bbox 654 1555 675 1618; x_wconf 91' lang='lat' dir='ltr'><strong>s.</strong></span> <span class='ocrx_word' id='word_1_66' title='bbox 686 1559 770 1636; x_wconf 78' lang='lat'><strong>806.</strong></span> <span class='ocrx_word' id='word_1_67' title='bbox 788 1557 831 1620; x_wconf 82' lang='lat' dir='ltr'><strong>est</strong></span> <span class='ocrx_word' id='word_1_68' title='bbox 845 1553 1061 1644; x_wconf 77' lang='lat' dir='ltr'><strong>liepne&#39;uouper,</strong></span> 
     </span>
     <span class='ocr_line' id='line_1_11' title="bbox 49 1656 1140 1745; baseline 0.005 -31"><span class='ocrx_word' id='word_1_69' title='bbox 49 1669 72 1716; x_wconf 88' lang='lat' dir='ltr'><strong>et</strong></span> <span class='ocrx_word' id='word_1_70' title='bbox 91 1657 157 1720; x_wconf 88' lang='lat' dir='ltr'><strong>latet</strong></span> <span class='ocrx_word' id='word_1_71' title='bbox 182 1661 217 1720; x_wconf 86' lang='lat' dir='ltr'><strong>iu</strong></span> <span class='ocrx_word' id='word_1_72' title='bbox 244 1659 377 1720; x_wconf 78' lang='lat' dir='ltr'><strong>Achillis</strong></span> <span class='ocrx_word' id='word_1_73' title='bbox 402 1659 488 1720; x_wconf 86' lang='lat' dir='ltr'><strong>Tatii</strong></span> <span class='ocrx_word' id='word_1_74' title='bbox 511 1671 546 1737; x_wconf 73' lang='grc'><strong>4,</strong></span> <span class='ocrx_word' id='word_1_75' title='bbox 573 1673 627 1722; x_wconf 87' lang='grc' dir='ltr'><strong>ιι.</strong></span> <span class='ocrx_word' id='word_1_76' title='bbox 649 1656 771 1745; x_wconf 66' lang='lat' dir='ltr'><strong>Sopor,</strong></span> <span class='ocrx_word' id='word_1_77' title='bbox 806 1659 896 1722; x_wconf 85' lang='lat' dir='ltr'><strong>cuiue</strong></span> <span class='ocrx_word' id='word_1_78' title='bbox 921 1659 1061 1740; x_wconf 83' lang='lat' dir='ltr'><strong>priorem</strong></span> <span class='ocrx_word' id='word_1_79' title='bbox 1136 1669 1140 1682; x_wconf 74' lang='lat'><strong>¹</strong></span> 
     </span>
     <span class='ocr_line' id='line_1_12' title="bbox 48 1755 1059 1842; baseline 0.005 -26"><span class='ocrx_word' id='word_1_80' title='bbox 48 1771 144 1835; x_wconf 81' lang='lat' dir='ltr'><strong>partem</strong></span> <span class='ocrx_word' id='word_1_81' title='bbox 161 1757 312 1842; x_wconf 86' lang='lat' dir='ltr'><strong>absorpsit</strong></span> <span class='ocrx_word' id='word_1_82' title='bbox 326 1759 515 1840; x_wconf 80' lang='lat' dir='ltr'><strong>praecedent</strong></span> <span class='ocrx_word' id='word_1_83' title='bbox 531 1777 596 1820; x_wconf 86' lang='lat' dir='ltr'><strong>vox</strong></span> <span class='ocrx_word' id='word_1_84' title='bbox 611 1755 725 1842; x_wconf 76' lang='grc' dir='ltr'>Κέρας.</span> <span class='ocrx_word' id='word_1_85' title='bbox 758 1757 809 1824; x_wconf 88' lang='lat' dir='ltr'><strong>Cs.</strong></span> <span class='ocrx_word' id='word_1_86' title='bbox 822 1761 918 1822; x_wconf 82' lang='lat' dir='ltr'><strong>etiarn</strong></span> <span class='ocrx_word' id='word_1_87' title='bbox 933 1757 1059 1821; x_wconf 88' lang='lat' dir='ltr'><strong>Wellel.</strong></span> 
     </span>
     <span class='ocr_line' id='line_1_13' title="bbox 48 1858 1058 1944; baseline 0.003 -28"><span class='ocrx_word' id='word_1_88' title='bbox 48 1858 235 1923; x_wconf 83' lang='lat' dir='ltr'><strong>adHerodot.</strong></span> <span class='ocrx_word' id='word_1_89' title='bbox 256 1879 288 1930; x_wconf 79' lang='lat' dir='ltr'><strong>u,</strong></span> <span class='ocrx_word' id='word_1_90' title='bbox 310 1874 365 1934; x_wconf 87' lang='lat' dir='ltr'><strong>r7.</strong></span> <span class='ocrx_word' id='word_1_91' title='bbox 405 1861 501 1944; x_wconf 89' lang='lat' dir='ltr'><strong>Quod</strong></span> <span class='ocrx_word' id='word_1_92' title='bbox 518 1859 604 1920; x_wconf 90' lang='lat' dir='ltr'><strong>idem</strong></span> <span class='ocrx_word' id='word_1_93' title='bbox 621 1861 854 1932; x_wconf 67' lang='lat' dir='ltr'><strong>Herodotum,</strong></span> <span class='ocrx_word' id='word_1_94' title='bbox 877 1873 931 1938; x_wconf 84' lang='lat'><strong>15.</strong></span> <span class='ocrx_word' id='word_1_95' title='bbox 953 1861 1058 1932; x_wconf 82' lang='lat' dir='ltr'><strong>tradit.</strong></span> 
     </span>
     <span class='ocr_line' id='line_1_14' title="bbox 47 1955 1059 2044; baseline -0.002 -22"><span class='ocrx_word' id='word_1_96' title='bbox 47 1955 118 2022; x_wconf 80' lang='lat' dir='ltr'><strong>Nilne</strong></span> <span class='ocrx_word' id='word_1_97' title='bbox 138 1963 223 2024; x_wconf 85' lang='lat' dir='ltr'><strong>iuxta</strong></span> <span class='ocrx_word' id='word_1_98' title='bbox 245 1961 311 2022; x_wconf 86' lang='lat' dir='ltr'><strong>hoc</strong></span> <span class='ocrx_word' id='word_1_99' title='bbox 327 1963 484 2042; x_wconf 87' lang='lat' dir='ltr'><strong>oppidum</strong></span> <span class='ocrx_word' id='word_1_100' title='bbox 502 1957 670 2032; x_wconf 88' lang='lat' dir='ltr'><strong>scinditur,</strong></span> <span class='ocrx_word' id='word_1_101' title='bbox 697 1961 830 2044; x_wconf 88' lang='lat' dir='ltr'><strong>fluitque</strong></span> <span class='ocrx_word' id='word_1_102' title='bbox 844 1961 877 2022; x_wconf 89' lang='lat' dir='ltr'><strong>iu</strong></span> <span class='ocrx_word' id='word_1_103' title='bbox 893 1959 1059 2024; x_wconf 71' lang='lat' dir='ltr'><strong>Pelusium</strong></span> 
     </span>
     <span class='ocr_line' id='line_1_15' title="bbox 36 2053 1061 2148; baseline 0.003 -26"><span class='ocrx_word' id='word_1_104' title='bbox 36 2059 249 2132; x_wconf 79' lang='lat' dir='ltr'><strong>ucanobum.</strong></span> <span class='ocrx_word' id='word_1_105' title='bbox 272 2075 306 2124; x_wconf 83' lang='lat' dir='ltr'><strong>et</strong></span> <span class='ocrx_word' id='word_1_106' title='bbox 320 2082 387 2144; x_wconf 84' lang='lat' dir='ltr'><strong>cap.</strong></span> <span class='ocrx_word' id='word_1_107' title='bbox 405 2077 459 2136; x_wconf 85' lang='lat'><strong>17.</strong></span> <span class='ocrx_word' id='word_1_108' title='bbox 476 2061 552 2122; x_wconf 84' lang='lat' dir='ltr'><strong>hinc</strong></span> <span class='ocrx_word' id='word_1_109' title='bbox 567 2059 761 2148; x_wconf 74' lang='grc' dir='ltr'>τριφασίους</span> <span class='ocrx_word' id='word_1_110' title='bbox 777 2053 869 2136; x_wconf 72' lang='grc' dir='ltr'>ὀδοὺς</span> <span class='ocrx_word' id='word_1_111' title='bbox 884 2057 1061 2148; x_wconf 68' lang='grc' dir='ltr'><strong>σχίζεσθάι</strong></span> 
     </span>
    </p>
   </div>
   <div class='ocr_carea' id='block_1_5' title="bbox 7 2159 1061 3673">
    <p class='ocr_par' dir='ltr' id='par_1_5' title="bbox 7 2159 1061 3673">
     <span class='ocr_line' id='line_1_16' title="bbox 47 2159 1060 2246; baseline 0.007 -29"><span class='ocrx_word' id='word_1_112' title='bbox 47 2159 89 2229; x_wconf 82' lang='lat' dir='ltr'><strong>ait.</strong></span> <span class='ocrx_word' id='word_1_113' title='bbox 111 2163 160 2224; x_wconf 73' lang='lat' dir='ltr'><strong>etsi</strong></span> <span class='ocrx_word' id='word_1_114' title='bbox 184 2165 219 2224; x_wconf 91' lang='lat' dir='ltr'><strong>in</strong></span> <span class='ocrx_word' id='word_1_115' title='bbox 242 2161 307 2246; x_wconf 87' lang='lat' dir='ltr'><strong>ipsa</strong></span> <span class='ocrx_word' id='word_1_116' title='bbox 327 2163 583 2230; x_wconf 82' lang='lat' dir='ltr'><strong>enumeratione,</strong></span> <span class='ocrx_word' id='word_1_117' title='bbox 609 2163 686 2224; x_wconf 87' lang='lat' dir='ltr'><strong>duae</strong></span> <span class='ocrx_word' id='word_1_118' title='bbox 707 2175 831 2226; x_wconf 86' lang='lat' dir='ltr'><strong>tantum</strong></span> <span class='ocrx_word' id='word_1_119' title='bbox 848 2166 965 2226; x_wconf 86' lang='lat' dir='ltr'><strong>iterum</strong></span> <span class='ocrx_word' id='word_1_120' title='bbox 987 2179 1060 2246; x_wconf 89' lang='lat' dir='ltr'><strong>pro·</strong></span> 
     </span>
     <span class='ocr_line' id='line_1_17' title="bbox 47 2257 1059 2333; baseline 0.008 -17"><span class='ocrx_word' id='word_1_121' title='bbox 47 2257 127 2333; x_wconf 80' lang='lat' dir='ltr'><strong>ducit,</strong></span> <span class='ocrx_word' id='word_1_122' title='bbox 158 2265 199 2326; x_wconf 84' lang='lat' dir='ltr'><strong>src</strong></span> <span class='ocrx_word' id='word_1_123' title='bbox 220 2279 258 2326; x_wconf 89' lang='lat' dir='ltr'><strong>ut</strong></span> <span class='ocrx_word' id='word_1_124' title='bbox 281 2265 420 2324; x_wconf 85' lang='lat' dir='ltr'><strong>mediam</strong></span> <span class='ocrx_word' id='word_1_125' title='bbox 449 2261 582 2326; x_wconf 80' lang='lat' dir='ltr'><strong>omisisse</strong></span> <span class='ocrx_word' id='word_1_126' title='bbox 606 2265 762 2328; x_wconf 85' lang='lat' dir='ltr'><strong>videatur.</strong></span> <span class='ocrx_word' id='word_1_127' title='bbox 813 2265 962 2328; x_wconf 77' lang='lat' dir='ltr'><strong>Attamen</strong></span> <span class='ocrx_word' id='word_1_128' title='bbox 983 2281 1059 2326; x_wconf 88' lang='lat' dir='ltr'><strong>eum</strong></span> 
     </span>
     <span class='ocr_line' id='line_1_18' title="bbox 7 2358 1058 2448; baseline 0.01 -32"><span class='ocrx_word' id='word_1_129' title='bbox 7 2383 8 2386; x_wconf 39' lang='lat'>¹</span> <span class='ocrx_word' id='word_1_130' title='bbox 48 2358 102 2422; x_wconf 91' lang='lat' dir='ltr'><strong>inde</strong></span> <span class='ocrx_word' id='word_1_131' title='bbox 116 2361 260 2426; x_wconf 76' lang='lat' dir='ltr'><strong>defendit</strong></span> <span class='ocrx_word' id='word_1_132' title='bbox 279 2363 449 2426; x_wconf 85' lang='lat' dir='ltr'><strong>Henuiclte</strong></span> <span class='ocrx_word' id='word_1_133' title='bbox 466 2365 506 2426; x_wconf 90' lang='lat' dir='ltr'><strong>de</strong></span> <span class='ocrx_word' id='word_1_134' title='bbox 522 2363 720 2448; x_wconf 85' lang='lat' dir='ltr'><strong>Geographia</strong></span> <span class='ocrx_word' id='word_1_135' title='bbox 738 2362 858 2428; x_wconf 81' lang='lat' dir='ltr'><strong>Africae</strong></span> <span class='ocrx_word' id='word_1_136' title='bbox 874 2365 1058 2428; x_wconf 81' lang='lat' dir='ltr'><strong>Herodotee</strong></span> 
     </span>
     <span class='ocr_line' id='line_1_19' title="bbox 47 2465 1059 2548; baseline 0.004 -23"><span class='ocrx_word' id='word_1_137' title='bbox 47 2475 130 2542; x_wconf 55' lang='lat'><strong>545.</strong></span> <span class='ocrx_word' id='word_1_138' title='bbox 156 2468 247 2548; x_wconf 91' lang='lat' dir='ltr'><strong>quod</strong></span> <span class='ocrx_word' id='word_1_139' title='bbox 265 2466 309 2526; x_wconf 92' lang='lat' dir='ltr'><strong>ibi</strong></span> <span class='ocrx_word' id='word_1_140' title='bbox 332 2485 398 2526; x_wconf 89' lang='lat' dir='ltr'><strong>nnn</strong></span> <span class='ocrx_word' id='word_1_141' title='bbox 417 2468 552 2528; x_wconf 89' lang='lat' dir='ltr'><strong>omnino</strong></span> <span class='ocrx_word' id='word_1_142' title='bbox 571 2465 609 2526; x_wconf 83' lang='lat' dir='ltr'><strong>de</strong></span> <span class='ocrx_word' id='word_1_143' title='bbox 634 2465 701 2526; x_wconf 89' lang='lat' dir='ltr'><strong>Nili</strong></span> <span class='ocrx_word' id='word_1_144' title='bbox 721 2465 856 2528; x_wconf 81' lang='lat' dir='ltr'><strong>brachile</strong></span> <span class='ocrx_word' id='word_1_145' title='bbox 876 2467 1059 2538; x_wconf 72' lang='lat' dir='ltr'><strong>maioribus,</strong></span> 
     </span>
     <span class='ocr_line' id='line_1_20' title="bbox 47 2557 1060 2648; baseline 0.008 -28"><span class='ocrx_word' id='word_1_146' title='bbox 47 2557 84 2622; x_wconf 86' lang='lat' dir='ltr'><strong>led</strong></span> <span class='ocrx_word' id='word_1_147' title='bbox 101 2581 222 2628; x_wconf 88' lang='lat' dir='ltr'><strong>tautum</strong></span> <span class='ocrx_word' id='word_1_148' title='bbox 244 2569 286 2628; x_wconf 89' lang='lat' dir='ltr'><strong>de</strong></span> <span class='ocrx_word' id='word_1_149' title='bbox 308 2567 432 2628; x_wconf 78' lang='lat' dir='ltr'><strong>duobus</strong></span> <span class='ocrx_word' id='word_1_150' title='bbox 455 2579 580 2635; x_wconf 80' lang='lat' dir='ltr'><strong>tractet,</strong></span> <span class='ocrx_word' id='word_1_151' title='bbox 614 2587 695 2648; x_wconf 83' lang='lat' dir='ltr'><strong>quae</strong></span> <span class='ocrx_word' id='word_1_152' title='bbox 720 2569 811 2629; x_wconf 81' lang='lat' dir='ltr'><strong>Delta</strong></span> <span class='ocrx_word' id='word_1_153' title='bbox 835 2569 873 2628; x_wconf 85' lang='lat' dir='ltr'><strong>ab</strong></span> <span class='ocrx_word' id='word_1_154' title='bbox 896 2567 1004 2630; x_wconf 86' lang='lat' dir='ltr'><strong>occasu</strong></span> <span class='ocrx_word' id='word_1_155' title='bbox 1026 2581 1060 2630; x_wconf 87' lang='lat' dir='ltr'><strong>et</strong></span> 
     </span>
     <span class='ocr_line' id='line_1_21' title="bbox 48 2665 1058 2748; baseline 0.013 -30"><span class='ocrx_word' id='word_1_156' title='bbox 48 2677 100 2722; x_wconf 88' lang='lat' dir='ltr'><strong>ortu</strong></span> <span class='ocrx_word' id='word_1_157' title='bbox 118 2669 271 2730; x_wconf 81' lang='lat' dir='ltr'><strong>ambiant.</strong></span> <span class='ocrx_word' id='word_1_158' title='bbox 322 2665 372 2730; x_wconf 82' lang='lat' dir='ltr'><strong>cf.</strong></span> <span class='ocrx_word' id='word_1_159' title='bbox 395 2668 555 2730; x_wconf 80' lang='lat' dir='ltr'><strong>d’dnville</strong></span> <span class='ocrx_word' id='word_1_160' title='bbox 576 2687 607 2748; x_wconf 85' lang='lat' dir='ltr'><strong>p.</strong></span> <span class='ocrx_word' id='word_1_161' title='bbox 625 2679 673 2746; x_wconf 77' lang='lat'><strong>43</strong></span> <span class='ocrx_word' id='word_1_162' title='bbox 691 2667 732 2748; x_wconf 83' lang='lat' dir='ltr'><strong>sq.</strong></span> <span class='ocrx_word' id='word_1_163' title='bbox 750 2689 776 2732; x_wconf 90' lang='lat' dir='ltr'><strong>c.</strong></span> <span class='ocrx_word' id='word_1_164' title='bbox 801 2669 821 2730; x_wconf 89' lang='lat' dir='ltr'><strong>l.</strong></span> <span class='ocrx_word' id='word_1_165' title='bbox 856 2669 911 2730; x_wconf 91' lang='lat' dir='ltr'><strong>ubi</strong></span> <span class='ocrx_word' id='word_1_166' title='bbox 933 2671 973 2730; x_wconf 86' lang='lat' dir='ltr'><strong>de</strong></span> <span class='ocrx_word' id='word_1_167' title='bbox 994 2670 1058 2731; x_wconf 86' lang='lat' dir='ltr'><strong>hoc</strong></span> 
     </span>
     <span class='ocr_line' id='line_1_22' title="bbox 48 2765 1059 2852; baseline 0.008 -30"><span class='ocrx_word' id='word_1_168' title='bbox 48 2767 172 2840; x_wconf 76' lang='lat' dir='ltr'><strong>prolixius</strong></span> <span class='ocrx_word' id='word_1_169' title='bbox 188 2765 338 2851; x_wconf 78' lang='lat' dir='ltr'><strong>exposuit</strong></span> <span class='ocrx_word' id='word_1_170' title='bbox 358 2783 391 2828; x_wconf 91' lang='lat' dir='ltr'><strong>et</strong></span> <span class='ocrx_word' id='word_1_171' title='bbox 413 2791 444 2852; x_wconf 85' lang='lat' dir='ltr'><strong>p.</strong></span> <span class='ocrx_word' id='word_1_172' title='bbox 461 2781 519 2848; x_wconf 76' lang='lat'><strong>83.</strong></span> <span class='ocrx_word' id='word_1_173' title='bbox 555 2769 816 2830; x_wconf 85' lang='lat' dir='ltr'><strong>Thermutiacum</strong></span> <span class='ocrx_word' id='word_1_174' title='bbox 833 2769 978 2842; x_wconf 78' lang='lat' dir='ltr'><strong>fiuvium,</strong></span> <span class='ocrx_word' id='word_1_175' title='bbox 1003 2770 1059 2852; x_wconf 91' lang='lat' dir='ltr'><strong>qui</strong></span> 
     </span>
     <span class='ocr_line' id='line_1_23' title="bbox 47 2870 1058 2953; baseline 0.006 -27"><span class='ocrx_word' id='word_1_176' title='bbox 47 2881 210 2930; x_wconf 80' lang='lat' dir='ltr'><strong>exoneratur</strong></span> <span class='ocrx_word' id='word_1_177' title='bbox 241 2890 299 2952; x_wconf 91' lang='lat' dir='ltr'><strong>per</strong></span> <span class='ocrx_word' id='word_1_178' title='bbox 325 2871 437 2932; x_wconf 87' lang='lat' dir='ltr'><strong>ostium</strong></span> <span class='ocrx_word' id='word_1_179' title='bbox 469 2870 717 2946; x_wconf 73' lang='lat' dir='ltr'><strong>Sebennyticum</strong></span> <span class='ocrx_word' id='word_1_180' title='bbox 744 2891 782 2932; x_wconf 83' lang='lat' dir='ltr'><strong>ex</strong></span> <span class='ocrx_word' id='word_1_181' title='bbox 809 2871 847 2934; x_wconf 83' lang='lat' dir='ltr'><strong>ile</strong></span> <span class='ocrx_word' id='word_1_182' title='bbox 874 2871 933 2930; x_wconf 88' lang='lat' dir='ltr'><strong>elle</strong></span> <span class='ocrx_word' id='word_1_183' title='bbox 960 2885 1058 2953; x_wconf 80' lang='lat' dir='ltr'><strong>putat.</strong></span> 
     </span>
     <span class='ocr_line' id='line_1_24' title="bbox 48 2961 1058 3060; baseline 0.006 -32"><span class='ocrx_word' id='word_1_184' title='bbox 48 2961 104 3028; x_wconf 78' lang='lat' dir='ltr'><strong>litet</strong></span> <span class='ocrx_word' id='word_1_185' title='bbox 123 2991 157 3034; x_wconf 83' lang='lat' dir='ltr'><strong>ex</strong></span> <span class='ocrx_word' id='word_1_186' title='bbox 180 2970 503 3056; x_wconf 81' lang='lat' dir='ltr'><strong>Agatho-Daemone</strong></span> <span class='ocrx_word' id='word_1_187' title='bbox 524 2971 577 3032; x_wconf 90' lang='lat' dir='ltr'><strong>ille</strong></span> <span class='ocrx_word' id='word_1_188' title='bbox 599 2967 735 3034; x_wconf 86' lang='lat' dir='ltr'><strong>derivet.</strong></span> <span class='ocrx_word' id='word_1_189' title='bbox 768 2967 929 3055; x_wconf 90' lang='lat' dir='ltr'><strong>(Ptolem.</strong></span> <span class='ocrx_word' id='word_1_190' title='bbox 942 2981 978 3052; x_wconf 77' lang='grc'><strong>4,</strong></span> <span class='ocrx_word' id='word_1_191' title='bbox 1002 2973 1058 3060; x_wconf 88' lang='lat'><strong>5.)</strong></span> 
     </span>
     <span class='ocr_line' id='line_1_25' title="bbox 48 3061 1060 3153; baseline 0.011 -27"><span class='ocrx_word' id='word_1_192' title='bbox 48 3061 82 3126; x_wconf 76' lang='lat' dir='ltr'><strong>lta</strong></span> <span class='ocrx_word' id='word_1_193' title='bbox 98 3091 168 3134; x_wconf 84' lang='lat' dir='ltr'><strong>reru</strong></span> <span class='ocrx_word' id='word_1_194' title='bbox 186 3073 325 3134; x_wconf 76' lang='lat' dir='ltr'><strong>Achilles</strong></span> <span class='ocrx_word' id='word_1_195' title='bbox 338 3073 451 3134; x_wconf 87' lang='lat' dir='ltr'><strong>Tatiue</strong></span> <span class='ocrx_word' id='word_1_196' title='bbox 469 3073 544 3134; x_wconf 90' lang='lat' dir='ltr'><strong>iude</strong></span> <span class='ocrx_word' id='word_1_197' title='bbox 565 3072 720 3153; x_wconf 82' lang='lat' dir='ltr'><strong>triplicem</strong></span> <span class='ocrx_word' id='word_1_198' title='bbox 740 3072 878 3134; x_wconf 84' lang='lat' dir='ltr'><strong>fluvium</strong></span> <span class='ocrx_word' id='word_1_199' title='bbox 902 3071 991 3147; x_wconf 77' lang='lat' dir='ltr'><strong>sarit,</strong></span> <span class='ocrx_word' id='word_1_200' title='bbox 1020 3075 1060 3138; x_wconf 83' lang='lat' dir='ltr'><strong>stc</strong></span> 
     </span>
     <span class='ocr_line' id='line_1_26' title="bbox 49 3170 1059 3257; baseline 0.009 -29"><span class='ocrx_word' id='word_1_201' title='bbox 49 3180 75 3225; x_wconf 77' lang='lat' dir='ltr'><strong>ut</strong></span> <span class='ocrx_word' id='word_1_202' title='bbox 88 3170 141 3234; x_wconf 89' lang='lat' dir='ltr'><strong>duo</strong></span> <span class='ocrx_word' id='word_1_203' title='bbox 164 3173 291 3234; x_wconf 86' lang='lat' dir='ltr'><strong>brachia</strong></span> <span class='ocrx_word' id='word_1_204' title='bbox 312 3175 472 3254; x_wconf 82' lang='lat' dir='ltr'><strong>utrimque</strong></span> <span class='ocrx_word' id='word_1_205' title='bbox 494 3173 710 3257; x_wconf 84' lang='lat' dir='ltr'><strong>porrigantur,</strong></span> <span class='ocrx_word' id='word_1_206' title='bbox 744 3175 874 3234; x_wconf 88' lang='lat' dir='ltr'><strong>tertium</strong></span> <span class='ocrx_word' id='word_1_207' title='bbox 896 3195 952 3256; x_wconf 87' lang='lat' dir='ltr'><strong>per</strong></span> <span class='ocrx_word' id='word_1_208' title='bbox 968 3177 1059 3238; x_wconf 89' lang='lat' dir='ltr'><strong>Delta</strong></span> 
     </span>
     <span class='ocr_line' id='line_1_27' title="bbox 50 3261 1061 3358; baseline 0.013 -32"><span class='ocrx_word' id='word_1_209' title='bbox 50 3261 152 3338; x_wconf 85' lang='lat' dir='ltr'><strong>lentur.</strong></span> <span class='ocrx_word' id='word_1_210' title='bbox 202 3273 319 3337; x_wconf 83' lang='lat' dir='ltr'><strong>Strabo</strong></span> <span class='ocrx_word' id='word_1_211' title='bbox 350 3271 452 3354; x_wconf 89' lang='lat' dir='ltr'><strong>ipsum</strong></span> <span class='ocrx_word' id='word_1_212' title='bbox 478 3277 634 3358; x_wconf 88' lang='lat' dir='ltr'><strong>oppidum</strong></span> <span class='ocrx_word' id='word_1_213' title='bbox 661 3273 749 3356; x_wconf 84' lang='lat' dir='ltr'><strong>supra</strong></span> <span class='ocrx_word' id='word_1_214' title='bbox 776 3277 868 3338; x_wconf 84' lang='lat' dir='ltr'><strong>Delta</strong></span> <span class='ocrx_word' id='word_1_215' title='bbox 889 3277 923 3336; x_wconf 89' lang='lat' dir='ltr'><strong>in</strong></span> <span class='ocrx_word' id='word_1_216' title='bbox 944 3277 1061 3339; x_wconf 77' lang='lat' dir='ltr'><strong>sinislra</strong></span> 
     </span>
     <span class='ocr_line' id='line_1_28' title="bbox 50 3365 1061 3458; baseline 0.012 -30"><span class='ocrx_word' id='word_1_217' title='bbox 50 3365 172 3452; x_wconf 84' lang='lat' dir='ltr'><strong>fimplieie</strong></span> <span class='ocrx_word' id='word_1_218' title='bbox 194 3391 327 3438; x_wconf 70' lang='lat' dir='ltr'><strong>eatenus</strong></span> <span class='ocrx_word' id='word_1_219' title='bbox 347 3374 415 3435; x_wconf 89' lang='lat' dir='ltr'><strong>Nili</strong></span> <span class='ocrx_word' id='word_1_220' title='bbox 433 3377 498 3458; x_wconf 90' lang='lat' dir='ltr'><strong>ripa</strong></span> <span class='ocrx_word' id='word_1_221' title='bbox 519 3377 622 3457; x_wconf 90' lang='lat' dir='ltr'><strong>ponit.</strong></span> <span class='ocrx_word' id='word_1_222' title='bbox 675 3375 780 3437; x_wconf 86' lang='lat' dir='ltr'><strong>Hodie</strong></span> <span class='ocrx_word' id='word_1_223' title='bbox 802 3377 865 3438; x_wconf 87' lang='lat' dir='ltr'><strong>hoc</strong></span> <span class='ocrx_word' id='word_1_224' title='bbox 885 3375 942 3437; x_wconf 90' lang='lat' dir='ltr'><strong>litu</strong></span> <span class='ocrx_word' id='word_1_225' title='bbox 965 3378 1061 3440; x_wconf 84' lang='lat' dir='ltr'><strong>d’dn·</strong></span> 
     </span>
     <span class='ocr_line' id='line_1_29' title="bbox 51 3466 1061 3566; baseline 0.018 -42"><span class='ocrx_word' id='word_1_226' title='bbox 51 3469 109 3532; x_wconf 75' lang='lat' dir='ltr'><strong>ville</strong></span> <span class='ocrx_word' id='word_1_227' title='bbox 126 3495 156 3556; x_wconf 86' lang='lat' dir='ltr'><strong>p.</strong></span> <span class='ocrx_word' id='word_1_228' title='bbox 176 3491 234 3554; x_wconf 79' lang='lat'><strong>75.</strong></span> <span class='ocrx_word' id='word_1_229' title='bbox 258 3466 364 3566; x_wconf 66' lang='lat' dir='ltr'><strong>Elsds</strong></span> <span class='ocrx_word' id='word_1_230' title='bbox 385 3478 523 3536; x_wconf 87' lang='lat' dir='ltr'><strong>inveniri</strong></span> <span class='ocrx_word' id='word_1_231' title='bbox 540 3488 639 3558; x_wconf 82' lang='lat' dir='ltr'><strong>putat.</strong></span> <span class='ocrx_word' id='word_1_232' title='bbox 676 3477 798 3540; x_wconf 73' lang='lat' dir='ltr'><strong>Contra</strong></span> <span class='ocrx_word' id='word_1_233' title='bbox 822 3491 927 3541; x_wconf 80' lang='lat' dir='ltr'><strong>tamen</strong></span> <span class='ocrx_word' id='word_1_234' title='bbox 944 3477 985 3542; x_wconf 81' lang='lat' dir='ltr'><strong>tle</strong></span> <span class='ocrx_word' id='word_1_235' title='bbox 999 3479 1061 3544; x_wconf 79' lang='lat' dir='ltr'><strong>filu</strong></span> 
     </span>
     <span class='ocr_line' id='line_1_30' title="bbox 53 3567 708 3673; baseline 0.011 -40"><span class='ocrx_word' id='word_1_236' title='bbox 53 3567 168 3654; x_wconf 72' lang='lat' dir='ltr'><strong>disputat</strong></span> <span class='ocrx_word' id='word_1_237' title='bbox 187 3579 307 3658; x_wconf 86' lang='lat' dir='ltr'><strong>Savary</strong></span> <span class='ocrx_word' id='word_1_238' title='bbox 328 3575 377 3638; x_wconf 90' lang='lat' dir='ltr'><strong>sur</strong></span> <span class='ocrx_word' id='word_1_239' title='bbox 397 3577 604 3673; x_wconf 33' lang='lat' dir='ltr'><strong>l&#39;Egypte&#39;p.</strong></span> <span class='ocrx_word' id='word_1_240' title='bbox 623 3578 708 3654; x_wconf 80' lang='lat'><strong>276.</strong></span> 
     </span>
    </p>
   </div>
   <div class='ocr_carea' id='block_1_6' title="bbox 55 3777 1063 4174">
    <p class='ocr_par' dir='ltr' id='par_1_6' title="bbox 55 3777 1063 4174">
     <span class='ocr_line' id='line_1_31' title="bbox 111 3777 1062 3863; baseline 0.014 -26"><span class='ocrx_word' id='word_1_241' title='bbox 111 3777 253 3842; x_wconf 77' lang='lat' dir='ltr'><strong>iterum</strong></span> <span class='ocrx_word' id='word_1_242' title='bbox 278 3779 529 3863; x_wconf 76' lang='lat' dir='ltr'><strong>iterumque)</strong></span> <span class='ocrx_word' id='word_1_243' title='bbox 579 3779 671 3862; x_wconf 86' lang='lat' dir='ltr'><strong>Quae</strong></span> <span class='ocrx_word' id='word_1_244' title='bbox 687 3798 726 3842; x_wconf 82' lang='lat' dir='ltr'><strong>ex</strong></span> <span class='ocrx_word' id='word_1_245' title='bbox 741 3779 792 3850; x_wconf 84' lang='lat' dir='ltr'><strong>bie</strong></span> <span class='ocrx_word' id='word_1_246' title='bbox 808 3783 913 3847; x_wconf 85' lang='lat' dir='ltr'><strong>rerbir</strong></span> <span class='ocrx_word' id='word_1_247' title='bbox 930 3783 1062 3849; x_wconf 81' lang='lat' dir='ltr'><strong>difficul-</strong></span> 
     </span>
     <span class='ocr_line' id='line_1_32' title="bbox 55 3878 1062 3954; baseline 0.016 -20"><span class='ocrx_word' id='word_1_248' title='bbox 55 3881 116 3938; x_wconf 80' lang='lat' dir='ltr'><strong>tatee</strong></span> <span class='ocrx_word' id='word_1_249' title='bbox 136 3879 328 3953; x_wconf 83' lang='lat' dir='ltr'><strong>obiciuntur,</strong></span> <span class='ocrx_word' id='word_1_250' title='bbox 362 3878 432 3942; x_wconf 87' lang='lat' dir='ltr'><strong>satie</strong></span> <span class='ocrx_word' id='word_1_251' title='bbox 457 3881 538 3954; x_wconf 83' lang='lat' dir='ltr'><strong>illae,</strong></span> <span class='ocrx_word' id='word_1_252' title='bbox 574 3881 703 3944; x_wconf 80' lang='lat' dir='ltr'><strong>adiectio</strong></span> <span class='ocrx_word' id='word_1_253' title='bbox 724 3885 867 3945; x_wconf 87' lang='lat' dir='ltr'><strong>virorum</strong></span> <span class='ocrx_word' id='word_1_254' title='bbox 893 3887 1062 3950; x_wconf 85' lang='lat' dir='ltr'><strong>doctorum</strong></span> 
     </span>
     <span class='ocr_line' id='line_1_33' title="bbox 56 3979 1063 4068; baseline 0.017 -34"><span class='ocrx_word' id='word_1_255' title='bbox 56 3979 213 4052; x_wconf 72' lang='lat' dir='ltr'><strong>metibor,</strong></span> <span class='ocrx_word' id='word_1_256' title='bbox 243 3985 277 4042; x_wconf 93' lang='lat' dir='ltr'><strong>in</strong></span> <span class='ocrx_word' id='word_1_257' title='bbox 294 3983 380 4044; x_wconf 82' lang='lat' dir='ltr'><strong>notis</strong></span> <span class='ocrx_word' id='word_1_258' title='bbox 396 3983 510 4044; x_wconf 84' lang='lat' dir='ltr'><strong>criticie</strong></span> <span class='ocrx_word' id='word_1_259' title='bbox 526 3981 681 4064; x_wconf 72' lang='lat' dir='ltr'><strong>expositae</strong></span> <span class='ocrx_word' id='word_1_260' title='bbox 704 3981 786 4047; x_wconf 85' lang='lat' dir='ltr'><strong>sunt.</strong></span> <span class='ocrx_word' id='word_1_261' title='bbox 838 3985 995 4068; x_wconf 82' lang='lat' dir='ltr'><strong>Equidem</strong></span> <span class='ocrx_word' id='word_1_262' title='bbox 1020 3991 1063 4051; x_wconf 89' lang='lat' dir='ltr'><strong>ita</strong></span> 
     </span>
     <span class='ocr_line' id='line_1_34' title="bbox 56 4069 1063 4174; baseline 0.016 -36"><span class='ocrx_word' id='word_1_263' title='bbox 56 4069 143 4142; x_wconf 76' lang='lat' dir='ltr'><strong>statui:</strong></span> <span class='ocrx_word' id='word_1_264' title='bbox 175 4083 276 4168; x_wconf 84' lang='lat' dir='ltr'><strong>Prope</strong></span> <span class='ocrx_word' id='word_1_265' title='bbox 299 4083 391 4146; x_wconf 87' lang='lat' dir='ltr'><strong>Delta</strong></span> <span class='ocrx_word' id='word_1_266' title='bbox 413 4085 590 4170; x_wconf 81' lang='lat' dir='ltr'><strong>regionem,</strong></span> <span class='ocrx_word' id='word_1_267' title='bbox 617 4083 669 4147; x_wconf 87' lang='lat' dir='ltr'><strong>rel</strong></span> <span class='ocrx_word' id='word_1_268' title='bbox 687 4083 891 4156; x_wconf 84' lang='lat' dir='ltr'><strong>Cercasorum</strong></span> <span class='ocrx_word' id='word_1_269' title='bbox 907 4090 1063 4174; x_wconf 84' lang='lat' dir='ltr'><strong>oppidum</strong></span> 
     </span>
    </p>
   </div>
   <div class='ocr_carea' id='block_1_7' title="bbox 0 0 1387 4958">
    <p class='ocr_par' dir='ltr' id='par_1_7' title="bbox 0 0 1387 4958">
     <span class='ocr_line' id='line_1_35' title="bbox 0 0 1387 4958; baseline 0 0"><span class='ocrx_word' id='word_1_270' title='bbox 0 0 1387 4958; x_wconf 95' lang='lat' dir='ltr'><strong> </strong></span> 
     </span>
    </p>
   </div>
  </div>
 </body>
</html>
