2828 4966
330 379 373 450 42
600 373 763 434 noran
802 373 1103 434 nxnonrucaa

330 567 539 613 urruearre.
578 547 666 612 Fallo
685 547 804 612 Melam
827 549 905 612 alios
921 547 1062 612 secutum
1081 549 1145 613 hoc
1164 549 1298 613 tradere
1316 568 1380 611 mo

329 664 473 713 aruerunt
489 651 643 728 Graecina
658 652 691 712 in
705 653 791 712 nocie
808 649 931 714 iussus
945 665 978 714 et
993 647 1129 716 Voffiue.
1162 651 1234 714 Vid.
1256 651 1340 713 Vol.
1360 671 1374 710 ι

328 751 459 836 Nempe
475 752 665 815 dissentiunt
680 766 816 814 vererer.
855 753 917 814 Alii
939 753 1026 814 euim
1042 773 1099 835 per
1117 753 1380 814 inundationen

328 855 537 937 irrumpentis
553 855 673 917 Oceani
691 856 728 916 ad
748 851 864 915 fretum
882 853 1077 916 Gaditanum
1095 875 1181 916 mare
1200 857 1380 916 internurr

326 954 414 1017 nasci
436 959 586 1026 credunt;
611 957 663 1018 alii
678 975 695 1018 a
709 957 817 1018 Ponto
835 955 927 1025 inde,
952 957 1039 1037 quod
1057 958 1186 1036 quidem
1202 956 1295 1017 baud
1322 957 1380 1015 im·

326 1057 483 1140 probabili
505 1071 696 1142 argumento
718 1058 779 1117 niti
803 1069 932 1138 putant,
964 1059 1038 1138 quia
1060 1057 1157 1120 aestua
1183 1056 1316 1137 semper
1344 1077 1380 1118 er

327 1159 437 1220 Ponto
464 1159 625 1242 profluens
657 1178 821 1240 nunquam
855 1159 1078 1244 reciprocetur.
1131 1160 1205 1223 vid.
1228 1159 1323 1219 Plin.
1348 1173 1380 1228 α,

333 1277 415 1321 ιοα.
439 1257 460 1320 l.
478 1275 537 1338 97.
572 1273 662 1322 etex
683 1260 869 1322 eoSolinue
890 1257 1035 1322 ΜΗ.
1058 1272 1112 1338 ι8.
1165 1261 1213 1322 lta
1234 1259 1380 1341 quidem

326 1360 368 1422 de
384 1360 491 1426 Ponto
508 1360 646 1422 statuunt
661 1361 841 1422 Aristoteles
857 1363 891 1420 in
907 1361 1119 1445 lllleteorolog.
1139 1377 1170 1432 u,
1193 1381 1224 1422 r.
1251 1359 1380 1424 Strabo

325 1460 382 1523 lib.
406 1482 435 1524 ι.
451 1483 485 1546 p.
502 1475 559 1541 55.
577 1461 598 1526 l.
616 1473 674 1540 55.
709 1464 826 1524 Seneca
843 1461 956 1524 Natur.
974 1463 1038 1546 Qu.
1055 1473 1090 1541 4,
1112 1479 1144 1526 2.
1182 1462 1271 1525 Max.
1289 1463 1379 1540 Tyr.

328 1575 386 1641 52.
410 1577 442 1640 5.
485 1563 685 1648 Agathemer.
714 1577 746 1634 Ω,
781 1575 833 1640 ro.
867 1563 991 1644 aliique.
1052 1565 1125 1626 viu.
1148 1563 1308 1627 Stuckiua
1334 1563 1379 1624 ed

324 1662 448 1726 Arriani
465 1665 579 1748 peripl.
595 1685 628 1750 p.
653 1686 666 1725 ι
679 1682 732 1727 ro.
760 1679 792 1726 et
807 1684 886 1745 quae
902 1665 1015 1725 adtulit
1027 1665 1151 1744 Gylliuo
1165 1666 1205 1726 de
1220 1663 1376 1745 Bosporo

324 1765 463 1828 Thracio
486 1785 514 1836 r,
536 1777 571 1846 4.
625 1769 673 1828 De
696 1767 791 1828 altera
812 1766 967 1847 opinione
986 1766 1161 1828 Aristotelia
1182 1767 1223 1828 de
1236 1767 1374 1828 mundo

322 1865 412 1929 locor
435 1887 501 1950 cap.
527 1881 559 1948 5.
593 1870 651 1950 qui
675 1869 715 1930 acl
740 1867 882 1928 nollrum
909 1869 1040 1930 mirifice
1067 1865 1153 1936 facit.
1186 1867 1227 1928 ilc
1249 1867 1372 1928 habet:

324 1961 342 2030 ὁ
362 1962 526 2044 Ὠκεανὸς
545 1967 575 2034 ἐν
591 1969 642 2050 τῷ
664 1963 742 2058 πρὸς
765 1959 852 2032 δύσιν
872 1961 1055 2056 στεναπόρςα
1073 1963 1214 2058 στόματι
1237 1963 1372 2050 &tunsor-

322 2063 389 2153 γὼς
410 2065 499 2134 κατὰ
520 2068 581 2147 τας
599 2067 798 2160 Ἡρακλείας
820 2065 997 2157 λεγομένας
1020 2067 1143 2157 στήλας
1161 2063 1219 2132 τὸν
1242 2063 1367 2158 εἴςραυν

322 2165 437 2255 εἰςτῖςν
453 2165 514 2235 ἔσω
534 2167 721 2243 θάλατταν,
749 2163 790 2245 ὡς
809 2165 848 2234 ἂν
869 2170 911 2246 εἰς
929 2167 1054 2258 λιμένα,
1082 2171 1231 2236 ποιεῖται.
1275 2173 1367 2235 Cou-

323 2269 464 2332 lentiunt
480 2274 514 2334 in
530 2273 592 2355 ipsa
608 2291 641 2333 re
657 2273 782 2334 Pliniua
798 2271 853 2334 lib.
870 2286 902 2351 5.
918 2291 1063 2354 prooem.
1086 2287 1118 2334 et
1136 2293 1164 2336 c.
1187 2293 1216 2334 r.
1242 2272 1362 2355 Ampe·

321 2371 385 2434 liue
400 2393 426 2435 c.
443 2389 476 2445 7.
513 2375 619 2436 lfitlor.
644 2388 696 2454 15,
724 2375 779 2436 16.
802 2387 834 2434 et
858 2373 942 2433 ltlele
964 2375 1049 2434 idern
1073 2377 1189 2456 repetit
1216 2394 1244 2444 ι,
1268 2387 1300 2451 5,
1324 2387 1359 2454 5.

323 2474 411 2534 Hinc
434 2475 527 2534 liuzen
550 2473 649 2566 rufin·
672 2477 766 2536 moris
788 2489 880 2534 vocar
900 2475 982 2537 Flor.
1001 2489 1031 2552 5.
1051 2477 1083 2545 O.
1101 2495 1135 2556 9.
1174 2476 1215 2538 tt
1235 2475 1359 2538 Macro·

322 2573 395 2636 blus
415 2577 567 2638 Saturnal.
595 2592 627 2650 7.
656 2592 710 2637 ια.
742 2595 781 2636 ex
809 2575 937 2637 Oceano
964 2577 1093 2656 quidem
1120 2597 1213 2657 aqtias
1238 2578 1355 2639 intemi

321 2678 417 2737 maris
433 2679 530 2758 recipi
546 2679 699 2746 atlfirm'at,
723 2677 884 2758 duplicem
902 2693 1006 2738 tamen
1023 2678 1143 2738 fluxum
1161 2679 1257 2740 Ponti
1271 2675 1353 2748 facit,

320 2797 459 2858 quorum
476 2797 559 2841 unua
575 2779 720 2861 supernas
737 2779 804 2839 eiua
823 2797 925 2860 aquae.
951 2780 1068 2860 quippe
1084 2780 1246 2850 dulciores,
1272 2778 1352 2841 loraa

319 2878 444 2947 mittat,
478 2881 555 2942 alter
579 2878 724 2943 deorsum
749 2879 879 2946 labatur.
907 2882 993 2940 nude
1015 2881 1148 2964 intelligi
1168 2875 1270 2960 postu,
1296 2899 1351 2942 cur

319 2983 475 3050 natantia,
510 3001 588 3062 quae
620 2983 654 3041 in
683 2981 823 3044 Pontum
853 2982 930 3041 iacta
957 2979 1043 3048 stunt.
1075 2979 1156 3042 [oras
1179 2981 1349 3062 pellantur;

323 3081 473 3141 columna
495 3081 517 3142 li
539 3083 708 3154 deciderit,
741 3081 911 3144 introrsum
935 3083 1085 3144 minetur.
1144 3083 1247 3145 Strato
1265 3085 1348 3164 apud

320 3179 468 3244 Strabon.
492 3182 546 3245 lib.
569 3203 598 3246 1.
614 3205 646 3267 p.
663 3195 718 3263 54.
738 3181 758 3244 l.
770 3195 829 3261 49.
852 3183 919 3244 loco
936 3185 973 3243 ati
991 3181 1167 3264 Bosporum
1181 3183 1345 3245 Thracium

223 3281 230 3294 ’
320 3303 418 3364 reque
437 3298 530 3368 atque
545 3285 582 3346 ad
603 3283 720 3346 iretrrm
737 3283 929 3345 Gaditanum
954 3285 987 3344 vi
1010 3305 1105 3365 aquae
1123 3285 1228 3346 fluviis
1243 3299 1344 3346 ariciae

318 3400 468 3467 perrupta
494 3385 553 3447 ello
579 3385 743 3449 existimat.
798 3387 997 3466 Experieuria
1021 3401 1053 3446 et
1082 3385 1343 3471 observationibus

319 3486 456 3556 constat.
490 3487 587 3548 Ponti
610 3502 641 3550 et
664 3491 778 3573 Aegaei
800 3490 892 3549 marie
913 3507 1004 3566 aqum
1028 3489 1059 3548 in
1080 3507 1167 3547 mare
1189 3489 1340 3548 internum

319 3585 384 3646 labi
401 3609 459 3650 uec
475 3591 551 3650 inde
569 3589 713 3659 refluere,
740 3604 771 3651 et
788 3608 897 3671 parum
914 3586 1042 3648 effluere
1058 3609 1114 3668 per
1127 3585 1240 3649 fretum
1255 3587 1340 3650 Gadi·

319 3699 430 3749 tanum
449 3692 482 3750 in
500 3689 675 3760 Oceanum,
699 3704 744 3760 ut,
771 3711 843 3752 cum
861 3689 910 3748 lex
931 3689 1017 3749 horia
1039 3691 1115 3749 illud
1139 3693 1170 3750 in
1188 3689 1340 3752 Oceanum

319 3787 446 3862 effluat,
479 3793 625 3853 Oceanus
644 3811 700 3874 per
721 3792 813 3852 horae
833 3802 875 3866 13
898 3791 930 3849 in
955 3809 1040 3850 mare
1065 3792 1225 3852 internum
1246 3793 1337 3874 ingre·

321 3892 439 3962 dictur,
465 3911 570 3972 neque
588 3909 692 3954 tamen
711 3893 769 3952 hac
785 3891 941 3951 undarum
962 3891 1159 3952 invectarum
1176 3893 1258 3974 copia
1274 3911 1335 3953 orae

319 3993 440 4074 egredi.
475 3995 546 4053 vul.
566 3995 732 4054 Furnerina
748 3994 779 4052 in
797 3993 946 4076 hydrogr.
961 4011 993 4069 9.
1013 3995 1045 4054 6.
1066 4014 1098 4072 p.
1118 4005 1199 4071 558.
1222 4007 1248 4054 et
1263 3992 1333 4055 Ouo

318 4091 487 4174 Phylilche
510 4093 748 4159 Erdbelclueib.
767 4095 809 4158 Τ.
832 4113 863 4160 1.
884 4115 917 4180 p.
935 4095 1020 4176 651.
1043 4094 1101 4155 ubi
1122 4096 1158 4156 in
1179 4092 1273 4158 cauln
1291 4097 1335 4156 in·
