2756 4964
218 415 450 476 retroue.
481 415 589 475 uer.
630 415 666 474 1.
687 417 711 474 r.
753 415 786 474 c
806 419 842 482 v.
885 419 963 490 aa.
1055 379 1117 494 ne

58 586 260 671 biproprer
281 610 412 652 nexum
434 608 501 651 vox
516 589 560 652 esl
578 605 735 674 cornrpta.
787 589 829 652 dt
843 590 1033 657 Phoeniciae
1054 599 1116 659 eri·

60 691 136 773 ginis
158 691 290 752 orbern
309 689 407 752 suisa
423 692 591 752 contendit
605 691 777 754 Bochartue
791 693 824 752 in
840 691 989 756 Chanaan
1009 717 1037 768 r,
1057 709 1114 778 aa.

58 811 153 872 neque
170 791 350 854 Graecum
369 792 565 862 Herculem,
600 791 650 855 sed
672 793 883 854 Phoenicium
903 795 966 857 huc
981 797 1116 874 venissea

58 893 190 970 Tyrium
213 896 328 956 etiam
354 892 438 962 huc,
470 908 596 954 remoto
626 895 796 963 Thebano.
828 894 958 956 deducit
980 899 1115 980 Appiae.

58 993 94 1054 de
112 993 214 1056 rebus
237 993 343 1076 Hisp.
369 1011 441 1076 cap.
465 1011 496 1056 a.
514 1007 594 1056 extr.
644 997 728 1058 Cum
754 993 877 1075 Tunger
902 995 969 1078 poli
990 1001 1114 1062 editum

58 1091 162 1166 feerit,
189 1095 361 1158 mnesert
382 1095 467 1155 hanc
487 1093 667 1177 scripturam
682 1097 720 1158 ad
739 1096 942 1158 Phoenicum
960 1099 1113 1184 linguam,

57 1211 153 1278 etper
169 1199 379 1280 emporium
403 1195 745 1277 explicatBochartua,
779 1197 865 1278 quod
887 1201 1017 1280 quidem
1040 1215 1113 1284 apte

55 1296 206 1360 reseravit
221 1301 355 1362 Priuer.
374 1297 418 1358 ael
437 1297 575 1359 Guthrie
597 1331 645 1346 -
667 1296 778 1362 Gesch.
796 1297 867 1362 Vol.
881 1313 914 1376 5,
932 1318 962 1362 e.
977 1321 1009 1383 p.
1030 1317 1109 1384 ¹3⁰·

54 1397 100 1461 Cs.
121 1415 242 1464 tamen
265 1402 376 1462 etiarn
402 1397 443 1459 de
457 1397 631 1460 Phoenicia
653 1401 776 1483 origiue
793 1399 913 1462 Callelii
935 1401 1112 1470 observatio

53 1502 86 1562 de
101 1503 277 1564 columnia
294 1501 555 1562 Phoeniciorurn
571 1501 603 1560 in
618 1499 833 1570 Mauretania.
854 1523 948 1584 quam
964 1503 1111 1570 insertam

53 1601 208 1665 exhibent
228 1604 374 1683 Tempe
399 1599 529 1662 Helvet.
549 1602 589 1663 Τ.
607 1613 640 1678 5.
664 1604 746 1666 Sect.
769 1613 804 1680 4.
834 1621 865 1684 p.
881 1609 1107 1686 594-601.

52 1703 181 1766 sacient
201 1705 275 1764 buc
297 1705 406 1764 etiarn
422 1701 542 1762 Punice
557 1701 720 1784 inscriptio
733 1719 905 1766 memorata
920 1726 937 1766 a
952 1707 1109 1792 Procopio

52 1804 87 1868 de
106 1805 145 1868 B.
167 1805 322 1867 Vandal.
351 1821 387 1871 e.
417 1821 472 1864 ro.
502 1815 536 1865 et
555 1803 734 1868 Phoenices
753 1823 793 1866 ex
813 1803 916 1868 Africa
939 1811 1110 1872 transvecti

51 1907 127 1987 apud
143 1907 280 1969 Melam
302 1921 341 1974 rt,
357 1905 394 1967 6.
408 1899 432 1964 s.
465 1901 579 1966 licum
598 1905 751 1978 aliorum,
774 1906 939 1969 Strabonia
960 1911 1108 1982 maxime,

48 2009 295 2071 narrationibus
318 2023 498 2086 comparer,
521 2006 560 2066 de
578 2006 694 2088 quibua
709 2007 766 2070 ibi.
816 2007 866 2070 dn
885 2007 999 2091 pellea.
1021 2011 1110 2091 quod

51 2111 191 2172 adlirrnat
212 2109 358 2172 Plinina
376 2117 410 2184 5,
432 2125 461 2166 ι.
488 2107 660 2170 aclaudio
681 2107 825 2180 Caesare,
852 2105 926 2170 cum
946 2111 1108 2176 coloniam

51 2207 177 2284 fatuea,
217 2213 318 2272 dicta
342 2205 459 2277 suerit,
497 2207 656 2270 Traducta
678 2210 778 2280 Iulia,
810 2209 897 2272 varie
919 2211 1106 2294 dieputatur,

50 2333 121 2392 quae
138 2313 263 2398 paucis
279 2308 493 2388 complectar.
529 2309 693 2372 Salmasius
707 2311 745 2372 arl
759 2311 860 2374 Selin.
884 2332 911 2374 c.
932 2327 989 2384 27.
1007 2312 1026 2375 s.
1045 2327 1105 2396 94.

48 2433 77 2496 p.
94 2427 182 2495 ²⁰4·
221 2412 415 2475 Bochartue
431 2427 457 2469 c.
478 2409 500 2470 l.
521 2409 555 2471 in
571 2411 683 2494 primia
703 2413 810 2496 magni
831 2415 943 2478 errorie
963 2413 1105 2479 Plinium

49 2515 210 2586 baisane,
250 2512 379 2595 quibua
407 2507 579 2572 adsentitur
600 2507 723 2576 Vosstue
750 2513 788 2574 ad
812 2513 930 2576 Melam
957 2533 987 2586 e,
1012 2519 1045 2591 6,
1068 2535 1103 2598 9.

48 2619 98 2698 qui
115 2617 289 2680 emendat
320 2613 359 2676 C.
383 2611 413 2674 Ι.
440 2603 589 2703 Caesare,
615 2627 647 2674 et
669 2635 743 2675 cum
758 2610 865 2677 Voffio
888 2617 1041 2680 Prideaux
1064 2619 1105 2680 ad

49 2739 212 2782 rumora
231 2715 352 2778 Oxon.
375 2735 409 2773 n.
427 2727 484 2792 57.
501 2735 532 2798 p.
549 2724 628 2794 ι4ι.
645 2719 695 2778 ed.
720 2713 824 2795 1676.
878 2715 1006 2802 Nempe
1029 2739 1103 2781 cnm

48 2821 158 2882 Strabo
186 2833 228 2900 5.
253 2839 290 2901 p.
309 2815 371 2894 96.
392 2812 412 2877 s.
430 2824 510 2894 140.
538 2817 704 2880 Romanoa
726 2837 765 2879 err
787 2817 859 2878 Zela
879 2819 1015 2892 incolae,
1050 2821 1104 2881 ad·

48 2919 158 2985 surntie
188 2919 408 3003 Tingitanie‚
445 2917 479 2975 in
504 2917 687 3001 Hispaniam
713 2919 894 2988 teuderamo,
925 2922 1101 3004 urbemque

48 3023 165 3084 lulium
196 3024 326 3083 laeam
349 3019 372 3079 i.
394 3037 423 3078 e.
452 3016 643 3079 Traductam
669 3019 783 3080 Iuliam
806 3021 967 3102 adpellalse
993 3026 1101 3094 tradat,

49 3145 105 3185 uec
130 3125 172 3186 ad
200 3120 444 3184 Mauretaniam
464 3119 496 3178 irl
518 3133 602 3181 recte
624 3119 732 3182 reserri
761 3141 821 3184 nec
843 3122 980 3184 Claudio
1005 3124 1102 3184 tribui

49 3226 167 3305 puleii,
198 3243 271 3306 quo
290 3223 470 3301 imperante
486 3219 606 3282 obierat
620 3223 742 3284 Strabo.
796 3224 837 3283 Et
858 3222 896 3284 src
919 3223 1047 3286 Petinus
1067 3228 1102 3285 in

52 3329 188 3390 Sueten.
213 3345 252 3408 p.
275 3343 317 3382 rt
328 3334 359 3398 5.
384 3341 423 3382 ex
443 3323 549 3383 nurttie
563 3322 691 3404 probat,
719 3323 789 3405 ipses
806 3323 932 3407 Augusti
951 3327 1102 3406 tempori·

52 3426 108 3492 bea
124 3429 237 3490 Iuliae
251 3424 432 3485 Traductae
447 3443 565 3484 nomen
583 3421 772 3508 Tingitanae
787 3426 906 3486 civitati
923 3425 1099 3491 adhaesisse.

54 3527 104 3591 Cf.
124 3531 233 3590 etiam
250 3525 389 3586 Vaillant
410 3526 443 3583 in
460 3543 547 3586 nram.
563 3525 666 3588 colon.
685 3525 710 3589 l.
733 3547 764 3607 p.
782 3527 843 3608 46.
869 3527 1040 3608 Spanhem.
1058 3529 1099 3590 rle

55 3629 109 3690 usn
130 3665 186 3678 —
213 3647 312 3689 num.
332 3626 369 3687 P.
389 3641 421 3688 a.
439 3645 469 3706 p.
487 3625 570 3704 603.
624 3627 676 3688 Sic
695 3627 834 3690 Ptolem.
854 3641 887 3698 a,
909 3637 943 3708 4.
963 3629 1007 3691 in.
1033 3630 1100 3690 alii·

57 3751 116 3812 que
150 3733 188 3791 in
220 3726 374 3809 Hispania
405 3725 583 3808 producunt
607 3729 849 3791 Traneductem.
909 3729 998 3810 Quae
1024 3751 1097 3792 cum

58 3833 236 3895 concedere
262 3841 395 3913 cogatur
418 3829 599 3890 Harrluinue
621 3831 657 3890 erl
674 3829 814 3890 Plinium
831 3847 858 3890 c.
875 3829 897 3889 l.
925 3830 966 3890 ita
992 3843 1099 3892 tamen

58 3935 135 3994 elabi
159 3933 291 4000 lludet,
330 3943 405 3990 uta
431 3929 564 3992 Claudio
597 3931 630 3992 in
656 3931 797 4014 prillinae
824 3928 910 3991 serlee
932 3945 1097 3994 revocatos

59 4033 141 4098 baille
164 4033 294 4095 incolae
316 4029 505 4101 contendat,
537 4049 634 4113 eaque
659 4033 699 4092 de
721 4029 807 4092 causa
828 4031 923 4093 etiam
944 4031 1096 4104 Plinium,

58 4135 86 4196 iu
118 4133 335 4200 describenda
368 4130 518 4217 Hispania
549 4128 843 4220 diligentissimum,
884 4133 1097 4197 Tranedectae
