2764 4954
315 410 378 478 544
585 401 747 460 Noraa
789 401 1091 459 axacamcaa

321 575 406 638 cullo
424 595 451 638 c.
467 590 527 640 nt.
546 576 591 639 in.
622 576 705 638 Plin.
725 585 758 655 5,
786 587 839 654 18.
857 573 878 638 l.
897 594 955 640 ar.
979 574 1202 657 Epidaphrren
1225 575 1274 637 uti
1288 573 1346 636 edi·

324 675 395 760 tur)
420 671 500 764 πρὸς
519 671 669 764 Δάφνην.
694 679 880 756 (Hierocles
894 699 925 762 p.
944 680 1051 755 711¹.)
1090 679 1128 740 ln
1146 678 1254 739 nomia
1273 675 1350 737 addi·

324 792 376 839 tur
398 773 477 866 πρὸς
497 767 620 870 Arispai,
641 779 693 841 vel
716 774 868 866 Δάφνην.
921 779 1020 863 Quod
1053 781 1087 840 in
1113 779 1219 841 Taciti
1246 776 1350 839 huual

327 895 360 944 a.
387 892 446 958 83.
477 880 686 962 Epitaphuae
710 879 852 942 scribitur
879 878 1015 943 seorsum
1033 880 1071 942 ab
1094 879 1159 962 ipla
1183 877 1349 944 Antiochia.

324 981 477 1042 vitiatum
500 980 553 1044 est.
592 981 818 1044 Antiochenses
837 995 870 1044 et
887 979 1091 1062 Daplrnenlea
1109 983 1230 1044 reatina
1247 978 1351 1059 separat

325 1083 460 1164 Eutrop.
480 1083 513 1151 6.
535 1091 588 1164 14.
604 1081 625 1146 l.
647 1102 702 1147 rr.
735 1084 869 1164 Propter
884 1084 1034 1144 viciniam
1052 1096 1160 1144 tamen
1176 1079 1352 1143 Antiochiae

324 1177 517 1270 προάστειον
542 1197 674 1246 vocatur
697 1204 714 1246 a
736 1185 843 1246 Diune
860 1197 918 1261 51,
943 1201 976 1260 7.
998 1195 1031 1245 et
1052 1184 1136 1255 aliie.
1174 1184 1216 1244 de
1236 1201 1298 1262 quo
1318 1175 1352 1238 cl

326 1297 448 1366 praeter
465 1302 510 1354 ea,
531 1301 610 1366 quae
622 1287 723 1346 adtuli
738 1285 776 1346 ad
791 1287 926 1367 Eutrop.
940 1304 968 1348 c.
986 1283 1007 1346 l.
1032 1284 1187 1348 Cellariuc
1201 1285 1234 1344 in
1245 1281 1353 1363 Geogr.

326 1397 393 1446 ant.
411 1398 442 1463 3.
465 1399 518 1454 ra,
538 1397 595 1464 35.
623 1400 657 1448 et
677 1387 720 1447 du
738 1384 849 1448 Frelue
867 1387 903 1448 ad
920 1385 1042 1450 Chaon.
1061 1385 1210 1448 Pascbale
1227 1404 1261 1466 p.
1276 1391 1353 1462 4158.

327 1485 440 1546 Venet.
493 1484 559 1568 lpla
574 1486 742 1550 Antiochia
765 1485 825 1548 luit
847 1481 1060 1574 τετράπολις,
1087 1489 1162 1569 quia
1184 1504 1225 1546 ex
1241 1493 1266 1566 4
1282 1479 1357 1542 urbi·

328 1584 387 1646 bus
410 1587 573 1666 paullatim
594 1603 786 1660 accreverat,
819 1590 867 1649 uti
890 1601 992 1650 rrarrat
1014 1588 1127 1651 Strabo
1145 1587 1214 1650 αἱ.
1236 1585 1355 1663 aliique.

328 1686 539 1750 Conditorem
561 1689 671 1750 habuit
690 1690 858 1752 Seleucum
876 1688 1070 1759 Nicatorem.
1094 1703 1131 1750 ut
1151 1685 1358 1771 cognomines

332 1802 375 1865 15
396 1789 544 1870 reliquae,
567 1791 748 1872 (Appianae
764 1812 790 1854 c.
806 1791 848 1866 l.)
873 1811 889 1852 a
905 1792 994 1852 cuiue
1012 1803 1100 1872 patre
1116 1788 1224 1874 ipsum
1245 1801 1357 1847 nornen

328 1881 460 1950 ductum
483 1904 564 1961 erat,
590 1893 747 1974 (Appiau.
766 1912 793 1955 c.
815 1892 837 1955 l.
872 1890 1023 1952 Libaniua
1044 1892 1115 1954 Vol.
1136 1911 1168 1954 a.
1190 1908 1262 1972 pag.
1281 1899 1358 1963 30¹·

330 1990 464 2068 lleiak.)
490 1992 544 2054 etii
557 2012 573 2052 a
588 1993 653 2054 filio
669 1994 786 2056 voluat
806 1993 931 2054 Mulelae
950 1992 983 2052 in
1001 1991 1124 2055 Chrou.
1142 1989 1201 2052 lib.
1214 2001 1249 2066 8.
1264 1983 1357 2068 p.86·

329 2104 362 2152 et
378 2092 487 2154 chron.
505 2092 652 2155 Paschale
673 2114 704 2176 p.
722 2103 780 2174 54.
801 2095 880 2156 Ven.
907 2092 1023 2156 [cilicet
1037 2095 1111 2174 quia
1134 2112 1152 2153 a
1174 2103 1265 2175 patre
1283 2101 1359 2146 mor·

330 2207 385 2254 tuo
402 2195 433 2254 id
456 2195 591 2255 minime
608 2195 674 2256 lieri
697 2209 829 2277 putant;
855 2207 949 2274 atque
971 2193 1047 2256 hinc
1066 2190 1150 2256 forte
1168 2210 1229 2274 pro
1246 2179 1361 2270 ποτοῦ)

330 2312 442 2377 margo
476 2293 559 2357 Cod.
587 2295 702 2357 Bavar.
731 2291 845 2370 παιδος
873 2293 1087 2356 substituebat.
1141 2286 1358 2356 Memorabilia

331 2393 422 2470 (lunt
464 2409 571 2456 autem
604 2397 760 2478 plurima)
800 2398 877 2456 haec
916 2393 980 2458 lere
1015 2391 1218 2456 adferuntur.
1291 2385 1359 2450 ruit

330 2497 482 2575 primaria
506 2494 582 2557 urbe
607 2498 716 2574 Syriae
739 2495 912 2578 (Iosephus
934 2497 973 2557 de
996 2495 1033 2558 Β.
1051 2495 1121 2558 lud.
1141 2509 1176 2573 3,
1193 2511 1228 2564 Ω,
1243 2501 1278 2570 4.
1312 2479 1356 2548 Cf·

331 2594 513 2680 Weileling.
537 2597 576 2656 ad
599 2597 741 2659 Hieroel.
765 2618 795 2678 p.
814 2613 854 2671 71
869 2599 917 2674 ι.)
943 2596 1087 2678 adeoque
1107 2609 1208 2677 caput
1230 2591 1315 2656 auae
1330 2595 1358 2646 et

334 2693 484 2760 Orientis.
513 2697 598 2758 Hinc
612 2699 646 2758 in
664 2699 771 2760 numia
789 2695 878 2780 saepe
894 2692 1096 2787 μητροπολις
1111 2697 1253 2758 additur.
1274 2685 1358 2774 (Vid.

334 2795 457 2858 Eclrhel
478 2797 583 2865 doctr.
603 2818 693 2862 num.
713 2799 749 2861 P.
772 2819 801 2860 r.
825 2799 894 2860 Vol.
917 2812 949 2878 3.
980 2817 1053 2882 pag.
1073 2799 1145 2874 268
1162 2793 1250 2880 qu.)
1295 2786 1360 2852 Fuit

277 2911 279 2922 ’
334 2911 496 2975 praeterea
536 2896 623 2962 ledea
657 2900 874 2962 doctrinarum
906 2899 1139 2980 doctorumque
1176 2895 1358 2960 hominum

335 2997 462 3073 (Cicero
479 3017 536 3082 pro
552 3001 666 3061 Archia
682 3019 709 3062 c.
726 3001 773 3080 5.)
799 2998 985 3063 Christiania
1001 2999 1114 3061 eadem
1128 3017 1251 3060 nomen
1268 2990 1357 3054 dedit.

333 3101 454 3174 (Actor.
470 3121 481 3160 ι
496 3122 524 3170 ι,
540 3099 611 3178 26.)
635 3101 768 3163 undeet
783 3099 904 3183 postera
919 3111 1022 3163 aetate
1031 3097 1116 3163 Θεοῦ
1131 3093 1229 3173 πόλις
1241 3095 1262 3160 l.
1272 3076 1360 3155 θεοὺ-

336 3197 428 3274 πολις
441 3205 525 3262 dicta
541 3201 593 3270 eil.
607 3202 761 3283 (Procop.
776 3203 816 3263 de
833 3202 955 3264 aedific.
971 3213 1004 3278 5,
1023 3211 1055 3278 5.
1073 3202 1143 3277 ——)
1166 3197 1255 3282 quod
1272 3188 1359 3254 tradit

335 3301 470 3364 lllalalae
486 3305 519 3364 in
534 3303 705 3386 chronogr.
724 3301 778 3362 suh
795 3302 968 3364 iustiniano
983 3322 1015 3384 p.
1026 3302 1084 3365 61.
1098 3301 1177 3376 Ven,
1203 3321 1221 3362 a
1238 3298 1360 3376 Symeo-

334 3423 376 3466 ne
393 3404 616 3488 Thamaturgo
633 3403 675 3464 ub
688 3418 850 3484 repertum
867 3403 912 3464 ibi
932 3401 995 3464 huc
1015 3401 1196 3466 oraculum:
1229 3389 1293 3462 lini
1314 3380 1358 3456 οἷο

333 3500 477 3569 τάλαινα
502 3497 607 3584 πόλις,
630 3498 803 3588 Ἀντιόχου
820 3493 858 3567 οὔ
876 3499 1025 3591 κληθήσῃ
1031 3522 1043 3580 3
1070 3515 1102 3563 at
1118 3502 1261 3564 nominis
1274 3493 1359 3556 huius

335 3622 499 3685 aucturerp
533 3606 743 3668 lulliuianum
776 3604 852 3666 facit
881 3605 1098 3688 Theophanes
1129 3604 1163 3664 iu
1196 3603 1355 3675 chronop-

336 3729 367 3789 ι).
393 3724 471 3772 rar.
491 3709 570 3769 Van.
593 3727 667 3768 cum
690 3720 789 3768 terrae
807 3718 899 3767 motu
917 3723 1019 3788 paene
1039 3705 1178 3766 dirutam
1200 3691 1355 3766 excitasset.

336 3811 463 3888 qualem
480 3808 696 3870 calamitatem
718 3805 773 3866 lub
795 3807 938 3868 Traiano
960 3819 1089 3888 experta
1109 3818 1186 3867 erat.
1215 3793 1355 3888 (Oroslus

338 3923 370 3982 7,
394 3909 471 3994 aa.)
504 3909 744 3970 Amoenitarem
762 3908 826 3968 loci
841 3907 940 3970 ctiam
956 3905 1053 3968 hodie
1068 3907 1201 3967 laudant
1216 3904 1355 3968 itinerum

336 4024 544 4080 enarratores,
570 4009 673 4072 veluti
693 4005 849 4076 Niebuhr.
872 4005 929 4070 etii
946 4008 1024 4070 vilae
1040 4008 1239 4089 humileeque
1253 4001 1355 4064 dom⁰⁸

338 4107 502 4175 [ucceffille
536 4113 572 4174 in
605 4109 752 4194 priilinae
784 4109 1044 4196 magnificentiae
1083 4109 1192 4174 locum
1223 4103 1354 4172 monent.
