2922 4958
349 405 412 482 orn
503 447 507 454 ,
618 409 781 466 norae
821 407 1121 468 axccnrrcta

352 583 392 646 ad
412 577 550 661 Hesych.
572 581 719 644 Tounu.
741 600 773 662 p.
791 589 874 659 234.
898 581 1090 664 Apolloniua
1112 582 1176 644 llh.
1194 602 1223 644 c.
1242 583 1266 645 l.
1295 582 1403 646 sinti·

355 685 469 746 tribuit
494 680 643 770 ἐρημαῖον
668 679 756 771 μέγα
779 678 898 744 πεδίον.
951 683 1055 766 Prope
1082 683 1303 754 Cimmerios.
1339 684 1403 766 poll

355 787 478 849 Tanain
499 799 531 846 et
555 784 770 851 Sruromatar.
803 798 931 862 ponunt
953 786 1125 863 Dionyllut
1147 787 1286 866 eiusque
1308 788 1403 846 inter·

355 899 461 971 pretet
478 881 594 954 [atim.
614 897 647 945 et
663 884 829 946 Maeoticis
844 885 972 966 populis
987 888 1174 948 adnumerat
1192 885 1314 947 Strabo
1329 907 1402 947 cum

358 988 454 1050 Mela.
489 984 539 1048 cf.
557 999 590 1048 et
606 985 785 1067 Stephanus
799 985 831 1047 h.
849 1007 881 1047 v.
904 998 937 1048 et
956 1007 1037 1066 quae
1051 1005 1090 1046 ex
1108 987 1275 1048 Hellanico
1291 989 1403 1048 retulit

357 1089 465 1154 schot.
484 1088 657 1169 Apollonii.
693 1086 833 1169 Quidam
850 1087 946 1148 etiam
960 1087 1035 1150 telle
1049 1089 1211 1170 Stephano
1228 1087 1403 1150 Μαιωτιῦο

358 1185 564 1276 ἂπόοποσμα
591 1189 749 1249 dixerunt.
808 1188 848 1248 ln
870 1188 997 1270 Europa
1023 1201 1130 1250 tamen
1154 1191 1272 1252 Sindoa
1305 1187 1401 1272 ponit

358 1311 459 1375 prope
492 1289 655 1352 Achilleon
686 1287 823 1349 dromon
854 1289 1012 1350 durmiau.
1038 1306 1096 1358 22.
1121 1303 1156 1366 8.
1188 1309 1312 1370 eoaque
1334 1289 1402 1372 poll

358 1392 474 1454 herilee
489 1392 522 1450 in
538 1389 605 1451 Alia
622 1387 706 1451 caluo
720 1389 877 1472 coniugiis
891 1389 1101 1452 dominorum
1118 1405 1150 1452 et
1163 1391 1259 1452 relma
1276 1393 1401 1472 potitos

359 1491 421 1555 elle
440 1489 551 1560 refert,
586 1489 674 1551 uude
695 1503 727 1551 ct
745 1489 906 1570 degeneres
925 1504 1019 1552 vocat
1037 1491 1138 1552 Valer.
1164 1493 1265 1553 Flacc.
1283 1493 1320 1560 6.
1338 1494 1398 1569 36.

360 1593 447 1656 Hinc
465 1605 497 1653 et
514 1591 647 1672 Scythia
662 1589 796 1650 sandica
812 1589 832 1651 l.
850 1589 980 1651 Sindica
993 1593 1030 1653 ad
1046 1593 1210 1674 Hypanim
1224 1594 1259 1652 in
1269 1593 1403 1674 Europa

361 1705 629 1756 commemoratur
640 1711 658 1752 a
670 1691 778 1753 Plinio
791 1701 825 1768 4.
843 1689 1002 1756 26.l.12.
1021 1693 1185 1774 potestque
1201 1694 1263 1754 buc
1277 1692 1400 1762 referri.

361 1795 447 1877 quod
468 1795 508 1856 de
526 1793 650 1872 Scythia
664 1810 840 1873 eommque
855 1791 1009 1854 uxoribus
1024 1812 1127 1855 narrat
1149 1795 1254 1855 lustin.
1271 1810 1306 1862 ο.
1328 1810 1362 1870 3.
1379 1792 1400 1856 i.

362 1895 493 1958 Nostroe
511 1909 618 1955 autem
639 1887 829 1980 ἀγερώχους
843 1907 935 1954 vocat
949 1893 1098 1976 Orpheus
1112 1915 1138 1955 c.
1159 1897 1179 1957 l.
1210 1897 1399 1976 sepulturae

361 1999 461 2060 ritum
478 1996 561 2078 apud
579 2015 633 2056 eoa
649 1993 796 2053 usrmtum
819 2011 1051 2056 commemorat
1068 1995 1218 2057 Nicolaua
1236 1997 1402 2056 Damasce-

362 2119 424 2160 nua
440 2117 468 2158 c.
484 2098 505 2159 l.
544 2095 630 2177 lploe
643 2095 756 2156 Zichoe
771 2095 864 2155 etiam
883 2096 985 2157 dictos
1002 2093 1108 2166 inille,
1134 2099 1184 2157 rel
1199 2119 1216 2157 a
1232 2097 1402 2160 nonnullis

360 2199 503 2268 habitor,
528 2210 619 2257 notet
643 2195 822 2257 Eustathina
848 2197 884 2254 ad
911 2195 1044 2276 Dionys.
1060 2219 1092 2260 v.
1107 2199 1190 2271 680.
1235 2199 1402 2260 Sindonea

361 2299 458 2362 nollri
485 2297 570 2361 ledea
591 2299 670 2360 olim
696 2295 873 2358 habuerunt
895 2297 929 2356 in
956 2297 1112 2360 hodierna
1137 2301 1271 2384 regione
1301 2305 1400 2378 Anop

363 2399 386 2464 l.
404 2407 531 2478 Acopa.
569 2396 620 2462 Cl.
641 2399 802 2482 lleinegge
819 2398 859 2460 T.
883 2417 910 2458 ι.
930 2417 960 2478 p.
979 2413 1063 2474 277.

444 2491 691 2588 Dioscorias
697 2503 716 2578 )
767 2499 877 2560 Graeci
900 2496 964 2560 iere
986 2493 1214 2586 Διοσκουριὰς.
1241 2515 1279 2562 ut
1301 2501 1397 2562 docui

361 2601 397 2662 ia
413 2601 496 2660 uruit
512 2601 627 2660 criticia
646 2620 676 2679 p.
695 2600 778 2678 629.
821 2601 859 2659 ln
879 2599 997 2660 Latinis
1012 2603 1109 2662 modo
1126 2623 1164 2670 u.
1192 2605 1291 2664 modo
1314 2623 1334 2662 o
1351 2621 1398 2664 re·

362 2701 494 2784 peritur.
537 2702 573 2760 ln
589 2701 715 2778 Scylace
730 2720 760 2780 p.
777 2712 835 2775 32.
853 2698 952 2762 Hudi.
976 2701 1071 2763 exilat
1085 2699 1275 2789 Arocucupr'r
1292 2697 1398 2778 πόλις.

362 2802 446 2883 quod
464 2802 503 2862 ad
519 2801 662 2862 usitatam
684 2798 819 2861 formam
836 2815 964 2862 revocat
981 2797 1121 2875 Velitum
1145 2804 1178 2862 iu
1193 2805 1343 2886 Appiano
1359 2809 1400 2864 de

363 2903 513 2970 Mithrid.
536 2921 562 2963 c.
587 2921 665 2967 tor.
688 2898 718 2965 ἐν
740 2891 945 2988 Διοσκούροις
963 2899 1088 2964 forsitan
1105 2903 1144 2964 de
1162 2919 1276 2988 gente,
1300 2925 1399 2986 quam

363 3018 399 3068 et
426 3003 627 3086 Tyndaridas
648 3018 740 3064 vocat
762 3002 895 3081 Dionyl.
917 3023 951 3065 v.
971 3005 1056 3084 689.
1083 3017 1115 3065 et
1134 3025 1172 3065 ex
1192 3024 1232 3066 eo
1246 3005 1398 3070 Priscian.

366 3127 400 3167 v.
412 3107 495 3177 670.
518 3106 569 3166 vel
583 3107 622 3167 de
639 3105 725 3165 urbie
739 3105 861 3174 incolit,
880 3106 926 3164 uti
942 3117 974 3166 et
989 3106 1137 3190 intelligit
1152 3109 1399 3178 Wernedorfiur.

281 3265 291 3280 ,
365 3209 423 3288 qui
440 3208 534 3267 etiam
550 3225 622 3268 curn
637 3207 771 3268 Cellario
784 3206 818 3266 in
835 3204 951 3288 Geogr.
962 3219 994 3281 3.
1008 3223 1042 3285 9.
1063 3225 1118 3284 ¹9·
1138 3207 1178 3266 de
1193 3207 1285 3268 limili
1301 3209 1401 3269 Plinii

364 3305 503 3368 lectione
517 3305 549 3376 6,
564 3316 598 3388 4.
619 3305 739 3370 conluli
761 3305 872 3388 potest.
908 3300 1096 3394 Διοσκουρὶς
1113 3301 1210 3393 χώρα
1225 3307 1268 3369 eli
1283 3311 1316 3368 in
1334 3310 1400 3370 Eu·
1449 3345 1450 3356 ο

363 3406 476 3471 stathio
497 3409 535 3468 ad
559 3406 689 3488 Dionys.
711 3429 744 3470 v.
767 3408 850 3484 637.
907 3407 1036 3468 Nomen
1058 3407 1151 3469 fluxit
1176 3428 1192 3468 a
1217 3401 1400 3500 Dioscurir,

364 3510 472 3591 quales
493 3529 550 3590 per
569 3509 787 3571 excellentiam
805 3521 958 3570 vocantur
974 3507 1081 3571 Castor
1097 3523 1129 3572 et
1149 3509 1284 3580 Pollux.
1310 3525 1399 3573 'tam-

365 3629 461 3694 quam
477 3611 546 3672 eiua
561 3609 791 3678 conditoribus.
813 3627 892 3690 quoe
906 3626 938 3671 et
954 3607 1129 3694 agnoscunt
1146 3609 1209 3680 alii,
1230 3625 1268 3671 ut
1283 3613 1398 3695 Appia·

363 3729 467 3774 uuae.
490 3711 510 3772 l.
545 3711 665 3795 Hygin.
689 3709 851 3787 iab.275.
880 3711 985 3774 lfidor.
1005 3711 1094 3794 Orig.
1116 3725 1171 3786 15,
1193 3729 1223 3774 t.
1259 3711 1399 3777 Milelin-

363 3833 436 3875 rum
450 3811 611 3874 coloniam
627 3814 705 3872 dicit
718 3813 837 3872 Arrian.
852 3831 884 3892 p.
894 3833 937 3874 m.
953 3831 1007 3876 rr.
1035 3812 1130 3895 Quod
1148 3811 1259 3874 Noller
1275 3811 1398 3876 scribit:

363 3915 505 3976 Pontum
538 3907 679 4004 ingreffir
711 3915 964 3998 Argonautarum
979 3953 982 3960 «
995 3913 1232 3995 expeditionem
1268 3911 1396 3996 spectat.

362 4015 536 4096 Antiquiua
557 4027 664 4076 tamen
689 4034 809 4077 nomen
832 4011 929 4074 fertur
951 4015 1033 4084 Aea,
1066 4017 1152 4095 quod
1173 4033 1212 4075 ex
1236 4013 1398 4082 Nicanore

362 4115 465 4180 adfert
480 4115 658 4198 Stephanus
670 4117 704 4180 h.
720 4137 753 4178 v.
776 4111 840 4197 ipse
860 4113 1057 4178 Colchorum
1080 4115 1191 4178 urbem
1214 4131 1329 4190 vocat,
1361 4131 1398 4180 ut

362 4217 522 4284 Herodot.
539 4233 572 4296 7,
596 4233 676 4300 ι97.
699 4216 740 4284 cf.
764 4229 844 4300 ¹95·
869 4216 1018 4300 Apellen.
1034 4217 1143 4283 lihod.
1159 4231 1192 4290 ο,
1214 4231 1321 4298 1095.
1345 4251 1396 4270 -
