2764 4954
184 385 239 442 IN
267 384 406 442 POMl’.
437 383 545 441 MEL.
586 385 622 441 L.
644 387 667 440 1.
711 385 816 442 CXl.
858 383 937 457 Η.
1021 397 1084 466 559

59 555 209 620 confusos.
240 577 445 622 πιαίνου.
497 558 574 620 Non
591 557 681 644 quod
700 571 816 620 auctor
832 553 971 620 innuere
987 555 1081 632 velit,

59 659 286 743 huncquoque
308 679 420 742 regem
437 676 512 722 ante
527 655 694 720 dilutiurn
712 655 844 731 vixiffe,
877 679 976 744 quern
995 655 1083 742 ipsae

57 759 173 822 fabulae
188 761 333 822 Graecae
348 757 518 822 manifeste
534 757 727 822 adtribuunt
741 755 945 843 temporibus
960 757 1080 832 Persei,

56 859 131 920 unde
153 877 246 944 patet
266 859 338 922 eius
362 858 595 944 chronologia,
623 861 676 924 sed
693 861 782 946 quod
798 857 897 922 etiam
911 859 981 944 post
997 857 1081 923 dilu-

54 959 134 1022 tium
150 961 261 1047 aliqua
278 959 324 1023 ibi
340 959 553 1044 contigerint,
576 981 661 1046 quae
675 959 765 1024 illius
779 957 870 1024 urbis
884 959 1081 1032 memoriam

55 1059 169 1125 faciunt
185 1059 348 1125 nobilem.
382 1083 408 1127 r.
434 1082 633 1126 ononovtrt
651 1063 727 1130 MS.

108 1222 262 1322 signo)
310 1234 336 1294 Ι.
352 1253 380 1294 e.
403 1247 606 1316 argumento.
647 1228 704 1294 Sic
729 1227 846 1294 Graeci
868 1230 997 1322 σημεῖον
1016 1249 1078 1316 pro

51 1329 227 1420 τεκμήριον,
260 1323 438 1422 μαρτύριον
462 1349 601 1416 ponunt.
648 1333 699 1396 cf.
723 1335 951 1406 Gottlcberus,
978 1353 1078 1418 quem

51 1428 168 1512 pietatis
193 1431 297 1500 etiam
319 1433 412 1496 caula
440 1431 595 1507 nomino,
629 1431 665 1499 in
688 1431 801 1496 indice
824 1431 1018 1498 Graecitatis
1040 1431 1076 1498 in

51 1532 182 1598 Platonis
198 1536 426 1600 ltlenexenum
441 1535 462 1596 l.
480 1555 511 1604 v.
531 1533 671 1624 σημεῖον.
705 1537 794 1598 Tum
809 1555 887 1596 vero
905 1555 1076 1619 argumen-

51 1647 110 1696 tum
127 1636 190 1698 hoc
213 1635 307 1696 sensu
330 1631 398 1700 dici
426 1637 513 1724 polle
531 1653 630 1720 puto,
665 1657 742 1700 cum
766 1633 802 1698 in
823 1635 930 1698 sensus
954 1633 1077 1700 incidit

50 1733 142 1808 notis,
173 1735 312 1810 formis,
345 1733 505 1821 gestibus,
533 1752 668 1800 externo
691 1733 826 1808 hahitu,
851 1734 1000 1799 moribus
1022 1766 1074 1782 —

51 1832 96 1900 Sic
115 1838 225 1922 Nepos
252 1851 310 1916 25,
340 1854 395 1914 17,
423 1856 454 1900 o.
477 1839 536 1902 hoc
555 1835 600 1932 fi
621 1834 757 1928 figurent,
783 1835 901 1899 trullam
922 1839 1004 1900 inter
1021 1858 1076 1900 sos

49 1939 264 2016 querimoniam
283 1929 479 2034 interceffiffe
499 1973 549 1990 -
576 1953 610 2004 et
632 1941 674 2006 stc
699 1935 797 2012 alibi,
823 1951 862 2002 ut
876 1939 934 2006 vel
950 1935 1076 2004 Lexica

50 2035 165 2104 docent.

110 2209 283 2273 titulum
292 2209 311 2293 )
345 2211 386 2272 H.
404 2229 431 2272 e.
455 2205 721 2296 inscriptionem
748 2223 785 2272 ut
802 2207 884 2270 adeo
896 2203 1075 2274 videantur

49 2327 119 2382 orae,
145 2331 230 2396 quae
254 2309 311 2376 hic
325 2327 562 2384 memorantur,
587 2309 680 2374 fuisse
699 2308 777 2382 illis,
803 2325 970 2394 tamquam
985 2306 1074 2384 Diis,

51 2425 95 2471 ant
109 2409 268 2475 heroibus
285 2409 469 2496 inscriptae.
497 2431 712 2476 euntzontvs.
763 2411 816 2473 Est
834 2407 990 2494 elogium,
1012 2430 1072 2472 no·

49 2528 111 2572 men
127 2510 191 2574 aris
212 2511 428 2598 inscriptum,
455 2510 566 2575 addita
589 2510 689 2576 etiam
711 2511 813 2584 forte,
840 2527 878 2572 ut
899 2511 995 2584 solet,
1021 2509 1072 2574 rei

50 2605 221 2698 infigni'oris
251 2613 356 2696 geilae
384 2611 566 2676 notatione.
617 2610 689 2675 Vid.
717 2609 868 2680 Suetonii
891 2615 952 2676 lul.
979 2613 1073 2678 Caes.

51 2729 108 2796 cap.
124 2731 180 2792 37.
197 2715 220 2778 f.
251 2715 352 2777 Galba
369 2735 439 2797 cap.
459 2735 490 2777 o.
518 2709 668 2797 Caligula
683 2734 710 2776 c.
730 2729 787 2792 32.
810 2729 842 2775 et
856 2703 1070 2788 ihi'Pitiscus,

52 2807 118 2876 item
129 2819 279 2878 Polletus
293 2813 328 2877 in
342 2813 474 2876 historia
490 2814 553 2877 fori
568 2811 708 2876 Romani
722 2829 802 2876 extr.
834 2810 922 2876 Hinc
935 2811 1071 2898 saepissi-

51 2931 93 2974 me
107 2918 144 2978 tle
159 2914 433 3002 inscriptionibus
449 2914 683 3001 sepulcralibus
699 2911 833 2986 dicitur,
861 2914 902 2975 tle
920 2934 985 2999 quo
1002 2912 1071 2978 uid.

51 3013 253 3080 birchmann.
278 3019 319 3080 de
341 3014 513 3080 funeribus
531 3033 564 3095 3,
593 3035 648 3097 19,
671 3035 701 3078 o.
740 3011 882 3077 Vorllius
902 3015 945 3078 ad
966 3017 1072 3078 Valet.

51 3113 123 3182 blax.
137 3123 170 3192 6,
188 3131 223 3197 8,
246 3121 281 3183 6.
304 3133 336 3180 et
349 3139 432 3203 quos
446 3115 601 3202 producit
613 3115 871 3181 Bunemarnnad
879 3118 1025 3178 Lactant.
1040 3138 1071 3188 1,

56 3231 99 3299 15,
117 3237 173 3298 30.
216 3217 274 3282 Sic
289 3217 375 3281 inlra
388 3217 423 3280 in
434 3217 549 3280 Nostro
567 3235 601 3298 3,
620 3241 650 3290 1,
666 3229 698 3293 8.
715 3219 812 3282 turris
825 3214 959 3310 Augusti
975 3217 1072 3280 titulo

51 3321 257 3384 memorabilis.
316 3321 403 3382 Nota
436 3319 479 3380 est
509 3317 603 3386 vocis
633 3315 685 3379 vis
720 3339 760 3378 ex
788 3313 920 3378 historia
953 3313 1072 3380 mortis

53 3417 165 3486 Christi.
217 3423 376 3486 Ceterum
395 3421 435 3484 de
458 3416 523 3486 aris
540 3417 607 3486 iltis
624 3421 714 3484 nulla
731 3417 818 3506 apud
839 3415 921 3481 alios
942 3414 1073 3484 inveni-
1120 3463 1126 3476 .

52 3532 94 3581 tur
111 3522 249 3588 mentio.

112 3684 383 3781 fratrisque)
434 3687 654 3757 Consentiunt
684 3685 826 3754 Ovidius
850 3681 1070 3774 Metamorph.

55 3801 82 3865 52
99 3809 136 3870 13
150 3795 217 3880 sqq.
250 3793 441 3879 Apollodor.
461 3812 491 3866 o,
513 3804 548 3872 4,
567 3809 600 3870 3.
635 3793 774 3852 Tzetzes
797 3791 837 3852 ad
859 3791 1068 3874 Lycophron-

54 3909 79 3954 ἵ.
93 3903 170 3971 838.
192 3893 316 3982 aliique
332 3898 455 3980 plures.
505 3891 644 3956 Faciunt
663 3908 774 3954 autem
789 3891 871 3954 haec
888 3891 929 3952 ad
944 3891 1068 3952 Andro-¹

54 3995 186 4068 medam,
222 3995 345 4083 quippe
377 3993 474 4059 cuius
509 4010 601 4079 pater
632 3991 697 4056 fuit
730 3993 900 4076 Cepheus,
937 3991 1070 4076 sponsus

53 4089 202 4172 Phineus,
244 4113 283 4164 ut
313 4097 449 4164 uadunt
487 4111 648 4162 auctores·
678 4108 774 4157 antea
808 4089 1089 4166 commemorati„
