2764 4954
129 401 494 462 muniturum.
534 400 615 458 nr.
660 401 766 460 nuu
808 399 888 472 ιγ.
971 409 1033 480 ²99

7 578 112 638 dotum
127 573 361 660 Aegyptiorum
376 572 519 654 plerique
531 571 672 635 eundem
688 571 792 636 Osirin
805 585 967 658 putarunt,
984 571 1039 634 vel

10 679 129 740 Ofiridie
152 677 349 761 imaginem,
378 688 416 736 ut
437 672 534 736 refert
554 673 712 737 Plutarch.
736 674 776 736 de
800 675 879 738 liide
903 695 934 758 p.
952 683 1038 757 43⁰.

10 781 70 858 (ed.
87 776 195 860 Lipi.)
232 776 348 839 Osuidi
365 773 483 838 [acrum
497 773 585 838 inille
602 773 739 837 scribunt
755 775 868 838 Strabo
888 790 942 850 17.
966 795 1040 860 pag.

14 891 85 957 555.
100 879 123 942 l.
140 891 229 957 307.
259 891 293 940 et
316 877 453 940 Diudur.
479 896 509 948 ι,
534 893 593 940 21.
624 889 657 938 et
681 896 779 958 aeque
802 877 920 939 lacrum
943 877 1043 937 alium

12 982 130 1052 bovem,
149 979 303 1049 Ninevin,
320 979 511 1063 adiungunt,
526 977 637 1040 Strabo
647 979 777 1060 quidem
791 999 821 1060 p.
832 993 852 1056 5
858 991 916 1056 53.
926 975 946 1042 i.
957 989 1042 1056 305.

12 1083 190 1144 Secundum
202 1080 370 1142 Aelianum
387 1097 414 1140 c.
429 1081 450 1142 l.
471 1078 537 1140 Oro
552 1079 590 1140 ab
604 1081 769 1164 Aegyptiis
783 1081 975 1142 edlrmiletue
990 1077 1042 1140 eil.

14 1185 108 1245 Sedin
123 1183 190 1251 hie,
214 1195 251 1240 nt
267 1181 313 1250 fit,
338 1199 450 1262 parum
472 1180 527 1240 fibi
548 1181 690 1242 eonllant
709 1193 862 1252 auctora,
888 1199 949 1242 nec
970 1199 1045 1242 con·

15 1285 149 1346 luerunt
166 1281 226 1363 ipfi
246 1281 407 1365 Aegyptii.
455 1281 598 1342 Fuerunt
612 1283 703 1351 adeo.
729 1283 785 1362 qui
802 1281 972 1364 loiephum
987 1281 1046 1342 han

14 1387 144 1470 imagine
158 1383 285 1444 cultum
300 1382 533 1452 arbitrarentur.
550 1401 630 1464 quoe
645 1402 713 1444 non
729 1403 848 1446 moror.
881 1379 1046 1464 Μέγιστον

12 1484 79 1549 §eiu
95 1499 208 1546 tamen
223 1484 406 1566 praedicant
423 1496 545 1544 tantum
562 1503 627 1544 non
644 1502 766 1547 omnee.
800 1485 887 1548 Cum
899 1483 1048 1566 Memphi

13 1587 164 1669 templum
182 1585 324 1655 haberet.
356 1603 373 1646 e
390 1585 530 1648 Lucieno
553 1587 587 1645 in
606 1587 747 1646 Deorum
764 1586 878 1648 concil.
902 1605 968 1666 erp.
992 1603 1046 1648 ro.

14 1685 193 1776 Μεμφίτης
214 1685 336 1773 ταῦρος
350 1697 494 1749 vocetur.
526 1685 654 1748 Praeter
670 1705 716 1756 ee.
738 1707 817 1767 quae
833 1685 945 1750 Noller
962 1705 1049 1748 com·

15 1802 186 1858 memorat,
220 1789 328 1849 notari
355 1785 453 1850 etiem
477 1787 580 1870 potest
601 1787 671 1851 eiue
701 1789 884 1862 oracutum,
919 1789 1050 1870 quoda

16 1891 117 1954 multi·
141 1887 333 1952 celebretur.

79 2090 155 2154 lros
189 2087 329 2174 niger)
378 2093 535 2158 Herodut.
558 2107 591 2174 3,
615 2107 674 2174 25.
700 2089 821 2182 μέλας,
848 2083 899 2158 ἐπὶ
922 2085 979 2182 μὲν
1002 2087 1054 2171 τῷ

1 2189 152 2278 perrierpr
186 2187 307 2256 λευκᾶν
336 2193 555 2282 τετράγωνον,
593 2190 642 2260 ἐπὶ
671 2192 704 2258 δὲ
724 2195 787 2260 τοῦ
809 2189 920 2276 νὼτουι
945 2185 1053 2255 αἰετὸν
1100 2202 1103 2216 ·

1 2292 219 2384 ,ω’νασμένον,
245 2289 276 2357 ἐν
299 2289 333 2356 δὲ
351 2295 395 2385 τῆ
414 2287 495 2385 οὐρῇ
510 2293 569 2370 τὰς
589 2293 709 2383 τρίχας
724 2292 858 2376 διπλοῖς,
885 2289 936 2360 ini
959 2290 990 2356 δὲ
1011 2291 1056 2380 τῆ

20 2393 145 2482 pir'uuup
172 2389 353 2483 κάνθαρον.
404 2399 554 2482 Aegyptii
574 2413 698 2468 tamen.
732 2412 768 2458 ut
789 2397 883 2460 refert
904 2398 1055 2458 Aelianus

22 2501 75 2560 nl.
95 2513 145 2578 29
169 2497 218 2556 illi
240 2496 419 2560 tribuerunt
434 2499 518 2584 signa
534 2497 594 2562 lua.
630 2499 782 2562 Auctorer
796 2501 829 2560 in
845 2499 948 2561 colore
961 2499 1054 2581 nigro
1116 2485 1118 2490 ⁵

22 2613 177 2680 umquam
204 2602 377 2682 praecipuo
403 2599 622 2671 consentiunt,
658 2601 693 2660 in
719 2601 787 2660 aliis
813 2602 896 2662 notie
921 2601 1055 2660 variant.

24 2699 64 2760 uf.
80 2700 259 2784 Pignoriue
278 2699 311 2760 in
328 2700 434 2762 menia
449 2701 539 2762 iliaca
555 2720 582 2764 c.
602 2715 634 2781 5.
654 2721 684 2782 p.
704 2699 748 2779 36
766 2701 827 2782 [qq.
861 2699 960 2782 Quod
976 2701 1059 2780 Kap-

1 2859 2 2862 ,
23 2805 85 2880 plur
104 2801 221 2880 lingna
236 2801 277 2860 de
293 2802 418 2885 mugitu
435 2803 586 2883 explicat,
614 2801 798 2863 Herodotus
814 2795 982 2886 κανθάρου
1002 2819 1058 2861 no·

25 2924 80 2962 um
99 2913 214 2972 vocat,
241 2900 365 2964 Plinius
383 2923 410 2964 c.
428 2905 450 2964 l.
471 2902 589 2964 nodum
611 2906 844 2984 interpretatur.
877 2903 920 2962 Et
934 2901 975 2962 fic
991 2900 1058 2962 Ma·

26 3003 114 3064 :elles
137 3005 176 3062 in
196 3004 392 3083 compendio
415 3003 566 3064 chronico
587 3023 619 3085 p.
644 3021 677 3082 9.
698 3003 748 3066 ed.
770 3006 850 3066 Ven.
889 3002 1005 3082 Glycae!
1024 3002 1059 3061 in

25 3105 128 3166 lunai.
148 3104 190 3165 P.
210 3122 241 3162 ι.
263 3123 297 3185 p.
316 3124 395 3167 101.
413 3105 464 3168 ed.
481 3105 560 3166 Ven.
591 3105 708 3185 aliique
724 3118 806 3166 certa
827 3105 956 3187 liuguae
972 3099 1060 3163 inille

26 3207 101 3289 tigna
116 3203 264 3268 tradunt.
294 3205 382 3264 Tum
397 3207 605 3290 coniungitur
618 3204 733 3274 caucia.
752 3206 792 3268 de
806 3225 868 3287 que
883 3205 936 3266 alii
950 3203 1061 3266 eadem

24 3321 297 3381 commemorem
324 3306 466 3397 duplicet
481 3307 564 3390 piloe
580 3307 774 3370 Herodotus.

1 3553 2 3556 κ
88 3528 193 3572 raro
201 3507 222 3589 )
272 3507 387 3572 Certos
402 3521 508 3572 tamen
525 3509 609 3572 vitae
624 3528 725 3572 annue
743 3509 836 3570 illum
852 3508 958 3592 egredi
976 3503 1064 3568 neiae

24 3625 100 3682 eret,
135 3608 342 3692 mersumque
364 3607 454 3674 inille
476 3613 510 3672 in
535 3611 731 3674 sacerdotum
753 3608 841 3672 fonte
863 3623 895 3671 et
916 3621 1064 3670 necatum

25 3711 134 3776 diserte
157 3725 264 3774 narrat
286 3712 429 3782 Plinius,
458 3732 585 3773 novum
613 3732 686 3774 cum
711 3729 858 3773 moerore
880 3709 1063 3791 quaesitum.

27 3811 73 3877 ef.
92 3815 289 3876 Ammianus
309 3824 341 3873 et
362 3812 492 3874 Solinus
506 3833 533 3874 c.
547 3833 574 3874 c.
589 3813 610 3874 l.
627 3814 649 3874 l.
702 3813 797 3874 Forte
821 3810 892 3872 lunt
912 3811 987 3872 anni
1006 3821 1064 3885 25.

27 3915 98 3977 fific
112 3915 208 3976 lustra
222 3915 260 3976 ed
279 3913 455 3974 notandum
472 3912 636 3976 sacerdotis
649 3933 772 3974 munus
788 3913 988 3980 diuturnum.
1014 3929 1066 3971 ex·

25 4018 183 4094 plicentur
197 4015 283 4096 apud
299 4015 418 4076 Lucan.
438 4026 470 4092 8.
486 4024 572 4094 479.
606 4015 679 4078 vid.
695 4033 773 4096 quae
788 4013 829 4074 de
845 4014 907 4074 hoc
922 4011 1066 4094 pluribus

26 4117 147 4180 dielerit
165 4115 334 4180 lahlonski
350 4116 386 4178 in
400 4115 544 4178 Pantheo
562 4116 748 4202 Aegyption
765 4115 803 4178 P.
819 4130 853 4178 2.
871 4135 903 4196 p.
921 4131 933 4175 ι
940 4125 987 4192 95
1004 4111 1065 4194 qu.
