2770 4954
202 359 255 418 rtt
285 357 423 418 rotor.
454 349 560 414 ntor.
603 352 686 414 ut
729 342 833 417 citt.
874 351 954 424 tr.
1035 314 1101 427 ἰω

61 529 225 622 petitione
236 546 333 618 portu
348 545 382 596 et
397 529 507 596 inlulr.
545 527 677 594 Accoriit
699 469 877 592 distantiae
900 525 1102 611 Carthagine.
1227 502 1232 511 Ι

64 639 95 701 ir.
112 637 231 706 tonis,
266 638 301 695 in
315 634 477 718 Procopio
501 651 527 696 c.
548 633 571 695 l.
592 644 746 713 quantum
768 632 830 694 iter
852 621 1029 708 godiebns
1051 630 1104 688 vir

63 739 231 821 expeditur
254 735 412 798 conficiat.
461 733 532 796 Noc
555 733 678 796 obilant
696 733 900 798 Ptolemaeus
920 746 953 794 et
973 731 1106 792 Antoni·
1156 803 1159 812 .

65 859 132 902 nne.
187 835 319 918 Nempe
340 836 396 898 hic
414 847 497 914 783.
514 835 562 898 M.
584 835 621 897 P.
643 835 666 898 i.
688 851 717 896 e.
748 835 818 912 196
836 832 1011 894 miliaribus
1031 831 1107 892 Ger·
1225 848 1237 867 ·

66 940 217 1009 manicis,
262 938 317 1025 ille
348 937 456 1020 patilo
492 936 622 1022 longine
656 949 820 1004 removet,
862 951 942 1016 queo
975 932 1107 1016 quidem
1239 948 1246 959 ·

67 1040 230 1104 ‹livetlitao
245 1058 285 1100 ex
301 1038 352 1100 via
368 1037 592 1100 mathematica
606 1049 639 1098 et
654 1031 745 1099 civili
761 1035 961 1098 diiudicatur.
990 1033 1108 1096 Parnm

67 1156 172 1205 antem
196 1141 356 1222 dnoepat
376 1158 394 1199 a
412 1139 572 1222 Procopio
591 1138 789 1207 Antoninon,
820 1139 937 1220 quippo
957 1157 996 1198 ett
1018 1135 1108 1197 cuine

67 1243 311 1324 computatione
326 1241 477 1300 diurnum
491 1241 551 1301 iter
567 1241 606 1301 erl
622 1239 644 1303 6
659 1239 793 1300 miliaria
808 1239 995 1300 Germanica
1016 1256 1108 1300 revo-

68 1358 163 1406 retur.
203 1341 418 1423 Adssiptrletnr
431 1341 542 1404 Poiret
556 1370 603 1383 -
618 1341 653 1401 in
669 1337 796 1422 praefat.
813 1359 846 1423 p.
864 1349 920 1414 17.
941 1338 1108 1421 quioddit,

68 1467 103 1508 ex
125 1445 235 1505 ruinis
257 1455 340 1504 cette
366 1433 502 1527 intelligi
524 1438 711 1504 ster-stell
732 1460 880 1526 magnam
898 1441 977 1504 olim
995 1440 1109 1509 urbem

69 1545 178 1616 inille,
210 1545 305 1606 cuiue
339 1559 373 1604 et
409 1562 582 1628 amoenum
616 1541 708 1603 snum
740 1543 907 1626 praedicnt.
957 1541 1110 1604 Fluvium

68 1641 250 1728 Χιναλᾰφ,
279 1663 379 1729 quem
399 1643 482 1708 h'entl
499 1643 610 1726 procul
632 1643 706 1704 inrle
722 1655 880 1706 memorat
893 1641 1109 1715 Ptolemaeus.

69 1750 167 1832 vulgo
191 1748 229 1808 in
251 1743 367 1808 tabulis
388 1741 616 1816 deficientum,
648 1743 786 1811 ostendit
806 1744 901 1808 Shrw
922 1763 955 1828 p.
975 1751 1034 1824 54.
1055 1741 1111 1806 iub

70 1850 207 1913 nomine
233 1838 434 1938 Hesi-em.
662 1836 669 1849 '
824 1886 827 1892 -

146 1999 274 2063 Citra
298 1995 430 2080 honr)
478 1998 592 2063 Verior
610 1979 765 2062 occasum.
808 1996 893 2062 Nam
912 1999 998 2061 inter
1017 2001 1115 2061 mcxi·

36 2130 41 2138 ·
73 2122 139 2166 mas
162 2121 237 2162 earn
260 2099 436 2184 posumus.
469 2101 586 2184 oppida
610 2099 755 2164 citeriora
778 2099 908 2162 interim
934 2101 1116 2182 praeteriit3

73 2224 159 2265 nunc
175 2218 215 2263 ut
231 2205 342 2264 minuo
359 2215 434 2262 nota
449 2215 624 2266 enumerat.
651 2219 838 2266 vnntnttvr.
879 2203 931 2264 stc
945 2197 1022 2262 iecit
1035 2199 1116 2266 inito

80 2325 109 2378 r,
133 2322 194 2386 19,
220 2316 257 2382 8.
291 2321 506 2383 crrccorrtva.

154 2453 403 2536 Certiora)
451 2454 602 2538 Plerique
624 2475 681 2539 per
705 2477 721 2516 e
741 2445 882 2520 n'rerlinn
906 2473 1021 2520 vocem
1044 2455 1118 2520 effe·

78 2571 166 2620 runt.
207 2557 264 2619 Sic
279 2555 418 2618 Ptolem.
433 2566 467 2634 4,
489 2573 521 2620 2.
542 2553 740 2644 Καρτὲνναι,
766 2557 815 2618 uti
840 2557 1003 2645 Augustin.
1027 2557 1116 2641 epist.

79 2673 140 2744 95.
181 2657 265 2718 inde
289 2648 516 2748 Cartennerrses
538 2659 688 2719 dicuntur
705 2669 739 2720 et
758 2654 991 2722 Cortenttt‘lorti.
1041 2659 1118 2751 Vid.

79 2757 265 2842 Weffeling.
290 2759 328 2818 ed
346 2759 499 2821 Antonin.
519 2761 591 2821 itin.
614 2780 647 2844 p.
667 2768 724 2839 14.
756 2758 912 2821 Harduln.
930 2759 967 2820 ed
985 2759 1069 2820 Plin.
1085 2771 1119 2836 5,

1 2917 2 2920 ,
82 2859 153 2923 r.i.
176 2877 210 2921 2.
249 2858 346 2942 Apud
371 2858 518 2922 Martinn.
538 2861 645 2942 Capel.
665 2861 698 2924 6.
721 2881 755 2943 p.
776 2860 859 2923 216.
882 2861 915 2923 in
933 2860 1024 2922 litore
1043 2861 1120 2924 Cor·

77 2981 192 3030 meto,
209 2959 253 3022 al.
264 2959 445 3030 carneuna,
462 2962 511 3020 nti
526 2961 711 3046 poilerioree
726 2952 822 3023 etiarn
838 2961 979 3042 quidam,
996 2961 1120 3026 citioic.

76 3062 116 3124 Io
133 3062 260 3145 Geogr.
279 3061 426 3124 Ravenn.
443 3075 476 3141 3.
495 3073 529 3140 3.
545 3077 578 3124 et
593 3075 626 3140 5,
641 3073 677 3143 lt.
695 3061 738 3126 est
757 3061 929 3133 Cartenna,
954 3065 1041 3124 utin
1058 3063 1122 3125 An·
1230 3042 1233 3050 ι

76 3164 201 3226 tonino
223 3181 253 3224 c.
276 3161 299 3224 l.
329 3163 386 3243 qui
413 3161 502 3222 addit
532 3163 666 3227 colonia.
723 3161 850 3224 Pliniur
876 3163 1007 3246 Augusti
1032 3161 1121 3226 inille

77 3265 176 3327 donet
191 3263 373 3350 coloniam,
400 3275 434 3323 et
447 3263 486 3324 ad
501 3262 669 3326 iecnndam
686 3263 847 3349 legionem
868 3261 963 3324 refert
981 3265 1003 3327 i.
1018 3285 1046 3326 e.
1069 3265 1124 3326 Se·

1 3445 2 3454 ἵ
76 3365 262 3436 cuodmua,
287 3377 328 3424 ut
350 3363 436 3434 olibi,
460 3365 556 3426 ctiam
577 3367 660 3449 apud
683 3365 822 3427 nostrum
840 3379 872 3435 2,
890 3375 923 3441 5,
942 3379 974 3426 2.
996 3365 1122 3429 dicitur.

1 3487 2 3506 ¹
77 3465 256 3548 Plerique,
287 3465 376 3546 qnod
398 3479 431 3528 et
445 3483 485 3526 ex
501 3464 625 3529 Ortelio
645 3463 860 3550 cognoscitur,
891 3464 988 3527 hodie
1011 3479 1125 3549 putant

79 3568 144 3632 effe
159 3557 349 3658 Mosogrnn
366 3563 386 3626 ἱ
403 3557 577 3657 Mesgrnin,
598 3568 652 3630 vel
668 3569 763 3630 etiam
778 3562 908 3659 Mrfiy-
917 3586 993 3646 gart.
1024 3567 1125 3651 Quod

77 3671 175 3733 enim
194 3679 293 3737 notet
314 3665 411 3730 show
431 3669 472 3730 T.
490 3687 523 3732 1.
545 3690 580 3752 p.
602 3679 663 3749 43.
687 3667 823 3728 dubium
843 3667 877 3728 id
897 3663 972 3727 iacit
994 3665 1068 3732 fitne
1089 3669 1124 3732 in

79 3771 195 3834 Plinio
213 3783 249 3832 et
264 3765 464 3841 Ptolemaeo,
489 3781 560 3830 tunt
576 3771 686 3832 eedem
701 3769 743 3830 est
758 3765 844 3831 inter
859 3779 1030 3850 utrumque
1045 3770 1125 3832 illud

79 3873 249 3956 oppidum
271 3880 303 3930 et
320 3873 433 3932 Arzew
453 3869 610 3941 distantia,
636 3889 729 3951 quam
746 3865 818 3930 facit
839 3869 923 3930 inter
939 3869 1125 3932 Cartinnem

79 3987 115 4036 et
128 3971 332 4037 Arienarinm
348 3973 541 4036 Antoninus.
576 3973 649 4034 Vidi
673 3984 795 4040 tamen,
819 3969 878 4051 qui
895 3969 929 4035 ir.
952 3971 1050 4037 Tener
1064 3971 1124 4036 elle

80 4075 229 4148 vellent,
255 4083 294 4133 ut
311 4069 454 4136 oberlin.
477 4074 513 4136 in
528 4071 606 4139 orbe
621 4085 685 4138 ant.
705 4093 739 4158 p.
758 4083 844 4152 273.
