2828 4966
333 433 375 498 et
604 421 764 480 nomn
805 419 1108 480 exeoeutcte

334 596 465 658 metlem
488 615 513 660 c.
539 595 561 658 l.
599 595 715 678 probat
745 592 869 678 Lipsius
899 597 934 656 in
966 595 1164 681 physiologia
1194 595 1400 660 stoicae-un

334 695 667 772 lib.u.dillert.17·
702 699 754 757 cui
779 709 813 758 et
838 698 896 759 alia
920 699 993 760 addi
1018 696 1160 780 pollunt.
1212 697 1263 758 lta
1293 699 1400 762 enin

334 798 555 862 Eratosthenes
582 812 615 858 et
639 797 815 877 Polybius,
846 799 922 862 telle
945 799 1101 862 Strabone
1126 798 1181 861 lih.
1206 815 1238 859 u.
1260 818 1298 877 p.
1334 799 1400 864 66

334 899 356 964 l.
376 917 437 980 97.
463 901 587 985 plagam
616 900 777 980 aequatori
801 897 972 962 subiectum
993 913 1202 984 temperatam
1221 897 1286 960 elle
1315 919 1400 964 con

335 1005 513 1065 tenderunt.
556 1003 606 1062 De
621 1001 759 1079 Polybio
773 1001 863 1083 plura
879 1003 913 1063 in
929 1001 1010 1062 hanc
1031 1021 1101 1063 aem
1115 999 1252 1064 edillerit
1264 999 1400 1070 ,Gemi

334 1105 445 1165 masin
464 1103 631 1164 clementie
648 1101 855 1165 astronomiae
877 1123 945 1184 cap.
968 1124 979 1162 t
989 1116 1021 1182 3.
1047 1101 1103 1184 (in
1117 1102 1241 1164 Petavii
1257 1103 1400 1168 Urano

334 1200 446 1289 logio)
469 1225 501 1285 p.
529 1215 588 1282 54.
641 1203 740 1264 l'onit
761 1217 868 1266 autem
888 1204 1042 1284 Polybius
1066 1205 1159 1266 illurn
1184 1215 1340 1265 tractum
1378 1208 1400 1270 it

336 1308 439 1367 media
459 1325 537 1366 zona
563 1305 689 1366 torrida.
742 1305 785 1365 Et
802 1304 840 1366 stc
855 1303 919 1387 ipse
935 1306 1091 1368 Geminus
1105 1325 1177 1367 eam
1193 1322 1326 1364 zonam
1353 1307 1400 1368 lxa

334 1407 428 1468 bitari
444 1427 483 1467 cx
500 1405 699 1487 Aethiopum
715 1402 839 1468 ledibue
857 1406 963 1468 statuit
982 1427 1014 1488 p.
1032 1419 1092 1484 53.
1131 1406 1204 1466 Huc
1216 1407 1250 1464 in
1267 1409 1400 1487 primi

335 1508 421 1578 valet
436 1508 641 1569 Ptolemaeus
656 1508 690 1566 in
706 1507 894 1590 Aethiopiae
915 1506 1138 1591 desculptione.
1180 1506 1270 1570 illios
1292 1510 1400 1572 addi

335 1610 506 1692 collegium
527 1606 786 1670 Coninthricenle
813 1609 853 1670 ad
874 1608 1074 1672 Aristotelem
1093 1609 1134 1671 de
1157 1607 1245 1672 coelo
1268 1625 1305 1680 2,
1343 1623 1400 1696 ι4

333 1733 368 1796 p.
388 1723 474 1791 402.
500 1708 676 1772 subiunctis
700 1710 748 1770 rei
771 1709 879 1773 caulla.

410 1903 617 2006 infestat)
667 1913 766 1994 Saepe
783 1911 826 1974 est
841 1911 974 1982 laedere,
997 1930 1121 1981 vexare.
1141 1911 1304 1994 populari.
1349 1933 1400 1984 ut

335 2011 447 2099 pallum
469 2019 564 2076 etium
585 2015 618 2074 in
635 2013 741 2075 nostro
755 2014 841 2074 alibi.
894 2015 932 2076 In
952 2007 1059 2097 gloffie
1078 2009 1170 2076 σι’νειν
1192 2015 1400 2094 explicatu!

336 2117 408 2180 vid.
426 2115 598 2178 llluncker.
617 2117 655 2176 ad
671 2115 794 2199 Hygin.
818 2112 883 2177 fab.
902 2125 958 2193 18.
980 2135 1012 2197 p.
1030 2116 1090 2178 62.
1109 2114 1160 2176 ed.
1175 2115 1305 2180 Staver.

414 2317 613 2398 ultimas)
662 2316 962 2398 Septemtrionalem
986 2329 1019 2378 et
1040 2315 1219 2388 australem
1245 2313 1400 2402 frigida

337 2419 438 2482 lolem
452 2418 608 2500 adpellare
627 2418 741 2488 Latini,
765 2417 876 2478 Graeci
894 2413 1161 2505 κατεψυγμὲνας.
1193 2417 1400 2488 Heraclide

337 2543 370 2604 p.
385 2540 429 2582 m.
447 2531 533 2598 475.
561 2513 618 2582 δύο
639 2514 756 2595 τελέως
777 2515 935 2583 &alnetum
961 2512 1012 2580 διὰ
1034 2513 1074 2582 τὸ
1094 2513 1205 2606 κρύος,
1235 2511 1300 2605 ἥτε
1336 2522 1400 2591 τὸ

335 2614 464 2709 βόρειον
486 2616 642 2706 εἰληχυῖα
665 2616 779 2692 πόλον,
803 2613 933 2684 καὶτὸν
953 2611 1088 2706 ἀντικρὺ
1110 2613 1226 2684 νότιον.
1266 2621 1334 2685 ef.
1364 2631 1400 2688 th

230 2723 233 2734 '
336 2725 377 2784 iia
392 2723 515 2784 Plinius
534 2740 564 2794 u,
585 2723 644 2800 63.
670 2736 711 2792 et,
732 2723 788 2803 qui
809 2734 973 2792 exornant.
997 2721 1147 2806 Virgilius
1169 2736 1203 2783 et
1224 2722 1400 2792 Tibullu.

337 2844 382 2888 cc.
400 2825 434 2888 ll.
468 2821 566 2886 Causa
585 2823 672 2893 haec.
697 2824 783 2905 quod
799 2823 881 2884 calor
897 2821 970 2884 iulio
986 2823 1090 2886 adeaa
1105 2842 1274 2904 nunquam
1298 2845 1400 2900 acce

337 2927 396 2998 dit,
420 2939 456 2986 ut
472 2945 512 2988 ex
526 2925 688 2989 veteribus
703 2927 795 2988 docet
811 2924 993 2987 Macrobius
1010 2926 1044 2986 in
1057 2924 1170 2988 Somn.
1184 2923 1274 3006 Scip.
1297 2945 1344 2999 ε,
1374 2951 1400 3010 7

413 3127 629 3210 reliquae)
678 3129 883 3209 Temperatus
909 3139 1027 3188 vocant
1053 3126 1174 3198 Latini,
1199 3115 1400 3216 εὖκρᾶτω

337 3227 447 3293 ulitate
464 3229 586 3292 Graeci.
621 3231 671 3291 De
685 3231 725 3292 iia
743 3226 783 3292 ci.
800 3242 891 3292 antea
907 3228 1024 3290 laudati
1038 3241 1192 3291 auctores.

413 3433 534 3513 paria
558 3463 609 3480 —
633 3427 823 3512 puriter)
860 3430 986 3492 Eodem
1002 3427 1118 3492 [cilicet
1134 3443 1292 3512 tempore,
1328 3439 1400 3510 [ed

338 3554 438 3617 quum
466 3533 551 3616 apud
581 3551 639 3599 not
663 3531 709 3596 est
734 3553 809 3603 ver,
852 3545 931 3592 tunc
956 3533 990 3592 in
1018 3531 1113 3593 altera
1145 3531 1198 3593 illa
1224 3531 1270 3594 est
1297 3555 1400 3621 quai

339 3649 545 3704 auctumnua.
577 3647 627 3704 et.
659 3653 759 3714 quum
782 3633 866 3715 apud
896 3651 956 3694 noe
981 3633 1092 3704 aestas.
1125 3634 1211 3716 apud
1237 3634 1323 3700 illos
1363 3655 1400 3716 ει

339 3735 470 3806 ὴὶεωε;,
487 3734 549 3797 sole
566 3733 682 3796 scilicet
699 3754 787 3796 nunc
801 3735 838 3795 atl
854 3733 951 3805 illam,
970 3733 1073 3816 postea
1089 3733 1128 3796 etl
1145 3733 1285 3797 nostram
1305 3741 1400 3818 fece

173 3891 177 3898 ι
300 3859 305 3864 .
339 3837 448 3900 deme·
489 3837 588 3920 Quod
603 3837 705 3918 tangit
719 3837 814 3897 etiam
830 3855 896 3917 cap.
914 3852 948 3914 9.
973 3835 1029 3896 ubi
1049 3835 1218 3897 heriulutur
1233 3836 1277 3900 de
1294 3853 1400 3914 caus

340 3938 566 4002 exundationis
589 3937 674 4006 Nili,
706 3937 790 4016 quast
810 3936 958 4000 nonnulli
981 3937 1133 4008 dixerint,
1167 3934 1302 4002 lolllitio
1339 3955 1400 4022 Aa

342 4042 433 4126 gypti
463 4035 653 4120 respondere
687 4035 830 4099 hiemem
869 4037 1136 4101 Antichthonum.
1188 4057 1213 4102 1.
1244 4058 1400 4122 cuono

219 4175 225 4184 ·
342 4161 418 4204 vive
441 4139 518 4202 MS.
574 4137 782 4210 observatur.
818 4151 856 4202 ut
880 4152 995 4204 notum
1018 4138 1077 4211 est.
1107 4139 1170 4201 hoc
1195 4140 1400 4224 discrimen
