2852 4946
181 361 228 420 nt
256 357 392 418 route.
423 353 529 412 nter.
572 339 661 412 nri
698 351 818 412 oron
860 345 938 428 te.
1010 370 1077 438 Μ

67 533 95 598 Ρ.
109 549 137 598 o.
155 554 184 618 p,
198 539 270 613 454
286 529 349 614 sqq.
390 515 578 618 Δῦτάνομος
592 539 700 591 autern
719 545 861 604 vocetur,
886 534 960 616 quie
976 535 1074 600 Poma

67 637 139 718 peior
157 655 236 706 earn,
262 633 347 715 quod
368 631 506 692 eiectum
523 631 645 710 eSyria
661 631 800 716 Tigrane
820 653 886 696 non
902 637 1073 718 recepiss'et,

68 736 186 797 libertate
201 736 382 798 donaverat.
409 725 605 820 (ἐλευθέραν
621 726 720 818 ἔκρινε
735 733 848 797 Strabo
866 737 922 802 16.
941 757 974 820 p.
987 749 1075 816 517,

68 834 191 923 i75r.)
232 836 320 898 Hinc
348 846 381 895 et
412 829 538 894 liberam
566 845 659 894 vocet
689 834 814 898 Plinius
837 845 871 914 5,
900 837 991 916 23.ss
1014 857 1075 906 er.

69 937 108 1000 Cf.
126 940 251 1020 Eutrop.
267 935 299 1006 6.
320 944 376 1016 14.
394 931 414 996 i.
437 953 491 998 tt.
544 932 620 994 Fuit
638 951 796 1018 praeterea
817 930 919 1026 ἔρυμα
944 926 1081 1013 iiidie

68 1060 112 1122 por
127 1035 176 1100 eoi
196 1034 349 1126 κρείττων
364 1031 442 1116 βίας
460 1027 564 1108 πόλις.
591 1035 717 1110 (Strabo
734 1056 761 1100 c.
776 1037 813 1114 l.)
855 1039 1000 1111 Porttnn,
1024 1062 1081 1104 ex·

70 1139 116 1202 eiio
132 1155 254 1210 monte,
284 1136 429 1198 instruxit
449 1135 661 1204 Constantine.
685 1136 776 1220 (vid.
792 1150 884 1202 vetut
905 1139 1000 1204 Orbis
1023 1143 1080 1206 de·

70 1238 174 1324 ietiptio
188 1261 215 1302 c.
230 1254 286 1315 17,
303 1237 336 1302 6.
360 1251 393 1300 et
408 1236 453 1297 ibi
469 1233 716 1319 Gothoiiedue.)
748 1237 798 1302 Ab
812 1259 847 1300 ea
863 1241 941 1304 urbe
955 1263 1082 1309 nomeu

68 1355 138 1404 nette
151 1341 191 1404 eii
204 1341 294 1424 regio
311 1339 427 1417 Syriae,
449 1337 590 1401 seleucis.
628 1337 733 1412 Cives,
758 1341 792 1402 iu
808 1343 916 1406 nuntie
928 1347 1082 1418 maxime,

69 1436 411 1514 vounturZeieuee153
438 1438 589 1501 Latiniee
606 1439 749 1502 Seleucia
771 1443 905 1506 omnino
929 1445 1080 1508 dicuntur

69 1535 254 1634 &incraſsa
285 1539 451 1602 Seleuceni.
511 1535 715 1627 Eeieunprie
735 1557 841 1604 temen
859 1542 961 1606 adfert
981 1549 1083 1610 etiam

69 1644 236 1726 Stephanus.
287 1641 394 1704 Hodie
410 1639 485 1700 urbe
498 1640 600 1704 ruinis
615 1640 730 1704 obrute
748 1645 844 1716 iacet,
870 1664 1007 1726 quorum
1025 1650 1084 1712 eii·

70 1765 117 1824 qne
138 1746 287 1806 viderunt
309 1756 341 1804 et
364 1737 589 1824 descripserunt
607 1741 757 1806 Pococko
772 1746 812 1808 T.
829 1761 862 1809 u.
884 1767 916 1828 p.
933 1767 978 1810 m.
995 1765 1083 1828 29⁰·

69 1859 94 1905 et
107 1847 237 1909 Btowne
251 1842 365 1908 Reiien
384 1863 417 1924 p.
434 1851 518 1922 544.
545 1843 648 1905 Locus
668 1865 755 1904 nunc
771 1845 943 1926 adpellntur
958 1849 1084 1914 suedie.

70 1944 110 2008 Ci.
124 1949 241 2028 Voiney
257 1947 353 2008 Torn.
372 1960 404 2008 2.
421 1964 453 2026 p.
469 1955 554 2024 ete.
600 1944 645 2005 Et
662 1941 751 2008 irase
767 1946 918 2012 audiviffe
940 1949 1087 2018 adfirmet

70 2045 207 2114 Niebuhr.

133 2246 309 2332 Peiros)
342 2247 396 2310 Gr.
406 2241 554 2325 Πάλτος,
574 2248 660 2331 quod
677 2249 856 2333 Stephanus
872 2249 970 2324 addit,
992 2245 1093 2330 πόλις

72 2348 185 2438 Συρίας.
223 2352 507 2416 Commemoratur
521 2369 556 2412 ea
570 2351 667 2413 etiam
682 2371 699 2412 a
714 2351 868 2414 Strabone
890 2353 943 2417 16.
957 2373 989 2436 p.
1001 2365 1021 2431 5
1032 2365 1093 2432 ιδ.

72 2449 176 2532 [753.
200 2454 310 2516 Plinio
326 2464 359 2529 5,
383 2449 473 2527 13.s.
493 2467 551 2514 20.
585 2451 701 2536 Geogr.
720 2453 865 2515 Ravenn.
883 2469 915 2523 Ω,
939 2465 993 2532 ι5.
1018 2452 1092 2535 (etse

72 2551 108 2610 ibi
121 2555 270 2632 Parthos)
292 2566 324 2614 et
341 2565 373 2629 5,
390 2567 423 2628 7.
447 2551 518 2630 (nbi
529 2551 662 2628 Baiter)
689 2553 721 2612 in
739 2553 800 2616 tab.
817 2554 967 2638 Ponting.
981 2557 1093 2619 to.D.

73 2655 226 2735 exquibus
251 2655 393 2734 adparet,
425 2653 513 2714 fitam
535 2650 624 2712 iuiffe
650 2655 732 2714 iuter
753 2653 922 2717 Balanenm
942 2659 1003 2735 (ita
1024 2655 1092 2718 Pli-

73 2755 141 2828 nius,
168 2755 225 2818 iec.
244 2756 323 2817 aiios
340 2753 497 2822 Balaneae,
524 2753 693 2816 ueletiam
715 2756 821 2838 paullo
844 2757 951 2834 aliter)
975 2769 1009 2818 et
1031 2756 1094 2819 Ge·

74 2852 139 2915 bala.
179 2860 217 2918 ln
244 2856 433 2918 Aratiiorum
459 2873 511 2916 ora
534 2854 627 2935 ponit
647 2855 759 2917 Strabo
776 2876 802 2918 e.
824 2856 845 2918 l.
872 2871 915 2928 et,
941 2857 1029 2938 quod
1051 2875 1093 2920 en

75 2953 223 3022 Ciceronis
243 2977 318 3040 epp.
336 2957 373 3016 ed
393 2953 515 3018 Divers,
539 2971 591 3024 ια,
622 2970 674 3034 13.
699 2955 901 3041 intelligitur,
928 2957 1056 3018 distabat
1074 2975 1099 3022 a

76 3055 213 3122 Laodicea
230 3059 301 3130 XX,
319 3056 365 3118 M.
381 3055 417 3116 P.
441 3076 579 3136 quocum
596 3053 752 3117 consentit
769 3057 883 3119 tabula.
911 3055 963 3121 ef.
980 3057 1101 3124 Wess'e·

74 3155 139 3243 ling.
155 3163 191 3222 ad
207 3158 367 3222 Antonini
384 3159 490 3219 itiner.
507 3177 538 3238 p.
561 3169 642 3237 147.
682 3157 809 3221 Gentile
824 3159 899 3220 inde
914 3155 988 3220 facit
1003 3154 1096 3221 Παλ·

75 3255 155 3342 τηνὸς
175 3259 369 3343 Stephanus.
408 3259 530 3318 Latinio
553 3257 596 3319 est
613 3257 772 3322 l'alteusn.
811 3260 884 3322 vid.
906 3259 1034 3322 Berkel.
1056 3259 1103 3324 ed

75 3360 211 3442 stephan.
228 3383 264 3445 p.
276 3361 322 3424 62
333 3381 360 3420 ι.
394 3359 489 3420 Urbie
505 3357 632 3442 vestigia
647 3359 744 3420 hodie
757 3361 886 3443 reperiri
901 3375 990 3442 putet
1001 3359 1100 3424 Shew

78 3459 112 3522 Τ.
128 3479 157 3526 2.
172 3485 204 3545 p.
222 3473 259 3544 4.
285 3461 318 3520 in
336 3461 435 3521 ruinis
455 3478 556 3540 prope
570 3458 644 3520 ostie
661 3459 754 3522 fluvii
767 3459 907 3532 Meteri,
932 3461 954 3526 6
972 3462 1102 3527 miliari·

77 3559 127 3624 bue
139 3585 155 3625 a
169 3562 294 3632 lebilce,
317 3581 396 3641 quae
411 3559 489 3623 olim
504 3557 565 3620 fuit
584 3557 719 3624 Gabala.
756 3563 826 3624 Vid.
841 3563 937 3623 etiam
952 3563 1103 3630 Pococke

80 3661 112 3726 T.
127 3681 158 3728 o.
173 3687 207 3749 p.
225 3685 271 3727 nr.
289 3679 374 3740 290.
400 3660 458 3722 ubi
479 3659 508 3722 se
528 3659 654 3742 posthac
675 3661 827 3724 audivisse
846 3661 957 3733 scribit,
982 3664 1101 3761 Ιοοιιιιικ

79 3763 181 3848 inquo
196 3767 278 3829 olim
295 3763 348 3824 sne
367 3759 463 3824 fuerit
476 3760 594 3833 Paltos,
617 3762 713 3824 hodie
728 3764 833 3826 vocari
847 3761 964 3828 Botdo.

144 3961 348 4050 Berytos)
384 3963 439 4026 (ir.
459 3955 615 4052 Βηρυτός,
636 3965 824 4046 penultima,
843 3969 927 4046 quoti
944 3982 976 4031 et
992 3969 1107 4035 diserte

80 4083 183 4132 monet
198 4067 399 4152 Stephanus,
425 4066 509 4148 apud
531 4079 639 4148 poetae
659 4067 821 4150 producta.
872 4071 963 4134 idem
984 4067 1108 4163 κτίσμα

121 4187 217 4265 Pomp.
234 4187 326 4242 Maia.
348 4185 465 4258 Exeger-
478 4181 517 4240 L·
532 4183 556 4239 1.
787 4165 816 4232 Β
827 4170 849 4235 b
