2852 4946
347 515 411 584 buu
509 495 513 504 '
617 501 782 560 riores
822 499 1124 582 exponeretis.

352 677 447 744 Urbis
461 674 621 739 historiam
640 673 761 736 dabunt
777 673 886 736 Mariti
903 695 930 740 c.
947 677 969 740 l.
998 677 1128 764 Mignot
1146 677 1197 740 sur
1215 679 1260 740 122
1273 675 1377 739 Pheni-

353 784 439 846 ciens
458 781 494 840 in
515 776 690 838 Memoires
711 775 751 838 de
775 777 1025 842 litterature-
1046 780 1086 843 de
1108 781 1197 844 Puris
1216 781 1309 842 Tum.
1327 787 1377 857 54

349 905 383 970 e·
402 893 472 961 257
489 877 552 961 ses·

430 1079 665 1163 Laodicea)
724 1079 780 1146 Gr.
806 1076 990 1146 Λαοδίκεια.
1043 1083 1229 1146 Secundum
1261 1080 1379 1164 Stepha·

353 1201 434 1252 num
468 1197 501 1246 et
527 1183 667 1246 Eullath.
697 1183 736 1243 ad
769 1181 900 1261 Dionys.
932 1205 966 1246 v.
1001 1199 1087 1264 915.
1128 1186 1209 1246 olim
1240 1185 1319 1244 dicta
1343 1179 1380 1242 est

355 1279 459 1372 λευκὴ
481 1279 586 1372 ἀκτὴ,
611 1284 756 1365 (qrralem
773 1281 918 1348 describit
932 1286 1029 1348 etiam
1044 1286 1140 1348 Shnw
1157 1305 1281 1370 voyage
1298 1285 1337 1343 Τ.
1351 1296 1379 1341 u.

354 1411 388 1474 p.
410 1391 460 1464 1.)
487 1401 520 1448 et
541 1399 630 1446 antea
650 1387 745 1446 etiam
763 1379 925 1474 Ῥάμνθα,
952 1407 1009 1468 pro
1024 1407 1086 1468 quo
1105 1379 1275 1475 Ῥᾶμαιθα
1296 1383 1381 1443 habel

356 1488 552 1558 Euslathiur‚
579 1486 667 1548 culus
687 1483 808 1546 cartsam
824 1501 974 1568 repetunt
988 1509 1005 1550 a
1021 1487 1156 1570 pallore.
1184 1489 1241 1570 qui
1259 1483 1382 1546 fulmine

357 1603 460 1654 tactus
492 1587 715 1652 exclamaverit
742 1587 941 1650 Ramanthuo
964 1589 985 1650 i.
1010 1609 1038 1652 e.
1067 1585 1130 1672 ἀφ’
1153 1581 1281 1676 siderei
1306 1577 1381 1654 θεὸς.

357 1695 432 1776 quia
448 1689 620 1753 secundum
630 1688 804 1752 Philonem
815 1689 936 1750 llaman
952 1690 989 1750 sn
1004 1681 1092 1775 ίίψος
1106 1704 1139 1751 et
1153 1691 1252 1752 hthas
1269 1678 1382 1758 derio

360 1793 451 1877 super
466 1811 529 1874 quo
548 1789 641 1850 multi
656 1787 877 1852 disseruerunt.
912 1791 975 1850 Sed
991 1787 1031 1854 cs.
1047 1791 1225 1854 Bochartus
1240 1791 1272 1849 in
1289 1787 1382 1850 Chao.

362 1911 395 1967 Ω,
416 1909 470 1957 ιΩ.
498 1890 664 1954 Berkelius
678 1889 716 1950 ad
734 1889 931 1971 Stephanum
946 1911 977 1974 p.
997 1905 1083 1970 509.
1109 1907 1140 1953 et
1159 1911 1241 1974 quoa
1256 1890 1307 1950 hic
1321 1905 1383 1970 pro·

359 1997 458 2060 ducit.
500 1995 615 2054 Vicum
630 2005 719 2053 antea
740 1987 838 2061 suisle,
864 1991 997 2053 nomine
1016 1991 1177 2060 hiezabda,
1203 1991 1305 2054 scribit
1327 1987 1383 2047 hia·

359 2099 433 2160 lalas
451 2097 484 2156 in
507 2094 676 2177 chronogr.
699 2092 755 2154 lib.
772 2103 805 2168 8.
827 2112 897 2176 pag.
913 2103 973 2170 [55.
997 2095 1076 2154 Ven.
1117 2089 1279 2180 Λαοδίκην
1301 2097 1383 2150 vocat

361 2196 535 2277 Dionysius
556 2214 583 2257 c.
608 2195 630 2256 l.
660 2206 696 2253 ut
727 2187 857 2281 ’Λπαμῃ
883 2193 962 2254 dicit
986 2212 1044 2276 pro
1069 2190 1244 2284 'Anoiptrm
1295 2189 1383 2253 Nacta

361 2311 468 2362 autem
483 2297 525 2359 ell
545 2297 606 2358 hoc
622 2313 741 2356 nomen
759 2293 942 2365 aLaodice,
967 2295 1092 2358 Seleuci
1108 2296 1270 2358 Nicatoris
1285 2304 1380 2355 matre·

361 2397 535 2462 secundum
557 2395 756 2477 Stephanum
778 2407 811 2456 et
825 2391 1024 2457 Euhathium
1040 2415 1066 2460 c.
1083 2397 1105 2459 l.
1127 2397 1180 2458 vel
1201 2397 1281 2467 filia,
1306 2387 1381 2474 quod

359 2501 431 2562 vult
453 2497 581 2558 Malalas
600 2517 627 2558 c.
644 2497 666 2558 l.
696 2494 780 2558 cous.
803 2495 1002 2576 Stephanos.
1020 2519 1052 2560 v.
1074 2491 1255 2585 'hasprum
1289 2491 1381 2578 ipsum

360 2601 531 2664 Seleucum
548 2597 748 2658 conditorem
764 2592 883 2657 faciunt
903 2598 966 2661 alii.
1017 2599 1070 2662 Sic
1085 2602 1251 2682 Appianas
1265 2599 1298 2658 in
1320 2595 1379 2670 Syr·

361 2720 428 2784 cap.
445 2713 504 2777 57.
534 2697 590 2759 nbi
612 2699 633 2762 6
655 2697 864 2782 cognomines
880 2699 972 2761 urbes
989 2701 1023 2760 in
1043 2703 1153 2762 matris
1174 2700 1331 2762 honorem
1348 2689 1378 2750 ab

361 2821 401 2866 ee
416 2796 558 2864 conditas
574 2799 678 2860 tradit.
712 2799 755 2860 At
767 2799 834 2860 laxe
851 2799 948 2862 nimis
960 2801 1046 2862 idem
1063 2821 1137 2861 curn
1149 2799 1312 2862 Euslathio
1325 2813 1347 2854 c.
1360 2791 1378 2850 l·

360 2905 395 2964 in
410 2903 572 2966 Phoenice
593 2901 701 2982 ponit,
733 2901 788 2980 qui
808 2899 879 2960 stlue
895 2916 928 2962 et
948 2921 965 2962 a
983 2901 1099 2963 Nostro
1114 2921 1153 2963 ex
1169 2901 1292 2988 vulgari
1311 2891 1379 2976 capi·

359 3015 430 3066 turn
446 3003 644 3064 distinctione
660 2999 786 3082 probari
799 3001 939 3065 videtur.
972 3003 1036 3064 Alii
1051 3005 1149 3073 euim,
1173 3003 1300 3088 (Cicero
1314 3013 1377 3079 epp·

360 3107 400 3170 ad
419 3103 544 3168 Divers.
564 3119 619 3172 re,
643 3111 697 3180 14.
728 3102 813 3163 Plio.
831 3113 864 3178 5,
889 3114 942 3180 18.
967 3101 988 3165 s.
1009 3119 1068 3168 eo.
1100 3101 1378 3186 stephanosas·

359 3207 487 3268 Malalas
501 3226 528 3268 c.
542 3201 580 3289 l.)
609 3204 716 3283 Syriae
744 3204 879 3266 omnino
902 3201 1095 3277 adscribunt;
1125 3205 1238 3268 Strabo
1258 3201 1314 3264 lib.
1333 3193 1377 3256 16·

360 3329 393 3392 p.
411 3321 495 3385 517.
514 3303 535 3367 s.
553 3319 637 3383 752.
658 3304 836 3374 Seleucidir
867 3303 1069 3367 Ptolemaeus
1086 3317 1118 3384 5,
1140 3317 1195 3384 15.
1221 3303 1305 3388 quod
1321 3313 1390 3389 pers

358 3410 435 3470 inde
460 3407 517 3477 eti,
552 3402 725 3470 Gaffiotidi.
779 3403 923 3466 Nostram
948 3405 1059 3468 Strabo
1085 3427 1112 3470 c.
1137 3407 1159 3468 l.
1185 3407 1291 3488 paullo
1317 3407 1389 3491 ante

359 3509 525 3592 distinguit
547 3505 695 3589 adpositio
715 3505 820 3569 verbis
841 3501 891 3570 ἐπί
912 3505 955 3591 τῇ
982 3501 1157 3594 θαλάττῃ,
1199 3507 1291 3568 numi
1314 3511 1388 3593 spot&

359 3607 545 3688 θαλασααν,
571 3605 709 3688 (Rusche
730 3609 764 3668 in
781 3607 857 3671 Lex.
876 3628 967 3671 num.
987 3610 1028 3672 T.
1043 3625 1076 3672 u.
1098 3609 1134 3671 P.
1155 3624 1186 3669 u.
1211 3629 1244 3690 p.
1267 3595 1375 3684 1472.)

357 3711 471 3775 Cicero
488 3731 514 3774 c.
530 3712 550 3772 l.
575 3709 620 3769 ad
636 3729 740 3782 more,·
766 3707 894 3772 Malalas
910 3729 936 3770 c.
955 3711 976 3772 l.
996 3707 1161 3796 παραλίαν
1181 3725 1282 3772 vocat.
1308 3699 1375 3765 lnde

359 3811 510 3894 Iosephus
525 3811 565 3871 de
580 3809 618 3870 B.
634 3810 705 3870 lud.
720 3830 749 3880 r,
766 3826 823 3880 ut.
846 3831 901 3874 tt.
923 3805 1094 3884 Σελευκεῖς
1108 3805 1286 3898 παραλίους
1301 3803 1374 3864 dicit,

356 3927 390 3976 et
404 3909 538 3993 Dionys.
554 3931 587 3974 v.
607 3923 691 3990 915.
714 3907 892 3998 Λαοδίκην,
919 3905 941 3998 ἧ
962 3909 1065 3974 κεῖται
1089 3907 1136 3975 ἐπ’
1164 3905 1298 3994 ἠϊόνεσσι
1325 3905 1384 3999 5³⁰3

357 4008 489 4100 λα’σσκς.
527 4011 640 4076 Strabo
670 4027 827 4094 praeterea
856 4002 1022 4102 εὐλίμενον
1049 4007 1144 4077 πόλιν
1166 4011 1256 4074 soille
1281 4003 1371 4072 refert.

354 4115 461 4178 Situm
482 4115 551 4175 eius
572 4114 694 4194 optime
717 4111 863 4175 describit
886 4117 1047 4196 llppianus
1070 4115 1110 4176 de
1132 4115 1170 4176 B.
1188 4115 1262 4176 Ciu.
1277 4123 1308 4190 b,
1323 4103 1371 4168 60·

355 4215 414 4277 ubi
429 4214 522 4276 haec:
549 4209 601 4276 iri
622 4235 659 4276 rs
676 4209 876 4302 Χερῥονήσου
898 4213 944 4300 (in
960 4217 1178 4297 promontorio
1196 4211 1276 4308 fito)
1299 4207 1369 4272 Plio·
