2852 4946
205 400 259 460 nn
287 396 427 458 rorte.
456 398 566 456 orat.
606 400 686 456 nr.
730 399 851 458 oxu.
893 396 972 469 to·
1048 405 1113 474 ooo

73 588 127 638 ant
143 573 298 658 largiorea
317 573 445 646 evehit;
469 571 572 652 (Plio.
587 589 621 644 9,
642 574 724 639 106.
742 571 763 637 l.
786 565 890 655 103.)
916 571 1008 636 cuiue
1030 571 1116 634 latua

74 679 174 740 etiam
198 677 349 736 meminit
368 671 520 736 Pococke
536 673 578 734 T.
596 690 630 736 9.
653 693 686 758 p.
703 684 787 753 904.
814 676 869 756 qui
890 675 983 756 pouit
1003 673 1042 734 ad
1064 667 1118 736 ex·

75 791 218 840 tremum
236 777 395 838 Libanum
411 773 518 837 verina
534 775 692 838 orientem
714 776 885 848 aellivum.
911 789 945 836 et
958 773 1126 838 obstructo-

78 899 174 942 amne
196 878 330 939 demum
347 890 472 949 ortum,
498 895 571 938 cum
592 891 718 940 veteres
732 897 806 940 eum
827 878 986 962 ignorent.
1025 875 1118 938 Prae·

77 980 202 1042 terllnit
229 978 433 1041 Antiochiam
442 1020 452 1050 ‚
482 977 613 1062 (Strabo
643 980 743 1060 priori
766 979 854 1048 loco,
891 977 1003 1040 Vibina
1023 997 1051 1040 c.
1073 974 1118 1060 l.)
1175 1057 1181 1072 ι

77 1082 150 1152 rel,
176 1081 263 1161 qnod
282 1080 354 1140 vult
370 1079 498 1142 Pliniua
515 1091 548 1156 5.
569 1091 623 1158 te·
640 1078 662 1142 l.
680 1095 739 1144 99.
759 1099 829 1142 eam
845 1079 972 1150 dividit.
998 1079 1120 1160 dequo

78 1203 117 1246 ex
140 1181 324 1244 auctoribua
350 1181 388 1242 ad
415 1180 544 1243 Vibium
570 1201 603 1262 p.
633 1181 700 1246 160
719 1179 759 1264 lq.
787 1182 959 1264 quaeritur.
1007 1177 1061 1244 Cf.
1086 1191 1121 1242 et

76 1281 198 1364 Polyb.
223 1302 250 1346 c.
271 1284 294 1345 l.
346 1281 432 1344 Ostia
445 1282 514 1344 eius
534 1279 607 1342 lunt
626 1301 693 1344 non
710 1283 806 1368 longo
822 1303 840 1344 a
855 1281 995 1343 Seleucia
1016 1283 1122 1344 Pieria

80 1381 220 1469 (Polyb.
236 1403 262 1446 c.
278 1385 300 1447 l.
333 1382 417 1446 Plin.
436 1395 470 1460 5,
492 1394 548 1460 98.
567 1381 587 1446 l.
606 1379 686 1466 99.)
711 1385 763 1446 vel
787 1392 834 1468 4ο
857 1397 981 1445 tantum
1004 1383 1121 1448 lladiia.

81 1483 220 1562 (Strabo
232 1503 263 1547 c.
280 1485 322 1564 l.)
359 1483 551 1548 Recentiora
566 1485 697 1547 nomina
711 1486 795 1546 varia
812 1479 966 1572 congell'tt
979 1485 1122 1548 Orteliuo

79 1571 152 1650 [v.
170 1583 321 1648 Orontea.
347 1583 398 1648 Cl.
414 1600 448 1649 et
461 1585 606 1648 Oberlin.
623 1586 662 1648 ad
679 1586 808 1648 Vibium
825 1573 856 1670 p.
873 1587 954 1650 161.
989 1585 1123 1650 Nomen

82 1686 226 1750 Orontea
245 1687 338 1770 plano
360 1687 499 1772 ignorari
523 1687 561 1748 ab
583 1687 696 1751 accolis
718 1688 860 1751 adfirmat
884 1689 1008 1766 Volney
1028 1689 1068 1751 T.
1088 1703 1122 1752 9.

82 1807 116 1871 p.
137 1801 221 1864 tr7.
243 1801 275 1850 at
296 1789 447 1870 adpellari
469 1789 564 1850 tradit
585 1785 727 1880 El·aafi
749 1790 771 1853 i.
788 1809 816 1852 e.
841 1787 1021 1862 seditiosum
1061 1789 1123 1850 Po·

83 1885 187 1950 cocke
209 1889 249 1950 T.
267 1904 301 1954 9.
321 1909 354 1972 p.
369 1906 454 1972 9ο4.
476 1903 603 1954 remoto
617 1891 750 1953 articulo
767 1890 863 1954 habet
878 1881 949 1982 Asc,
974 1889 1125 1951 Niebuhr

82 1983 166 2080 Affi,
190 1989 290 2052 Lucan
304 2009 429 2077 voyage
447 1991 525 2054 datu
539 1992 568 2053 la
586 1988 686 2054 Grbce
703 1993 745 2056 T.
761 2011 790 2056 t.
804 2013 836 2074 p.
851 2011 895 2056 m.
914 2003 998 2071 985.
1015 1981 1124 2080 Affert-

78 2083 161 2184 [οτι.
181 2091 331 2174 quidam,
356 2105 394 2154 ut
407 2104 498 2156 notat
513 2091 678 2166 Pococlte,
701 2090 865 2158 Macroni.

160 2293 367 2378 Amanus)
415 2295 775 2382 Peuultimaproducta.
809 2297 930 2370 Graeci,
950 2309 987 2358 ut
1000 2293 1126 2368 Strabo,
1240 2313 1248 2326 ·

86 2387 128 2458 rb
149 2388 290 2480 ’Δμανὸν
317 2388 404 2483 ὅρος,
437 2401 491 2460 vel
512 2401 697 2484 [impliciter
712 2395 752 2462 τὸ
770 2392 911 2488 Annuit,
938 2401 977 2462 fic
996 2411 1035 2460 ut
1056 2390 1128 2484 ὅρος

87 2514 129 2558 ex
150 2515 238 2558 nexu
260 2495 470 2585 intelligatur.
497 2502 550 2564 vel
571 2521 646 2563 cum
668 2502 736 2564 aliia
756 2502 966 2564 coniunctum
990 2498 1128 2560 [obiicia-

89 2609 160 2670 tur,
183 2596 287 2659 veluti
307 2604 391 2682 apud
412 2599 584 2684 telephum
602 2603 636 2664 in
656 2603 778 2683 antiqu.
796 2603 866 2666 lud.
886 2621 916 2675 r,
932 2616 965 2682 8,
988 2623 1018 2664 t.
1040 2593 1131 2664 Totu'·

90 2718 148 2784 ooo
169 2689 224 2760 nni
247 2695 388 2789 ’Δμάνου
414 2701 481 2766 τῶν
504 2698 596 2790 ὀρῶν.
630 2701 681 2766 ef.
703 2707 733 2783 §.
752 2719 785 2766 9.
833 2705 1016 2788 Stephanus
1037 2702 1073 2764 b.
1093 2723 1127 2778 v.

83 2789 230 2890 ’Δμανον
257 2793 331 2888 ὄρος
355 2802 503 2887 (divorso
524 2801 676 2888 accentu)
703 2797 781 2892 πρὸς
804 2805 848 2888 τῆ
877 2801 1022 2890 Κιλικίᾳ.
1055 2799 1127 2888 (Cl.

87 2898 170 2962 inlra
187 2919 227 2963 ex
241 2903 369 2988 Vibio.)
406 2905 493 2966 Hinc
510 2907 703 2968 adiectivum
726 2907 919 2992 adiungitur,
945 2927 978 2968 v.
997 2925 1025 2970 c.
1046 2901 1130 2986 apud

88 3001 253 3064 Valerium
277 3003 376 3068 Flacc.
398 3027 428 3078 r,
450 3017 535 3089 495.
562 3009 595 3068 in
615 2997 749 3098 adverso
768 3009 902 3071 Amano.
944 3009 1034 3068 Idem
1060 3003 1130 3066 lub-

89 3103 248 3186 piendum
269 3121 365 3187 puto,
396 3127 469 3168 cum
492 3107 673 3190 simpliciter
688 3109 722 3168 in
743 3109 861 3171 casibus
881 3107 1019 3188 obliquiu
1033 3103 1129 3195 Ἀμα-

90 3197 145 3268 νὸν
160 3204 289 3290 legitur,
315 3221 348 3269 et
364 3207 441 3270 hinc
456 3209 541 3291 apud
560 3208 767 3270 Plutarchum
778 3207 819 3272 ¹in
836 3211 1003 3272 Demetrio
1025 3227 1053 3270 o.
1068 3215 1128 3290 48.

89 3305 236 3368 Dionem
254 3305 333 3371 Call.
348 3319 409 3387 48,
426 3320 486 3390 4ι.
503 3309 547 3372 in.
562 3301 611 3373 vrb
634 3329 693 3392 pro
712 3301 770 3372 τὸν
788 3307 926 3402 'Aponio
945 3309 1130 3394 legendum.

90 3407 179 3488 quod
207 3420 240 3469 et
261 3409 441 3492 Stephanus
467 3412 645 3475 confirmat.
710 3411 763 3474 Sic
788 3413 872 3497 apud
899 3413 1030 3474 Latinoe
1055 3407 1131 3482 lere,

90 3507 197 3580 veluti
214 3507 416 3584 Ciceronem,
438 3531 534 3592 aquo
551 3511 658 3574 crebra
673 3511 743 3574 eiua
759 3513 795 3576 lit
808 3517 942 3584 mentio,
965 3514 999 3574 in
1015 3511 1133 3576 calibut

92 3607 235 3692 obliquiu
257 3615 429 3693 reperitur.
455 3626 494 3674 ut
515 3633 605 3675 mons
623 3608 817 3699 subintelligi
838 3611 949 3698 possit.
975 3627 1007 3676 et
1022 3613 1061 3676 fic
1077 3612 1133 3697 qni

92 3729 187 3773 mons
201 3713 358 3775 continuo
374 3711 568 3795 lublequitur
580 3717 614 3775 in
628 3733 700 3797 epp.
715 3713 754 3776 arl
769 3715 883 3780 divers.
902 3733 934 3787 9,
953 3735 1011 3780 ιο.
1035 3717 1132 3778 Amn-

91 3830 155 3874 nus
176 3826 284 3875 tamen
305 3813 489 3897 simpliciter
502 3816 614 3878 Vibius
629 3835 701 3899 pag.
721 3827 776 3894 ιθ.
812 3834 929 3899 nempe
950 3819 985 3878 in
1002 3811 1132 3878 recensu

92 3911 231 3975 aliorum
258 3917 432 3980 montium.
496 3915 628 3980 Nomen
651 3919 720 3978 eiuo
740 3937 780 3980 ex
802 3917 906 3981 tabula
927 3919 1044 3999 repetit
1063 3917 1131 3980 Ste-

92 4015 232 4094 phanus.
259 4027 302 4086 et,
330 4019 385 4099 qui
407 4037 481 4080 eum
495 4017 646 4088 reddidit,
668 4017 797 4093 suidam
836 4019 922 4101 quod
940 4017 1063 4081 Orellec
1085 4017 1132 4080 ibi

91 4115 149 4204 τῆς
171 4111 292 4208 μανίας
314 4113 409 4186 λύσιν
433 4101 517 4213 εὗρε.
567 4117 620 4186 Δὶ)1
635 4117 791 4186 Hebraico
811 4139 893 4187 voce
908 4121 1030 4187 Amana
1053 4120 1076 4185 i.
1101 4137 1131 4184 e.
