2892 4950
171 415 389 477 meone.
420 416 527 474 MEL.
568 415 648 473 Lt.
692 417 855 475 exvm.
898 419 977 493 §.4
1040 429 1104 498 539

56 585 287 656 nemintibus
304 584 518 668 temtinatur,
545 607 683 674 quarum
698 609 765 652 una
780 589 824 650 911
841 589 882 652 ad
899 585 1035 663 Zeliam,
1052 593 1106 671 (tr)

61 697 167 757 ultera
201 695 340 754 Lectum
374 705 512 752 vocatur
546 687 813 772 promontorium
846 712 950 777 prope
985 692 1104 756 Alsum.

60 799 168 858 Porro
192 789 335 876 exsurgit
356 787 392 852 in
415 787 525 876 aliqua
549 787 740 864 cacumina,
774 789 976 878 inquorum
997 809 1107 858 tamen
1155 841 1159 846 -

62 915 206 959 numero
231 909 264 955 et
287 889 456 954 notatione
483 889 613 953 variant
640 909 802 958 auctores.
856 892 912 958 sic
940 897 1106 958 Homerue

63 1001 102 1060 ll.
124 1007 181 1078 94,
209 1013 291 1076 999.
325 994 504 1074 Gargarum
529 1009 627 1056 vocat
657 987 876 1082 riupou'ldryr3
922 995 1108 1081 cs.„supta;

64 1101 201 1164 Lectum
223 1097 301 1158 ldae
322 1109 451 1178 partem
473 1090 551 1154 facit
575 1091 611 1156 19
630 1095 796 1178 Aegaeum
816 1117 908 1158 mare
930 1097 1108 1161 exstantem

64 1203 105 1262 11.
126 1207 183 1278 94,
203 1207 285 1276 984.
313 1195 403 1280 quod
417 1191 547 1258 Plinius
565 1205 597 1272 5,
618 1210 675 1273 39.
692 1195 713 1258 s.
731 1211 789 1274 30.
813 1195 936 1284 aliique
948 1219 1108 1282 promon-

66 1297 193 1364 torium
208 1299 386 1382 adpellant.
426 1296 617 1358 Secundum
637 1297 746 1360 Schol.
770 1295 929 1362 Nicandri
945 1300 987 1362 ed
1003 1297 1109 1363 Alexi·

65 1403 197 1488 phorm.
219 1422 250 1462 v.
273 1409 334 1478 4ο.
361 1412 503 1483 quatuor
526 1397 600 1460 sunt
628 1398 705 1460 ldae
733 1394 878 1488 κορυφαὶ
900 1403 955 1462 rel
978 1396 1111 1487 11993491,

68 1501 246 1570 Ρ19919999,
274 1501 417 1570 Lectum,
445 1500 568 1580 Sigeum
587 1514 620 1560 et
639 1500 796 1582 Gargara.
834 1503 976 1564 Taetzes
992 1503 1033 1565 ad
1049 1505 1111 1584 Ly-

67 1604 232 1687 cophron.
257 1623 289 1663 v.
309 1613 364 1680 94.
389 1615 422 1662 99
446 1615 551 1674 9970.
576 1599 723 1664 recenset
745 1613 770 1681 4
791 1599 863 1664 eius
882 1602 1112 1688 promontoria

69 1705 249 1770 Pholum,
276 1703 419 1769 Lectum,
447 1701 638 1781 Gargarum,
664 1703 867 1784 Pergamum,
893 1725 1013 1788 nempe
1033 1703 1112 1790 quia

69 1803 183 1890 aliqua
214 1799 387 1866 cacumina
422 1803 513 1864 19991
542 1799 578 1864 in
613 1823 704 1865 mare
735 1801 980 1888 prominebant.
1031 1804 1112 1870 Tria

69 1925 153 1968 vero
174 1919 305 1967 tantum
321 1900 467 1988 agnoscit
482 1903 593 1966 Schol.
609 1901 746 1966 Homeri
763 1905 804 1966 ad
819 1907 855 1966 ll.
872 1915 906 1984 8,
923 1917 983 1984 48.
1018 1909 1113 1970 Cete-

69 2029 148 2072 rum
165 2007 206 2068 ab
224 2007 290 2068 hoc
308 2006 500 2068 et'Cretensr
515 2021 629 2068 monte
648 2005 750 2067 celsus
767 2003 909 2091 quisque
931 2009 1114 2070 vocabatur

69 2107 176 2172 etiam
191 2107 260 2177 1919,
287 2121 324 2168 99
340 2121 433 2168 notat
446 2105 590 2170 Eustatlr.
608 2106 649 2167 ad
663 2108 801 2170 Homer.
814 2109 853 2171 ll.
874 2127 906 2179 9,
924 2117 1007 2184 899.
1024 2131 1056 2194 p.
1066 2130 1113 2172 m.

73 2212 161 2286 967.
196 2207 310 2272 Noller
330 2215 440 2270 autem
458 2227 476 2268 a
491 2207 633 2270 Cretensi
654 2225 776 2270 nomen
793 2205 879 2270 tulit.
906 2210 1038 2286 (Strabo
1060 2225 1114 2288 93.

69 2334 105 2399 p.
120 2313 208 2394 496.
225 2310 247 2374 1.
263 2311 346 2390 604.
368 2325 402 2372 99
421 2329 461 2371 ex
475 2327 514 2370 eo
528 2307 672 2373 Eustatlr.
690 2309 731 2372 ad
744 2305 876 2390 Dionys.
894 2332 925 2371 r.
942 2316 1042 2390 498.)

149 2510 426 2594 Diuorum)
476 2505 574 2575 ovid.
600 2509 688 2596 epill.
712 2513 766 2584 96,
791 2513 850 2590 65.
880 2525 1003 2598 tresque
1016 2509 1119 2605 fimus

71 2613 208 2684 Divae,
244 2613 353 2677 Venus
378 2627 408 2675 et
433 2633 504 2674 aum
527 2613 664 2674 Pallada
689 2617 783 2676 Iuno.
845 2613 945 2698 Quod
972 2613 1117 2700 sequitur

74 2711 246 2778 iudicium
253 2711 394 2783 Paridis,
410 2709 546 2798 plurimi
561 2729 710 2777 99990999
720 2711 919 2797 adtigerunt,
936 2718 989 2777 vel
1003 2731 1119 2778 tracta-

74 2833 167 2881 runt.
202 2814 274 2880 Vid.
291 2813 405 2900 Eurip.
419 2812 454 2877 19
471 2811 575 2901 lphig.
595 2812 629 2876 in
645 2819 717 2880 Aul.
732 2837 764 2878 v.
787 2831 890 2892 9307.
919 2819 991 2878 1191.
1007 2839 1038 2880 v.
1060 2829 1116 2898 94.

75 2918 203 2982 Τ90991.
219 2940 250 2978 v.
266 2919 350 2997 976.
380 2914 490 3000 Virgil.
507 2920 587 2980 den.
610 2939 647 3008 1.
661 2935 717 2993 97.
745 2915 843 2980 Ovid.
861 2937 888 2980 c.
905 2919 925 2979 l.
947 2932 979 2978 et
999 2918 1118 2980 Fallor.

76 3023 114 3092 6,
131 3029 194 3101 44.
232 3019 349 3081 Strabo
371 3035 423 3096 13.
446 3041 478 3102 p.
499 3029 585 3097 497.
606 3019 627 3080 1.
648 3019 732 3083 606.
758 3014 898 3102 aliique,
931 3014 988 3102 qui
1011 3017 1118 3080 uomi-

76 3136 203 3212 nantpr
220 3141 238 3182 9
257 3121 425 3182 Drakenb.
442 3119 482 3180 ad
499 3116 558 3181 Sil.
576 3119 648 3181 Ital.
666 3135 700 3195 7,
716 3128 802 3198 437.
825 3116 860 3178 in
881 3115 997 3201 primis
1019 3119 1117 3182 Colu-

76 3224 158 3287 thue
176 3220 218 3282 de
233 3237 331 3306 raptu
345 3221 501 3300 Helenae,
524 3235 558 3282 et
576 3217 744 3282 Lucianue
761 3217 797 3281 in
813 3216 933 3302 dialog.
949 3221 1049 3282 Deor.
1062 3238 1118 3284 9ο.

76 3337 211 3411 praeter
224 3320 323 3386 Ovid.
341 3319 497 3404 9911196.
521 3318 756 3414 9931119919.
774 3323 795 3384 1.
828 3320 938 3404 Quod.
960 3317 1121 3404 ignorasse

78 3427 280 3496 Homerum,
307 3419 442 3508 quidam
462 3421 681 3497 contendunt,
706 3419 743 3485 in
762 3419 803 3483 iia
816 3417 959 3484 maxime
972 3423 1120 3486 Macrob.

80 3527 217 3590 Statum.
241 3539 276 3603 5,
302 3526 355 3586 16.
392 3525 550 3608 leguntur
584 3521 720 3608 quidem
747 3523 788 3584 de
812 3542 851 3584 eo
879 3520 1120 3609 9114991194,

83 3639 131 3705 98
150 3626 195 3712 sq.
223 3625 277 3688 sed
293 3622 399 3709 spuria
415 3639 449 3687 et
466 3625 597 3688 obtrusa
613 3625 785 3688 habentur.
818 3623 869 3686 Cs.
886 3625 987 3687 Ursm.
1002 3620 1037 3686 19
1052 3621 1121 3685 Vir·

79 3725 165 3814 gilio
189 3748 218 3790 9.
235 3728 290 3790 69.
306 3723 451 3810 scriptor.
467 3729 555 3790 conl.
576 3747 608 3809 p.
629 3729 708 3806 196.
734 3741 768 3788 et
788 3727 904 3803 Heyne
923 3726 966 3787 991
986 3727 1122 3788 Homer.
1242 3795 1245 3808 ‚

79 3853 109 3896 c.
127 3833 150 3894 l.
190 3827 330 3892 Accessit
346 3848 414 3889 non
436 3828 538 3889 solum
563 3827 818 3890 Hemllerhusrus
838 3827 877 3888 ad
901 3823 1122 3891 Lucienus.
1200 3846 1203 3852 ·

80 3933 137 3996 sed
161 3947 195 3993 et
212 3946 438 3992 commentum
456 3926 546 3990 illins
563 3927 679 3992 iudicii
703 3928 773 4014 poll
784 3929 967 3990 Homerum
988 3927 1124 3989 demunt

80 4030 242 4120 prodiisse
258 4028 434 4105 existimat,
461 4027 585 4116 quippe
608 4028 665 4115 qui
690 4027 874 4094 9119919999
893 4024 971 4090 belli
995 4027 1123 4092 causam

80 4154 246 4207 exornare
261 4129 433 4198 0991119999
448 4152 517 4197 909
532 4127 647 4194 1911199.
686 4128 787 4196 Dabit
798 4128 891 4194 idem
909 4129 1015 4216 plura.
1054 4130 1125 4194 Ser·
