2922 4958
380 427 444 496 890
650 416 813 476 NOTAE
854 418 1157 478 axaoartcaa

379 589 537 652 Marcion.
553 591 680 655 Heraci.
696 593 728 674 p'.
745 608 804 664 71.
821 589 920 654 Hudi.
943 589 1019 656 facit
1039 606 1107 671 ¹5⁰
1128 591 1321 662 stadiorum,
1345 609 1418 652 eum

378 693 414 754 itt
437 695 546 754 tabula
564 709 596 770 7.
613 693 659 756 Μ.
682 693 719 756 P.
743 689 764 755 ἰ.
787 711 816 756 e.
841 695 888 771 56
909 694 1013 758 stadiie
1036 696 1176 757 invioem
1199 693 1328 755 diderat.
1380 693 1419 752 Et

381 792 422 856 lic
436 793 549 856 diserte
569 796 681 858 urbem
700 796 894 857 maritimam
913 798 989 857 dicit
1002 797 1138 879 Procop.
1155 795 1194 856 de
1211 793 1249 857 tt.
1267 791 1369 856 Goth.
1386 805 1418 870 4.

383 913 416 958 9.
436 897 479 959 ἰη.
519 897 678 972 Lucienus
701 900 735 958 in
755 899 873 960 Toxari
891 917 956 979 cap.
974 911 1031 976 57.
1060 897 1115 978 qui
1138 917 1155 956 a
1175 895 1331 960 Carambt
1355 915 1417 956 non

380 997 521 1059 multum
538 999 649 1061 distare
666 997 781 1068 scribit,
808 1012 839 1060 et
860 999 925 1061 alii.
974 1001 1036 1062 Sed
1058 999 1147 1080 quod
1171 995 1418 1067 redonatiaco.

380 1099 494 1163 Strabo
510 1101 544 1162 in
559 1119 660 1184 paene
675 1099 778 1162 insula
794 1103 897 1183 ponit.
934 1099 977 1164 H.
1000 1097 1157 1194 Antaflro.

461 1301 681 1384 Cromnos)
723 1303 778 1365 Gr.
798 1297 952 1392 Κρῶμνα.
975 1301 1129 1391 Kpitiptm,
1152 1293 1307 1389 lipdprq.
1330 1295 1420 1378 (Hoc

380 1405 497 1488 legitur
513 1407 597 1486 apud
614 1405 725 1466 Tzetz.
742 1407 781 1465 ad
798 1405 956 1486 Lycophr.
971 1425 1003 1468 v.
1014 1417 1099 1482 599.
1116 1425 1156 1466 ex
1168 1400 1334 1487 dialecto.)
1370 1405 1418 1462 De

380 1505 507 1568 insolita
529 1507 753 1569 terminatione
769 1507 802 1567 in
822 1527 859 1568 os
874 1507 940 1566 dixi
956 1508 989 1566 in
1005 1520 1074 1568 not.
1094 1507 1163 1568 crit.
1179 1526 1211 1587 p.
1227 1515 1314 1582 588.
1351 1505 1417 1565 Ste-

378 1608 504 1692 phanus
520 1608 594 1669 iude
607 1608 731 1680 detinet
740 1603 937 1696 lipwpttirqt,
954 1605 1142 1696 Kptopvaiot
1156 1599 1416 1696 etliptnpttete'ut,

378 1728 524 1792 proquo
546 1708 728 1772 Eustathiue
750 1711 788 1770 ad
814 1709 990 1771 Homerum
1015 1711 1049 1770 il.
1071 1727 1102 1778 9,
1118 1720 1202 1787 855.
1219 1727 1251 1787 p.
1266 1727 1314 1771 m.
1334 1719 1415 1784 979.

379 1811 486 1872 reddit
502 1800 694 1897 Κρωμνιεὺς.
731 1811 913 1892 Stephanus
934 1811 1047 1872 urbem
1069 1810 1312 1892 Paphlagoniae
1329 1811 1416 1878 dicit,

307 1913 312 1930 “
381 1913 435 1972 aiii
455 1913 553 1974 etiam
569 1909 692 2000 χωρίον
709 1906 936 1999 Ἀμάστριδος.
962 1913 1076 1974 eodem
1095 1911 1178 1974 teste.
1232 1909 1332 1994 Quod
1353 1909 1417 1992 ipie

378 2012 449 2098 post
470 2013 638 2105 Aotofiritn
652 2016 852 2075 nominatam
874 2013 933 2074 eise
948 2014 1094 2074 adfirmat
1116 2011 1170 2072 iub
1186 2012 1219 2074 h.
1236 2032 1269 2074 v.
1295 2013 1331 2072 in
1354 2031 1417 2092 quo

380 2113 613 2178 adsentientem
627 2114 723 2176 habet
740 2113 909 2176 Genestum
923 2115 963 2176 de
977 2117 1071 2176 rebutt
1089 2113 1289 2176 Constantio.
1306 2113 1366 2177 lib.
1385 2128 1418 2190 5.

379 2235 413 2299 p.
433 2229 490 2294 98.
508 2218 587 2279 Ven.
614 2217 646 2276 id
668 2237 705 2279 ex
723 2214 873 2298 superiori
894 2230 970 2276 nota
994 2216 1125 2278 iudicari
1149 2213 1259 2296 potest.
1281 2213 1349 2298 ¹Cf.
1373 2229 1418 2276 ta·

379 2337 456 2380 men
472 2334 633 2400 praeterea
649 2317 773 2380 Politue
789 2321 828 2379 ad
845 2317 1045 2378 Euiiatbiutn
1063 2319 1095 2377 itt
1113 2316 1244 2378 Homer.
1263 2316 1362 2379 Tottt.
1382 2333 1416 2379 9.

378 2439 412 2503 p.
430 2430 512 2498 784.
556 2419 651 2481 Urbie
672 2421 894 2500 antiquitatem
912 2431 1021 2478 tuetur
1041 2418 1201 2480 Homente
1219 2417 1255 2478 ΙΙ.
1276 2433 1309 2486 9.
1327 2427 1348 2493 8
1355 2431 1412 2496 55.

378 2533 411 2582 et
429 2521 617 2602 Apolloniae
638 2538 668 2591 9.
685 2532 770 2602 949.
813 2523 850 2582 ln
867 2521 952 2580 edito
968 2520 1038 2580 loco
1054 2519 1141 2580 fitam
1157 2516 1257 2587 iuiffe,
1282 2521 1415 2599 adparet

377 2639 417 2682 ex
444 2621 566 2682 Valerio
591 2621 637 2682 tt.
656 2635 688 2698 5,
718 2623 796 2684 ιοό.
832 2621 890 2681 ubi
918 2620 1073 2682 Cromnae
1103 2621 1181 2699 iuga
1214 2638 1416 2682 commemo·

376 2737 507 2792 rantur,
541 2721 597 2782 etst
619 2721 658 2782 ad
681 2724 835 2784 viciniam
859 2725 956 2784 etiam
989 2719 1097 2784 reterri
1125 2715 1238 2802 poffit.
1273 2723 1416 2782 minuit

377 2822 537 2886 Heinstne.
570 2825 607 2884 ln
624 2825 730 2886 numia
744 2839 1017 2885 connnemoratur
1034 2823 1177 2906 adpoiito
1192 2823 1295 2902 capite
1314 2825 1415 2887 iovis.

376 2924 511 3006 (natoue
528 2927 562 2986 iu
582 2925 658 2988 Lex.
676 2947 765 2988 num.
781 2927 820 2986 T.
843 2947 871 2988 t.
889 2926 924 2986 P.
941 2941 973 2986 9.
994 2945 1023 3007 p.
1048 2927 1166 3002 1084.)
1220 2921 1416 3004 Neptunum

376 3039 499 3090 tamen·
515 3027 548 3087 in
576 3046 613 3088 ea
638 3027 759 3088 cultum
787 3023 875 3087 fuiffe
900 3027 996 3086 tradit
1021 3027 1157 3088 Tzetzei
1184 3023 1223 3084 ad
1249 3025 1415 3108 Lycophr.

375 3147 410 3192 v.
425 3142 511 3208 599.
550 3127 713 3192 Hactenue
730 3128 806 3190 urba
823 3127 975 3190 innotuit.

458 3319 677 3420 Cytisoro)
726 3329 763 3390 in
780 3330 913 3392 nomine
928 3330 1056 3390 variant
1072 3341 1226 3390 auctores.
1248 3327 1411 3394 Herodot.

378 3447 412 3510 7.
442 3447 522 3512 197.
557 3432 707 3512 dpoiion.
731 3431 840 3492 tttott.
860 3447 892 3498 9.
922 3445 1025 3508 ιι57.
1052 3429 1272 3512 Κυτίσσωρος
1315 3429 1414 3494 fiori·

377 3553 477 3620 σωρος
492 3553 565 3594 cum
584 3533 708 3595 Latinis
725 3533 864 3613 plerique
881 3533 944 3602 aiii,
967 3546 999 3594 et
1015 3533 1046 3592 in
1066 3547 1168 3593 metro
1186 3531 1285 3591 Valet.
1306 3533 1411 3596 flacc.

379 3647 412 3714 5.
429 3639 515 3714 465.
543 3635 638 3716 idque
660 3636 837 3718 genuinum
861 3632 964 3695 censet
987 3633 1173 3694 Vaickertar.
1189 3631 1227 3690 ad
1248 3631 1410 3696 Herodot.

377 3755 404 3800 c.
422 3737 444 3799 Ι.
468 3737 603 3796 aiterum
624 3737 718 3796 metri
735 3733 826 3795 causa
848 3738 1036 3816 ponendum
1057 3733 1127 3796 effe.
1162 3731 1213 3795 Cf.
1231 3733 1330 3794 etiam
1355 3755 1411 3796 no·

376 3851 428 3902 tae
444 3839 571 3898 criticae
588 3837 626 3896 ad
644 3837 677 3900 h.
694 3838 715 3898 1.
739 3854 812 3919 pag.
833 3849 902 3915 589
918 3834 959 3918 sq.
984 3849 1015 3896 et
1032 3855 1113 3917 qnae
1130 3835 1168 3892 ad
1183 3835 1370 3914 Apodemc.
1386 3837 1408 3898 Ι.

375 3943 505 4002 monuit
532 3937 724 4002 Brmtckine.
761 3938 903 4020 Quidam
932 3938 1083 4019 Cytorum
1109 3937 1252 3996 eundum
1277 3951 1408 4004 vocant.

376 4043 463 4124 quod
481 4059 582 4105 nexue
600 4041 758 4111 declarat,
784 4055 820 4102 nt
838 4039 1021 4108 strabona.
1041 4058 1072 4120 p.
1090 4037 1174 4118 376.
1192 4034 1214 4122 s.
1230 4049 1316 4118 545.
1342 4041 1408 4102 Ste-
