2796 4956
205 417 257 474 IN
283 414 420 472 touta.
449 415 557 472 MEL.
600 415 681 472 t..1.
723 415 858 488 c.vtt.
886 417 964 487 §.a
1041 435 1101 496 ¹77

60 608 136 672 quos
160 591 335 652 nominant
356 586 488 652 Camers
510 599 543 652 et
564 585 690 652 Duker.
715 589 753 650 ad
778 590 907 651 Florum
925 599 958 672 4.
986 610 1017 662 e,
1038 608 1098 666 70.

60 691 185 753 Eodem
201 687 269 752 fere
285 690 385 750 modo
402 688 525 752 Plinius
542 699 577 765 5.
596 704 629 768 3.
642 687 663 751 s.
674 701 708 769 4.
732 688 833 751 Utica
851 691 984 756 Catonia
1002 707 1099 756 ritorto

58 789 182 861 nobilis,
210 805 243 854 et
260 791 408 853 Martiae.
427 791 505 872 Cap.
523 788 555 854 6.
576 811 608 871 p.
622 792 704 854 216.
733 790 831 852 [stica
850 793 983 854 Catonia
1000 807 1099 856 morte

60 892 276 955 mertroranda.
311 893 459 972 Denique
475 892 613 954 notanda
629 891 745 973 duplex
762 895 812 954 vis
826 893 917 956 verbi
931 907 964 957 et
978 913 1098 958 accam·

58 995 215 1065 modetia.
242 1007 314 1056 tum
333 1007 406 1054 nata
425 977 501 1054 inde
522 993 648 1078 elegans
667 992 815 1058 brevitas.

132 1195 334 1278 eolouio)
385 1196 529 1260 Deducta
554 1192 618 1256 fuit
641 1215 726 1258 anno
752 1195 821 1278 poll
853 1199 1014 1260 excidium
1039 1213 1097 1279 23.

61 1293 109 1386 [a.
124 1317 158 1359 u.
179 1293 290 1384 629.]
317 1311 444 1360 auctore
461 1297 498 1360 C.
515 1288 706 1378 Setupr‘onio
721 1298 873 1368 Graccho,
898 1301 1015 1382 dequo
1030 1302 1098 1366 vid.

60 1386 172 1460 Vellei.
191 1398 314 1460 Patere.
332 1413 365 1468 Ω,
387 1411 440 1474 ι5.
470 1394 524 1484 [ct
546 1420 573 1468 ι,
596 1410 650 1474 15.
667 1391 723 1482 4.]
748 1411 780 1460 et
802 1412 878 1461 tunc
893 1402 1030 1462 Irtrtom'n
1046 1401 1099 1464 ad·

59 1501 195 1582 peliatu
222 1497 274 1560 led
288 1500 379 1560 nullo
395 1497 539 1562 fortunae
558 1497 704 1562 luccell'u.
741 1499 835 1560 Antio
852 1501 921 1583 poll
936 1503 1098 1564 excidium

66 1616 144 1662 itte.
170 1597 260 1661 lulio
281 1599 411 1662 Caesare
433 1612 561 1661 auctore
582 1601 682 1660 maior
702 1602 791 1681 copia
814 1603 1000 1663 colonorum
1022 1603 1098 1665 illuc

59 1701 145 1764 milla
161 1697 229 1760 fuit
247 1697 440 1762 felicioribus
455 1698 617 1782 auspiciis;
645 1705 772 1762 moenia
792 1701 922 1771 relecta.
946 1703 1019 1764 urba
1039 1702 1099 1766 fre·

61 1797 277 1884 quentilltntic
299 1802 448 1864 aediliciis
467 1802 607 1870 exculta.
641 1801 803 1882 pristinum
827 1822 948 1865 nomen
971 1804 1100 1866 Carthe-

60 1904 142 1987 ginis
162 1901 405 1974 ebredunum
438 1902 478 1963 de
494 1921 556 1983 qua
576 1902 626 1964 hic
640 1901 741 1972 Mela,
766 1922 798 1981 a.
811 1905 850 1966 U.
863 1903 900 1966 C.
920 1919 1003 1978 710.
1025 1919 1100 1968 ante

62 2003 103 2066 N.
123 2003 207 2066 Chr.
226 2015 286 2080 58.
318 2023 336 2064 a
359 2023 419 2084 qua
441 2001 663 2064 instauratione
685 2001 813 2065 fortuna
838 2004 916 2065 adeo
939 2007 969 2066 ei
989 2007 1099 2077 crevit,

62 2119 99 2164 ut
118 2105 282 2185 proximis
302 2103 429 2166 saeculis
452 2103 604 2165 omnibus
620 2101 741 2166 Africae
763 2104 945 2166 civitatibus
965 2107 1101 2168 antecel-

61 2205 165 2276 luerit,
192 2218 227 2267 et
249 2217 316 2280 125
332 2203 529 2286 episcopatus
544 2201 598 2264 lob
612 2201 642 2266 le
656 2205 810 2266 hahuerit.
837 2224 1007 2268 onanvtvs
1022 2207 1099 2272 MS.

62 2306 204 2368 Primam
219 2305 302 2366 hauc
317 2303 405 2366 luille
420 2305 589 2376 coloniam,
610 2326 703 2385 quam
721 2307 858 2367 llomani
874 2321 959 2370 extra
976 2309 1101 2370 ltaliam
1179 2339 1180 2349 κ

64 2408 288 2484 condiderint,
313 2420 403 2468 notat
418 2406 527 2471 Vellei.
544 2425 589 2468 cc.
605 2407 639 2468 ll.
675 2406 814 2467 suaserat
828 2406 978 2476 Rubrius.
1002 2409 1102 2469 tribu·

64 2529 120 2570 aare
143 2507 252 2590 plebis
271 2507 452 2585 (Plutarch.
472 2507 507 2566 in
528 2509 593 2568 vita
612 2505 650 2568 C.
670 2507 801 2568 Gracchi
820 2526 847 2568 c.
869 2512 944 2584 to.)
969 2511 1101 2572 deduxit
1186 2531 1187 2534 ¹

66 2611 101 2672 C.
117 2609 300 2678 Gracchus.
328 2609 397 2669 eius
420 2607 558 2691 collega.
586 2620 623 2668 ut
638 2621 763 2668 nunant
783 2623 904 2689 praeter
925 2610 996 2671 illos
1015 2611 1101 2670 Livii

65 2713 140 2794 epit.
159 2711 223 2773 60.
255 2709 390 2790 Appian.
410 2710 450 2770 de
472 2709 538 2771 reb.
559 2708 641 2770 Pan.
664 2725 690 2771 c.
715 2710 794 2786 136.
820 2724 853 2770 et
870 2711 909 2770 de
925 2711 962 2770 B.
979 2711 1052 2774 Cia.
1072 2731 1100 2782 ι,

64 2825 121 2890 24.
149 2810 258 2873 Solia.
281 2829 347 2890 cap.
367 2824 423 2888 50.
448 2807 468 2871 f.
486 2824 544 2887 27.
574 2807 664 2872 Otol.
688 2821 720 2886 5.
753 2825 807 2871 tn.
859 2812 1024 2872 De.altera
1049 2811 1102 2874 de·

65 2914 221 2974 ductione
239 2910 377 2971 adeundi
394 2910 506 2970 Strabo
527 2927 580 2981 17.
596 2932 628 2992 p.
642 2923 726 2990 573.
741 2908 761 2971 s.
780 2922 863 2988 835.
890 2914 951 2973 Dio
966 2923 1024 2988 [23.
1040 2927 1101 2988 50.

65 3011 200 3076 Paulan.
228 3029 259 3082 e.
284 3031 314 3074 ι.
351 3011 508 3072 Plutarch.
530 3013 564 3072 in
588 3009 675 3072 Cael.
701 3031 727 3073 c.
747 3009 847 3090 ΜΛ.
881 3013 1101 3094 Appian.c.l.
1169 3005 1170 3008 '

66 3115 170 3200 Solio.
189 3133 217 3175 c.
239 3113 260 3174 l.
313 3113 474 3193 Appianas
497 3125 620 3184 tamen.
652 3132 726 3172 cum
748 3126 820 3173 ante
840 3133 907 3172 rem
932 3110 1103 3195 perfectam

66 3217 209 3276 incuria
232 3211 350 3274 occisus
369 3211 443 3276 ellet
454 3211 584 3283 Caesar,
611 3213 649 3274 ab
671 3213 809 3296 Augullo
831 3215 991 3282 conditam
1012 3212 1103 3276 luille

65 3330 170 3377 narrat
186 3333 288 3396 prope
306 3329 465 3384 veterem,
491 3328 528 3372 ut
543 3315 702 3396 Scipionis
719 3315 868 3383 devotio,
892 3317 991 3394 qualis
1006 3317 1107 3374 etiam.

67 3422 100 3478 in
117 3416 284 3480 Corintho
307 3412 384 3476 facta
401 3430 476 3482 etat.
497 3415 659 3491 (Macrob.
676 3417 801 3478 Satura.
819 3427 851 3491 3.
870 3433 904 3492 9.
928 3418 989 3491 —)
1017 3434 1107 3476 cave·

67 3533 168 3581 retur.
224 3517 269 3575 lta
289 3517 418 3595 quidem
442 3517 475 3575 in
504 3517 599 3595 priori
623 3515 712 3589 loco;
747 3517 782 3574 in
811 3516 974 3594 palleriori
1000 3531 1106 3578 tamen

69 3631 269 3681 contemtum
286 3617 370 3676 illam
387 3615 476 3676 suilla
496 3613 608 3685 scribit.
632 3637 705 3677 cum
725 3616 882 3678 Gracchus
896 3635 934 3676 eo
949 3617 1106 3678 coloniam

70 3721 264 3786 deduceret.
291 3731 324 3778 et
346 3717 467 3778 Plinius
483 3728 514 3792 5,
532 3731 564 3795 3.
580 3715 600 3779 l.
619 3734 652 3793 a.
673 3719 705 3778 in
729 3717 866 3799 vestigiis
889 3737 1019 3800 magnae
1034 3717 1108 3780 Car·

72 3821 211 3904 thaginis
227 3819 390 3878 conditam
410 3819 562 3880 adsumat.
600 3821 663 3879 Dio
681 3817 799 3880 Cellius
815 3817 870 3879 lib.
889 3833 946 3893 52.
964 3834 1043 3880 extr.
1064 3820 1109 3880 ita

73 3943 139 3983 rent
155 3920 299 4001 expedit.
319 3918 501 4000 Augustum,
520 3921 604 3998 quod
620 3915 909 3999 [tepidiuslllricae
923 3917 1107 4000 praelectus,

74 4025 138 4088 eine
153 4035 278 4103 portent
294 4019 405 4080 incolis
418 4019 580 4082 orbaverat
595 4033 628 4081 et
642 4021 783 4081 coloniae
796 4021 844 4078 ius
860 4017 1006 4080 lut‘tutille
1022 4020 1109 4080 vide·
1141 4001 1147 4010 ¹

74 4123 180 4192 batur.
216 4122 330 4182 denuo
359 4120 491 4182 colonos
513 4138 553 4182 eo
577 4119 746 4194 deduxiss‘e.
798 4117 849 4180 ef.
882 4119 1042 4184 Fabricius
1069 4120 1110 4184 ad

118 4239 214 4316 Pomp.
233 4236 328 4294 Melo.
349 4236 464 4311 [crepat.
481 4235 518 4291 L.
538 4236 561 4291 l.
816 4219 854 4282 M
