2892 4950
231 427 233 430 .
351 389 415 453 5⁰⁸
620 371 779 434 NOTAE
819 369 1120 428 Excetzrtcatt

283 529 288 535 “
355 550 396 610 Τ.
421 567 448 610 ι.
466 546 504 609 P.
523 557 555 610 Ω.
578 567 612 629 p.
627 545 710 626 697.
743 545 927 608 Celebratur
950 561 1045 628 porro
1064 540 1261 620 Colophonio
1280 533 1371 628 restro

356 647 532 712 Dioscorid.
554 669 583 716 1.
604 663 663 728 93.
697 648 840 712 Scribon.
860 649 941 708 206.
970 647 1053 707 Plio.
1073 645 1134 712 26,
1154 655 1211 721 38.
1228 640 1248 702 i.
1265 653 1295 718 8.
1328 641 1372 699 ln·

358 753 424 814 cola
450 753 683 830 Colophonius,
724 751 808 810 unrle
839 746 1098 828 Colophoniacua
1132 743 1307 810 descendit,
1338 740 1372 798 de

358 854 504 917 Homero
526 854 607 934 apud
632 851 739 930 Virgil.
761 853 793 911 in
815 850 884 912 Ciri
903 869 933 909 v.
951 846 1010 925 65.
1061 846 1172 908 Hodie
1194 843 1266 906 urba
1286 839 1374 902 ruinir

358 953 461 1016 diruta
489 954 579 1014 iacet.
630 952 729 1032 Quod
757 965 861 1012 tamen
897 953 1024 1008 tradunt
1056 962 1202 1010 auctores
1228 939 1375 1026 Anglicani

357 1053 428 1114 hill.
453 1053 589 1114 univers.
608 1054 647 1114 T.
668 1053 701 1116 6.
723 1072 755 1135 p.
771 1065 855 1132 231.
879 1049 1068 1132 quibusdam
1084 1048 1130 1112 eli
1152 1035 1316 1136 Altobosro
1332 1038 1375 1102 rel

358 1157 457 1219 etiam
478 1154 654 1217 Belocderr.

426 1347 460 1446 f
468 1357 503 1418 il
517 1357 563 1418 iu
577 1354 621 1436 s)
670 1353 883 1418 Mimnermur
906 1353 981 1415 telle
1003 1351 1162 1416 Strabone
1181 1356 1237 1431 ι4.
1259 1367 1290 1429 p.
1304 1351 1377 1421 485.

359 1455 489 1534 [688.
529 1457 786 1520 Andraemonem
818 1457 949 1538 Pylium
987 1455 1194 1518 conditorem
1227 1453 1378 1512 iactaverit

358 1571 432 1618 cum
457 1559 537 1620 aliia.

427 1752 627 1851 filius)
675 1760 789 1824 Manto
815 1760 945 1842 quidem
977 1757 1134 1820 immbam
1169 1754 1248 1817 dicit
1279 1746 1381 1810 Statim

361 1860 466 1922 Theb.
485 1879 519 1943 4.
540 1867 625 1944 464.
650 1882 767 1944 nempe
785 1867 863 1923 dum
878 1862 1010 1923 Tiresiae
1029 1861 1172 1921 vivebat.
1217 1852 1287 1915 Post
1306 1850 1381 1912 euim

361 1961 401 2022 ab
425 1965 630 2033 Alcmaeone,
664 1962 755 2026 iuriia
775 1965 907 2047 agitato.
933 1960 1119 2043 comprelia,
1147 1958 1267 2020 liberos
1286 1948 1382 2036 genuit

362 2062 427 2124 dno
454 2065 702 2146 Amphilochum
734 2078 766 2125 et
796 2064 1027 2146 Tiliphouau13
1069 2061 1223 2143 Mopsum
1254 2057 1382 2116 demum

362 2182 435 2224 curn
451 2167 484 2224 in
500 2167 598 2225 Aram
615 2164 796 2236 adveniffer,
824 2185 862 2226 ex
877 2164 1007 2232 Rhacio.
1029 2163 1068 2223 de
1085 2182 1151 2244 quo
1170 2155 1380 2242 supradictum

362 2264 416 2326 cll.
443 2264 586 2342 (Panlan.
607 2281 640 2342 7,
658 2283 690 2343 5,
712 2263 757 2348 r.)
795 2266 976 2347 Apollinem
994 2275 1100 2324 tamen
1118 2263 1263 2345 plerique
1277 2266 1380 2337 patrem

363 2362 493 2426 sariunt.
532 2367 619 2428 Alina
635 2363 766 2446 Mopsus
781 2367 916 2447 Ampyci
935 2379 967 2425 et
984 2364 1142 2428 Chloridis
1161 2365 1247 2425 lilius
1264 2349 1380 2419 occurrit

362 2465 397 2523 in
422 2466 552 2548 Hygino
571 2465 631 2527 sab.
657 2479 710 2544 ι4.
738 2469 792 2547 qui
818 2469 852 2526 iu
874 2467 1064 2549 Argonautis
1088 2477 1294 2528 muneratur,
1320 2467 1381 2513 cum

362 2563 467 2624 noller
495 2567 625 2626 Troiani
658 2566 730 2626 belli
765 2579 909 2648 tempore
942 2567 1067 2627 vixerit.
1105 2567 1180 2628 Viri.
1204 2559 1313 2626 Strabo
1337 2561 1379 2626 14·

362 2683 394 2746 p.
415 2680 496 2742 449.
514 2663 534 2726 s.
552 2669 636 2745 642.
662 2665 772 2728 Barth.
788 2668 826 2728 ad
846 2667 938 2727 Statii
954 2667 1058 2729 Theb.
1076 2679 1107 2744 3.
1124 2677 1210 2742 521.
1240 2654 1333 2722 Valel.
1351 2647 1382 2710 ad

362 2766 520 2827 Ammian.
542 2779 592 2843 ι4,
611 2781 643 2844 8.
672 2783 701 2828 et
719 2769 750 2826 in
765 2769 876 2848 primis
886 2767 1059 2830 Burmann.
1075 2770 1109 2828 in
1122 2766 1268 2848 catalogo
1278 2762 1382 2841 Arg⁰¹¹r

361 2868 500 2948 praefixo
516 2869 630 2930 Valerii
645 2869 745 2931 Flacci
761 2870 896 2932 editioni
915 2869 948 2930 h.
965 2889 999 2932 v.

513 3071 542 3148 §·
570 3085 603 3150 8.
644 3072 696 3135 Ar
719 3068 1063 3151 promontorium)
1110 3067 1292 3152 Quaeritur·
1311 3051 1384 3140 q1¹⁰d

364 3175 625 3252 promontorium
648 3175 769 3234 innuat.
812 3175 895 3236 Cum
918 3177 950 3232 in
968 3170 1106 3254 angustie
1123 3169 1301 3231 cervicibus
1320 3175 1384 3220 con·

364 3268 459 3340 locet,
487 3270 635 3340 succurrit
651 3281 837 3355 Argeorum,
863 3277 950 3354 quod
970 3275 1053 3333 iuter
1069 3271 1216 3348 Erythrae
1236 3281 1268 3330 et
1289 3263 1385 3326 Cltw·

363 3389 473 3432 menas
496 3373 632 3435 ostendit
653 3376 854 3437 Ptoliruaeua
871 3387 903 3451 5,
928 3389 960 3435 o.
987 3387 1019 3434 et
1042 3373 1232 3433 luculentius
1258 3363 1385 3444 designat

365 3469 479 3532 Strabo
495 3482 547 3550 14.
563 3496 594 3555 p.
612 3475 728 3556 4486
740 3478 823 3555 644.
848 3477 901 3558 qui
926 3476 1117 3552 Erythraeae
1141 3463 1382 3552 promontorium

364 3585 471 3640 Vocat·
499 3588 589 3636 antea
602 3593 707 3636 autem
725 3577 914 3656 Erythraeos
929 3577 1009 3636 intra
1026 3572 1127 3656 ipsum
1144 3572 1291 3634 isthmum
1310 3555 1384 3622 habi·

365 3681 432 3732 tare
449 3673 539 3744 dicit,
567 3676 682 3758 inipso
699 3677 812 3740 isthmo
829 3679 867 3738 ah
881 3691 1009 3757 utraque
1026 3691 1111 3756 parte
1126 3675 1225 3734 Teios
1241 3685 1272 3732 er
1288 3665 1383 3726 Clam·

365 3775 503 3835 menioe.
531 3777 614 3836 Tum
632 3777 699 3858 poli
711 3785 891 3862 Argenoum
910 3777 1022 3840 Strabo
1038 3778 1112 3856 (14.
1127 3795 1160 3856 p.
1168 3783 1252 3851 448.
1264 3769 1283 3830 f·
1295 3750 1382 3840 ⁶45)

364 3874 460 3954 pouit
483 3867 586 3960 ἄκραν
608 3875 779 3964 μέλαιναν,
811 3899 889 3960 quae
911 3897 958 3940 ex·
972 3876 1128 3936 Mimante
1149 3875 1257 3934 vicino
1284 3871 1381 3928 monto

366 3991 529 4036 excurrere
551 3977 697 4048 videtur,
732 3995 769 4040 ut
782 3981 954 4063 Argennon
978 3978 1121 4058 proxime
1141 3973 1240 4036 abeffe
1253 3965 1381 4032 icribitt

364 4070 494 4138 Pofidio
509 4075 679 4144 Chiorum.
720 4083 808 4144 Tum
822 4100 899 4145 vero
911 4077 955 4143 ell
968 4079 1055 4162 prior
1067 4077 1164 4140 Plinii
1180 4087 1213 4153 5,
1228 4087 1284 4155 51.
1297 4065 1317 4130 s·
1329 4075 1378 4140 ⁹9·
