2828 4966
315 421 392 493 *⁷⁴
619 416 783 475 norro
823 411 1121 499 ejxrcerrcre

351 609 431 674 quae
446 588 526 652 dnae
541 585 662 652 formae
675 592 836 652 variantur
848 591 928 652 adeo
943 587 978 652 in
996 591 1086 653 libris
1100 592 1183 676 apud
1202 589 1343 655 Arrian.
1365 591 1383 654 d

351 691 466 775 exped.
483 692 572 755 Alex.
588 701 623 770 4.
644 706 698 763 ι7.
726 692 784 752 ubi
800 691 990 754 Gronovius⁴
1003 706 1036 757 et
1052 694 1291 758 Schmiederus
1316 715 1383 776 prat

351 795 496 856 tulerunt
515 795 614 876 prius.
664 793 706 854 Et
719 793 760 855 iic
775 803 809 872 4,
832 804 888 870 ¹5·
911 807 945 855 et
963 795 1016 856 alii
1032 796 1129 856 multi
1146 811 1320 866 auctores,
1349 817 1383 878 qr

351 907 459 960 tamen
483 914 542 956 nec
563 895 711 978 ignorant
731 895 901 977 posteriue.
934 908 972 955 ut
1000 893 1065 978 ipie
1086 898 1207 958 Arrian.
1235 907 1278 974 4,
1312 919 1343 966 ι,
1371 900 1383 960 t

350 997 406 1078 qui
424 995 462 1058 fic
475 995 574 1058 modo
588 994 668 1059 Susri
682 995 797 1066 scribit,
820 998 919 1056 ruodo
934 983 1071 1067 Susiani.
1089 999 1129 1058 de
1144 1018 1206 1079 quo
1224 999 1383 1060 Biancarc

351 1099 390 1160 ad
409 1112 441 1172 3.
465 1121 518 1160 ιι.
541 1117 573 1180 p.
599 1111 679 1177 179.
727 1099 781 1159 Sic
801 1089 944 1182 Βάκτροι
967 1110 999 1160 et
1021 1093 1220 1186 Βακτριανοὶ
1247 1102 1288 1160 in
1312 1099 1383 1159 iibri

308 1215 314 1228 ·
350 1200 511 1262 Herodoti
535 1211 567 1278 3.
589 1215 649 1278 92.
701 1197 871 1259 Bactranon
892 1200 989 1258 etiarn
1009 1191 1184 1287 aBdorrpot
1207 1202 1279 1262 dici
1303 1197 1383 1282 potr<

350 1303 400 1362 uti
416 1299 458 1362 eii
481 1302 514 1360 in
535 1299 606 1362 cod.
631 1298 728 1362 Paiat.
752 1299 918 1360 arbitratur
936 1299 1063 1363 Sairnri.
1087 1303 1126 1363 ad
1146 1303 1318 1384 Spartiani
1340 1303 1383 1364 Hc

351 1404 451 1463 drian.
474 1421 501 1464 c.
523 1419 580 1463 ot.
598 1413 675 1463 extr.
703 1420 782 1482 quae
804 1413 912 1462 tamen
936 1397 1038 1462 forma
1060 1403 1117 1462 vix
1134 1403 1210 1464 alibi
1238 1417 1383 1464 occurrat

252 1515 258 1536 '
350 1505 385 1567 st
408 1504 502 1565 latiur
522 1515 633 1584 patent
653 1501 820 1570 Bactriani.
842 1521 936 1584 quarn
954 1502 1068 1573 Bactri.
1088 1503 1144 1588 ipii
1167 1519 1322 1567 auctores
1340 1507 1383 1565 dir

246 1589 251 1602 ’
351 1607 472 1668 crimen
505 1602 644 1666 turbant.
704 1600 771 1684 ipio
797 1603 885 1687 regio
916 1597 1102 1692 Βακτριανὴ
1126 1605 1260 1676 usitate.
1308 1619 1383 1666 ate

349 1702 500 1790 Βακτρία
522 1705 604 1786 apud
627 1704 773 1771 strabon.
797 1725 852 1768 11.
872 1725 906 1788 p.
931 1717 1015 1782 355.
1036 1703 1057 1768 i.
1076 1707 1160 1782 516.
1196 1706 1345 1770 Ctefiarn
1366 1708 1383 1766 ἰι

351 1821 490 1891 excerpt.
512 1807 594 1888 apud
616 1805 711 1869 Phot.
732 1826 764 1890 p.
786 1821 866 1868 roo.
899 1805 986 1884 Plin.
1003 1817 1037 1884 g.
1057 1809 1114 1870 26.
1132 1809 1177 1869 in.
1196 1807 1216 1871 i.
1240 1819 1300 1884 ιθ.
1322 1809 1383 1868 dici

350 1924 420 1981 tur;
459 1913 529 1971 eius
557 1907 632 1970 urbe
656 1907 800 1989 primaria
826 1901 870 1969 cd
895 1899 1044 1995 Βάκτρα.
1094 1909 1255 1970 Bactrum
1285 1924 1383 1970 tamer

352 2015 449 2076 etiam
471 2011 627 2092 reperitur
648 2009 730 2092 apud
754 2009 837 2070 Piin.
855 2027 883 2071 c.
901 2009 921 2070 l.
955 2009 1057 2072 Solin.
1074 2029 1100 2072 c.
1121 2009 1215 2087 5o.i.
1236 2021 1305 2090 49.
1331 2024 1383 2070 et:

351 2113 514 2196 Stephano
543 2127 739 2174 memoratur
769 2101 940 2197 Βάκτριον.
994 2111 1087 2172 Dicta
1122 2111 1203 2173 oiim
1230 2102 1383 2200 Zariasp.

352 2213 477 2298 (strabo
497 2235 551 2276 rr.
567 2233 599 2295 p.
621 2223 703 2290 354.
720 2209 740 2274 i.
759 2222 832 2290 5¹4
850 2208 906 2292 sq.)
927 2224 961 2271 et
983 2208 1139 2299 μεγίστην
1153 2225 1249 2274 vocat
1268 2213 1383 2275 Arriam¹

352 2319 392 2380 rie
406 2335 476 2398 exp.
493 2314 541 2376 tt.
557 2324 592 2392 4.
612 2334 641 2376 ι.
672 2313 784 2374 Plures
798 2312 891 2374 urbes
905 2311 1044 2373 recenset
1058 2312 1264 2378 Ptolemaeus
1281 2315 1316 2383 6.
1339 2333 1377 2374 rr

352 2431 387 2481 et
405 2415 518 2480 Strabo
538 2435 592 2477 ιι.
614 2433 646 2495 p.
666 2415 748 2493 356.
769 2411 791 2476 i.
815 2413 899 2490 516.
942 2413 1026 2475 Alias
1051 2415 1235 2476 condiderat
1260 2415 1383 2476 Alexan

352 2521 408 2580 der
425 2517 471 2578 M.
490 2517 561 2577 alins
577 2529 742 2576 everterat.
769 2511 903 2597 (Strabo
932 2535 985 2576 tt.
1009 2535 1041 2596 p.
1063 2516 1145 2594 356.
1171 2515 1190 2577 i.
1211 2513 1326 2599 517.)
1365 2517 1382 2576 ri

351 2620 511 2703 Sogdiana
532 2616 738 2677 dirimebatur
753 2614 824 2678 Oxo
840 2613 876 2677 ft.
899 2615 1024 2692 (Strabo
1043 2634 1075 2678 o.
1098 2637 1130 2698 p.
1148 2633 1206 2699 59.
1223 2617 1246 2680 i.
1265 2619 1342 2696 75.)
1359 2627 1382 2676 et

352 2723 457 2783 vicina
478 2731 543 2782 erat
557 2718 647 2779 Ariae
668 2731 700 2779 et
718 2717 837 2786 indiae,
864 2711 976 2799 (idem
998 2717 1106 2799 paullo
1130 2723 1224 2797 ante)
1254 2719 1382 2802 Margia

352 2843 411 2886 uae
426 2835 459 2883 et
473 2817 729 2901 Paropamisadis.
753 2817 903 2897 (Ptoiern.
922 2819 955 2884 6.
978 2819 1046 2894 ιι.)
1086 2819 1268 2882 Alexander
1291 2817 1381 2880 Persu

352 2925 481 3006 eripuit.
506 2939 571 3004 quo
585 2934 714 2981 mortuo
737 2920 770 2978 in
789 2917 929 2999 satrapiae
946 2917 1088 2980 distincta
1103 2916 1179 2990 fuit.
1206 2935 1239 2982 et
1258 2922 1381 2982 Arianae

353 3023 511 3106 adscripta.
563 3019 652 3082 idem
672 3039 703 3081 c.
727 3041 760 3101 p.
777 3032 835 3096 50.
854 3017 874 3082 i.
896 3033 955 3099 73.
980 3032 1013 3080 et
1036 3042 1090 3082 ιι.
1107 3041 1138 3102 p.
1158 3023 1240 3097 356.
1263 3021 1284 3084 i.
1304 3019 1381 3096 516.

354 3139 488 3207 excepto
519 3122 590 3183 oleo
617 3122 764 3182 omnium
791 3119 924 3180 feracem
950 3122 1117 3203 praedicat.
1160 3123 1201 3184 H.
1224 3123 1282 3184 ubi
1303 3121 1381 3181 habi.

352 3241 421 3290 tant
449 3225 557 3286 Tatcrr'
582 3219 699 3284 Urbetr
722 3219 742 3283 i.
763 3221 819 3282 ubi
843 3213 1029 3308 Chorasau.
1060 3225 1260 3305 omninoque
1279 3219 1380 3284 versut

324 3385 327 3394 ,
353 3331 509 3392 orientem
527 3345 543 3385 a
560 3321 671 3406 Caspio
687 3323 766 3384 mari
787 3324 823 3384 in
838 3323 963 3385 Tataria
985 3323 1094 3388 libera.
1146 3327 1196 3388 De
1217 3323 1380 3420 Sogdianis

352 3431 391 3494 ad
412 3443 445 3506 3.
469 3439 502 3505 5.
527 3428 561 3490 6.

428 3623 812 3710 Harmatocropiri)
862 3625 988 3687 Eodem
1018 3647 1104 3689 nexu
1130 3627 1300 3713 coniungit
1322 3623 1379 3686 Pii·

351 3733 425 3795 niue
444 3733 477 3802 6.
500 3741 554 3808 ra.
570 3727 592 3791 f.
615 3729 669 3792 ι6.
707 3729 778 3789 Vid.
799 3727 886 3811 plura
903 3731 1022 3792 innot.
1040 3729 1109 3792 crit.

431 3931 492 3994 Co
507 3953 537 3993 m
549 3951 570 3991 ιι
584 3951 600 3991 r
613 3951 634 3991 ιι
648 3929 692 4012 e)
745 3929 900 3991 Gomarae
924 3929 983 3992 effe
1010 3932 1161 3992 vitientur
1186 3931 1322 3993 Martino
1346 3926 1375 3984 in

353 4034 422 4098 hist.
441 4033 496 4095 dee
513 4032 627 4094 Gautes
641 4033 737 4093 Turn.
754 4049 782 4092 ι.
799 4029 910 4104 differt.
933 4051 987 4094 ro.
1006 4054 1038 4114 p.
1055 4045 1133 4112 rgo..
1157 4053 1236 4114 quoe
1252 4029 1376 4112 explicat

355 4137 555 4208 Gomariena,
580 4132 805 4205 Cimmeriene,
826 4131 1030 4232 Βδοιίρὶιιιι,
1055 4135 1110 4216 qui
1132 4133 1200 4218 pust
1222 4135 1326 4198 Celtae
1345 4139 1378 4188 et
