2770 4954
166 443 218 504 ἸΝ
243 443 376 506 ΡΟΜΡ.
409 443 517 500 ΜΕΪ.
556 443 592 502 Ι..
612 445 636 500 1.
678 445 768 507 (Η.
811 439 889 516 Η.
993 459 1053 524 ¹59

54 617 136 684 tonici
154 619 184 680 in
200 615 404 702 disquisition.
424 617 508 704 Piin.
526 618 569 703 Τ.
586 633 617 680 2.
635 639 667 702 p.
689 619 748 696 63.
770 633 802 680 et
818 616 949 685 fortaiie.
976 635 1055 700 qnae

55 722 187 784 itincoiie
201 717 374 803 usurpetur,
395 719 560 781 Bereiaros.
602 721 675 782 vid.
693 719 827 782 Gadald.
851 722 934 804 opud
952 720 1057 782 Ptole·

55 841 157 886 meum
177 819 231 884 lib.
251 831 287 901 4.
311 841 343 904 p.
370 821 451 884 106.
487 819 666 903 l‘rocopiue
685 821 725 883 de
746 821 784 883 B.
809 822 937 884 vandal.
964 839 993 890 ι.
1026 839 1058 885 ι.

57 921 163 986 Eirene
182 935 289 992 vocet.
323 935 414 986 etex
438 921 552 982 Latino
575 912 700 1014 septem
723 941 842 984 nomen
867 937 977 984 natum
999 920 1059 984 ess'e

56 1021 146 1086 eenIet.
193 1021 344 1086 Ceterum
375 1023 573 1085 maniionem
606 1021 680 1084 fucit
708 1023 862 1085 Antonini
895 1025 1000 1086 itiner.
1027 1043 1061 1105 p.

57 1143 131 1204 u.9.
146 1113 262 1215 sepem
278 1115 409 1215 fratres
428 1143 529 1206 prope
554 1122 707 1204 thylem,
733 1139 768 1186 et
792 1123 966 1207 Procopius
988 1143 1014 1186 c.
1037 1123 1060 1210 l.

56 1223 95 1304 (cf.
112 1242 138 1296 u.
152 1237 182 1303 5.
202 1238 234 1288 et
250 1225 291 1287 de
304 1225 453 1289 aedificiis
466 1225 500 1296 6,
518 1228 566 1303 7.)
591 1225 637 1286 ibi
653 1224 766 1287 diserte
782 1215 937 1312 Opot'tprov
958 1227 1062 1306 ponit.

56 1329 126 1408 qnod
143 1327 306 1412 indigenae
320 1326 449 1408 septum
469 1341 606 1400 vocent;
629 1329 679 1387 uri
691 1326 760 1409 post
775 1329 838 1389 elii.
877 1325 928 1391 cf.
948 1325 1063 1389 Woffe·

55 1429 114 1511 ling.
129 1427 163 1488 ad
178 1427 331 1490 Antonin.
346 1447 373 1490 c.
397 1427 419 1490 i.
453 1427 572 1490 Isidoro
589 1427 678 1514 Orig.
699 1439 753 1506 15,
775 1449 806 1492 ι.
830 1429 910 1490 iilud
931 1427 1063 1490 castrum

56 1529 189 1610 oppidum
209 1527 252 1590 est
267 1529 384 1610 Septa,
411 1547 450 1590 ex
465 1549 529 1609 quo
545 1531 660 1594 liitter.
677 1529 716 1589 ad
739 1529 874 1592 Guthrie
891 1559 939 1574 -
954 1529 1064 1594 histor.

55 1649 80 1710 p.
96 1643 165 1708 132.
187 1630 319 1694 coniicit
337 1629 406 1712 post
428 1641 541 1692 nutum
562 1629 621 1692 effe
646 1629 765 1702 Cento,
801 1631 957 1712 sumulque
981 1628 1066 1694 reiu-

56 1743 90 1790 trt
109 1731 235 1815 Argiuo,
269 1731 325 1813 qui
345 1751 385 1792 ex
405 1731 549 1794 didretio
571 1733 604 1792 in
627 1731 789 1816 antigued.
810 1745 841 1812 5.
860 1745 918 1811 51.
941 1745 1068 1813 putant,

56 1833 165 1913 Sepruur
184 1833 336 1916 Procopii
356 1829 415 1895 eii'e
436 1823 608 1923 Exdss'nm
626 1832 802 1894 Ptolemaei
820 1844 853 1908 5,
874 1853 904 1893 r.
931 1851 1005 1894 cum
1026 1845 1070 1894 te·

58 1932 293 2015 menpoiipoout
310 1931 563 2015 Heptndelpleor.
612 1933 775 2018 AGeogt.
794 1933 939 1996 lievenu.
959 1946 991 2012 3,
1014 1953 1071 1998 ιι.
1132 2013 1136 2018 .

56 2035 175 2096 iniliiur
195 2035 340 2119 regionis
361 2035 487 2118 oppidi·
506 2035 694 2119 producitur
715 2033 837 2115 Septem
854 2024 1001 2124 fratres,
1034 2046 1072 2095 ut

56 2145 155 2197 nomen
177 2138 338 2198 variarum
363 2135 424 2198 elie
449 2137 613 2211 videatur3
652 2149 686 2200 et
719 2133 796 2198 hine
830 2133 918 2216 irepe
943 2125 1097 2225 fretum»

52 2227 151 2324 [eptem
173 2271 219 2286 -
245 2236 459 2302 Gaditanum.
497 2237 665 2316 Majanssue
687 2251 834 2302 veterum
856 2236 924 2298 loca
939 2237 1074 2320 diiigen-

58 2349 95 2397 ter
112 2339 244 2423 conlegit
266 2351 304 2401 et
327 2354 427 2422 prope
447 2338 577 2402 castrum
594 2337 616 2402 i.
632 2339 746 2400 urbem
764 2337 926 2400 conditam
949 2338 1073 2420 probat,
1199 2375 1202 2384 ·

59 2437 85 2500 lr.
100 2438 210 2512 Gentem
242 2459 343 2522 quem
365 2439 472 2502 reddit
491 2440 608 2503 Wehre
628 2460 706 2503 vom
725 2439 840 2523 Papier
860 2440 901 2502 T.
919 2457 947 2500 1.
971 2439 1071 2500 eddit.

59 2538 88 2598 ni
101 2558 128 2620 p.
145 2549 224 2621 124.
275 2541 383 2626 Prope
402 2540 503 2602 centa
525 2543 623 2605 hodie
637 2541 733 2626 ponit
753 2541 849 2603 etiem
867 2539 1007 2603 Chenier
1027 2559 1075 2602 re·

60 2639 188 2704 cherchee
209 2639 260 2702 sur
280 2641 329 2704 lee
349 2642 478 2704 Mauree
495 2643 536 2706 Τ.
560 2665 590 2706 ι.
611 2663 644 2726 p.
664 2658 723 2718 70.
754 2655 788 2704 et
809 2641 895 2702 idem
917 2642 1075 2724 oppidum

59 2740 160 2803 diversa
180 2743 321 2806 dialecto
342 2755 435 2825 putat
455 2743 603 2806 Hoeiiiue
624 2763 691 2806 von
708 2741 862 2807 Manio·
880 2763 914 2826 p.
930 2753 989 2820 83.
1030 2743 1079 2804 Ite

60 2861 124 2904 vero
137 2845 169 2904 iu
185 2843 381 2929 Norwegia.
406 2845 491 2926 quod
507 2843 703 2928 adscripserat
718 2845 771 2906 hic
787 2843 962 2913 Geielernr.
985 2863 1080 2916 mone

61 2941 108 3014 ed,
138 2947 191 3026 qui
212 2935 343 3037 septem
362 2937 492 3037 sorores
521 2947 710 3028 adpellem,
744 2958 872 3006 auctore
903 2943 1080 3028 Pontoppi·

63 3045 132 3106 dano
149 3047 182 3106 in
197 3044 341 3108 Veriuch
354 3047 443 3109 einer
461 3048 661 3110 nrtiirlichen
677 3043 790 3110 Gesch.
812 3063 879 3108 ron
895 3043 1081 3128 Norwegeu

63 3144 96 3208 T.
119 3166 145 3210 ι.
173 3167 205 3232 p.
228 3158 292 3226 35.
326 3160 360 3210 et
390 3149 424 3208 in
457 3167 531 3234 agro
556 3149 742 3213 Placentino
750 3190 761 3221 ‚
799 3157 932 3210 notante
961 3147 1083 3210 liezzo·

63 3246 124 3310 nim
139 3249 205 3312 ni.
229 3248 324 3312 Sette
338 3238 457 3342 sorori.

129 3449 367 3534 Tumuada)
397 3451 574 3524 Ptolemei
588 3463 623 3533 4.
635 3469 673 3518 ι.
693 3450 856 3518 Tinindas
867 3449 928 3514 effe
943 3448 1081 3513 videtur.

66 3549 174 3615 Plinius
190 3565 223 3632 5,
245 3574 278 3623 ι,
299 3550 323 3616 f.
343 3569 375 3617 n.
399 3553 576 3635 navigabile
596 3555 715 3617 flumen
732 3555 820 3618 dicit.
856 3551 963 3614 Hodie
979 3548 1085 3614 recru-

67 3653 344 3727 demolientium,
369 3656 426 3738 qui
446 3655 501 3720 iste
522 3657 590 3720 toea
610 3656 761 3730 lustravit,
785 3655 829 3720 est
847 3651 957 3716 Bedie.

132 3848 360 3950 Rusgada)
408 3859 460 3922 De
486 3859 629 3922 nominis
657 3859 807 3922 varietate
839 3855 907 3919 dixi
934 3853 969 3918 in
998 3853 1087 3916 notis

68 3959 180 4024 eriticin.
232 3961 284 4022 Ex
306 3973 426 4023 mutata
450 3962 558 4046 igitur,
583 3961 670 4042 quod
693 3960 831 4028 ridetur.
863 3957 1088 4018 terminatione

69 4057 177 4124 Plinius
195 4073 227 4140 5,
250 4083 280 4126 ι.
299 4058 320 4124 f.
339 4076 373 4125 α.
400 4063 557 4145 oppidum
581 4061 677 4124 hebet
702 4068 735 4123 et
765 4073 894 4143 portum
924 4046 1090 4146 Rnsnder3

70 4163 211 4226 turoni..
232 4165 271 4226 in
291 4163 396 4227 itiner.
413 4183 446 4250 p.
469 4175 524 4238 ιι.
544 4163 802 4248 promontorium
822 4149 978 4252 Rvffadr',
1003 4169 1037 4220 et
1054 4153 1089 4216 in
