2800 4954
123 397 171 455 1u
196 393 329 452 rone.
359 392 467 448 uer.
508 391 544 447 r..
564 393 588 446 1.
629 389 749 448 oxn.
791 388 869 458 r...
950 382 1014 462 565

15 575 75 662 (rid.
91 567 199 635 liniche
216 567 291 628 Lex.
309 559 399 626 num.
415 565 455 626 T.
468 577 500 644 5.
515 563 553 626 P.
566 577 599 626 α.
616 584 648 644 p.
665 557 787 644 1245.)
812 581 891 644 qnae
905 573 1014 624 tarneu

15 677 104 740 rectius
118 673 153 732 acl
168 671 349 732 Phoenicen
371 667 461 746 Epiri
482 665 643 746 pertinere
662 663 817 733 existimet
839 663 1015 726 Eckheliue

17 781 41 839 in
53 775 176 837 doctrine
192 791 280 832 nnm.
293 771 330 831 P.
349 787 379 830 r.
396 767 466 828 Vol.
487 779 520 843 3.
539 787 572 848 p.
591 778 675 844 553.
728 759 861 840 Φοινοὺς
881 768 977 828 etiarn
999 785 1017 826 ι

19 877 117 940 Graecis
132 873 304 935 Phoenices
328 870 431 930 dictor
449 865 555 937 inille,
579 883 674 948 etque
692 867 767 927 inde
785 867 929 938 Poenor,
956 869 1017 931 ori-

17 981 72 1064 gine
84 975 261 1043 Phoenices,
285 972 397 1032 ductos
413 966 518 1030 censet
531 965 657 1031 Salmas.
673 967 819 1030 inSolin.
835 989 920 1051 p.m.
931 971 1018 1050 936.

17 1077 55 1142 cs.
75 1079 159 1140 etiarn
182 1073 343 1136 lielenrlne
370 1072 403 1130 in
426 1069 596 1132 Palaestine
620 1084 650 1140 ι.
673 1083 733 1146 50.
755 1089 788 1150 p.
811 1092 857 1132 nr.
881 1083 952 1148 242
976 1070 1018 1153 sq.

17 1179 201 1242 Hebraeorum
220 1174 404 1236 Cerraneeoe
420 1166 531 1253 paffirn
548 1172 591 1232 ite
609 1171 754 1254 intelligi,
780 1171 891 1233 docuit
907 1173 1020 1234 Relan·

18 1281 60 1341 lnr
76 1282 104 1338 in
120 1275 283 1338 Palaestina
304 1293 333 1344 r,
354 1293 385 1337 r.
407 1285 440 1334 et
463 1289 497 1352 9.
522 1271 700 1334 Phoenicen
721 1292 840 1334 nomen
863 1274 1021 1337 derivata

16 1381 163 1446 Phoenice.
188 1377 344 1460 Agenoris
362 1375 443 1444 filio,
475 1373 547 1449 (elii
573 1385 680 1434 iernen
702 1373 811 1450 aliter)
842 1376 1022 1458 srepnamn

17 1482 40 1542 b.
54 1502 80 1542 v.
101 1493 129 1540 et
149 1493 238 1539 antee
258 1473 450 1553 Ῥαββῶθις
466 1486 498 1535 et
513 1469 682 1559 Kolnirryr
697 1476 814 1536 dictam
830 1475 936 1547 refert,
961 1497 1021 1560 pro

17 1581 107 1662 quibus
121 1579 293 1658 Bucherius
308 1579 341 1637 in
358 1577 507 1639 (lhaneen
523 1591 555 1646 2,
577 1592 631 1638 ια.
649 1572 671 1636 s.
694 1577 767 1637 vult
781 1571 971 1653 Ῥαββῶτις
990 1593 1024 1642 et

17 1679 145 1752 liolrrirre
158 1678 195 1740 sc.
210 1681 272 1764 γῆ,
297 1697 435 1760 quorum
450 1691 623 1758 unumque
639 1676 720 1738 snrue
734 1693 767 1739 et
780 1679 856 1740 hine
868 1678 1023 1742 linnosem

17 1797 107 1844 rernm
126 1781 291 1864 fignihcet‚
316 1799 410 1860 qnare
427 1779 523 1842 etiem
540 1779 654 1840 melius
668 1778 705 1838 ed
724 1779 919 1842 Phoenicen
930 1781 1024 1860 Liby·

18 1904 68 1945 cam
94 1879 249 1944 reseretur.
301 1879 371 1962 Ipse
395 1899 518 1942 nornen
550 1879 639 1941 ducit
671 1879 710 1940 eb
738 1881 836 1942 Hebr.
864 1881 936 1970 ΡΜ
959 1881 1023 1946 ³22

19 1985 97 2060 (bene
112 1982 218 2060 Anah)
242 1983 287 2044 ib.
308 2002 337 2054 r,
357 2001 388 2046 r.
438 1981 511 2052 Sed,
535 1982 623 2062 quod
639 1981 685 2051 iit.
710 1983 829 2046 mulne
850 1980 922 2042 sunt
943 1984 1026 2044 rnul-

18 2098 100 2146 lorum
114 2085 295 2166 opiniones,
320 2102 394 2165 qnae
417 2101 484 2144 non
504 2101 624 2145 moror.
666 2079 716 2146 cf.
732 2084 869 2145 Vaillant
884 2087 917 2144 in
934 2103 1025 2147 num.

19 2188 99 2249 colon.
114 2185 182 2248 Vol.
203 2207 233 2248 r.
257 2205 289 2266 p.
309 2186 389 2248 roo.
411 2185 483 2246 Vol.
500 2201 533 2248 2.
555 2205 587 2267 p.
605 2199 664 2258 72.
690 2185 850 2246 lielanrlue
871 2184 904 2246 in
922 2185 1027 2246 Palae·

18 2287 76 2349 bina
93 2309 116 2355 r.
130 2304 163 2366 9.
190 2287 329 2372 Allgern.
345 2284 567 2348 weit-Gesch.
585 2287 682 2350 Torn.
696 2303 728 2350 Ω.
744 2307 777 2370 p.
791 2298 875 2364 204.
902 2290 943 2349 ei.
960 2289 1027 2368 epi·

18 2401 86 2450 rome
99 2390 135 2448 T.
158 2407 187 2450 r.
209 2407 241 2469 p.
257 2397 345 2466 412.
370 2400 403 2449 et
425 2386 471 2447 ibi
493 2388 607 2468 Heyne
629 2401 662 2449 et
682 2409 713 2469 p.
727 2397 812 2470 420.
839 2387 879 2450 de
901 2389 1026 2473 origine

16 2503 42 2552 'rt
60 2487 154 2572 priscie
176 2484 380 2550 Phoenicum
401 2486 536 2551 sedibue.
587 2491 758 2551 Terminor
777 2492 846 2550 einr
869 2492 956 2552 varie
974 2491 1029 2552 de·

20 2588 175 2672 scripserunt
190 2603 326 2660 vererer,
351 2591 394 2649 ita
410 2602 446 2650 ut
461 2589 560 2652 modo
574 2592 744 2672 ampliores
759 2589 908 2662 lacerent,
929 2591 1027 2652 morlo

19 2691 191 2776 angustiores.
217 2691 309 2773 quod
324 2711 361 2751 ex
377 2689 436 2751 litu
453 2692 624 2751 multarum
641 2691 771 2753 urbium
787 2707 896 2753 notato
914 2694 1029 2755 intelli·

20 2797 98 2875 gitur.
121 2807 205 2854 etex
222 2791 389 2874 superioris
404 2792 513 2872 capitio
531 2789 751 2872 descriptione.
789 2791 950 2856 ecetram
966 2797 1028 2856 Re·

20 2892 106 2956 horluc
124 2916 152 2966 r,
174 2905 207 2972 8.
225 2907 260 2956 et
274 2910 308 2972 9.
358 2893 459 2954 Porro
479 2894 587 2972 Syriae
610 2913 678 2974 pare
699 2895 831 2965 dicitur,
856 2897 932 2955 utin
948 2899 1028 2957 Stra·

20 2993 84 3056 hone
102 2996 152 3060 r6.
177 3016 211 3080 p.
230 3005 317 3072 515.
335 2991 355 3056 s.
374 3005 458 3073 749.
479 3008 512 3055 et
534 2993 660 3065 Nostro.
685 2995 793 3075 Syriae
816 2998 911 3057 etiarn
930 2997 1028 3078 obpo-

21 3097 101 3167 nitur‚
124 3109 159 3156 ut
179 3095 267 3178 apud
283 3095 474 3158 Strabonem
492 3110 525 3159 2.
542 3115 574 3178 p.
594 3097 653 3174 86.
670 3095 690 3159 s.
713 3108 793 3174 125.
829 3095 880 3158 Cs.
902 3095 1026 3178 loseph.

21 3197 46 3256 in
57 3199 160 3279 antiqu.
176 3197 250 3260 lud.
269 3211 302 3270 7.
316 3209 350 3276 4,
367 3215 397 3259 r.
423 3195 548 3260 ludaeis
563 3197 912 3279 plerumqneChanean
928 3195 1027 3268 soille.

22 3294 178 3380 supradixi.
223 3297 293 3368 sic,
321 3297 408 3378 quod
424 3295 529 3360 Moses
545 3301 578 3358 in
602 3299 771 3359 Abrabami
792 3297 918 3360 historie
937 3309 1030 3361 vocat

22 3397 160 3468 Chionen.
188 3397 227 3458 ab
248 3398 430 3479 Eupolemo
453 3399 537 3482 apud
562 3397 734 3460 Eusebium
757 3399 791 3458 in
808 3417 946 3479 praepar.
966 3401 1027 3462 Er.

22 3515 48 3576 9,
66 3515 114 3578 17.
133 3501 249 3563 dicitnr
267 3499 448 3568 Phoenice.
480 3501 572 3562 cuiue
595 3500 692 3560 etiarn
712 3499 854 3580 exempla
881 3497 1031 3562 submini-

22 3599 94 3662 lhanr
108 3603 213 3662 lrnleei
228 3599 444 3664 Alexandrini.
479 3601 532 3664 sic
547 3598 791 3687 Συροφοίνισσα
808 3612 840 3662 et
859 3597 1031 3665 Keraunia

22 3697 83 3787 γυνὴ
105 3716 263 3784 tamquam
293 3701 468 3782 synonyma
497 3714 663 3783 ponuntur
685 3721 701 3762 a
725 3701 832 3762 lllarco
858 3717 890 3776 7.
917 3704 974 3766 26.
999 3717 1032 3764 et
1057 3765 1059 3772 ,

22 3801 115 3864 Muth.
136 3816 189 3880 ι5,
209 3819 268 3865 22.
309 3804 351 3864 Et
368 3801 407 3862 src
424 3803 649 3884 Syrophoenix.
676 3801 806 3884 spectate
825 3803 933 3882 Syriae
950 3805 1032 3865 diri·

22 3901 98 3973 lione,
120 3905 201 3985 apud
225 3905 410 3964 iuvenalem
426 3913 459 3977 ss,
482 3916 560 3982 159.
587 3917 624 3962 ut
646 3901 796 3985 superiori
813 3905 918 3985 ,capite
934 3905 1033 3986 Syrus

24 4001 199 4095 Palaestinas
221 4001 333 4065 adsuit.
385 4001 517 4086 Vestigie
542 4005 612 4066 einr
633 4003 757 4066 haefiwffe
777 4019 890 4084 purant
908 4005 943 4066 in
963 4008 1032 4070 Ste-

23 4101 100 4182 plani
115 4098 199 4179 Xve'r,
219 4105 273 4188 (b.
291 4108 344 4185 v.)
364 4101 387 4168 s.
403 4102 491 4178 eri,
522 4123 588 4191 quo
612 4105 746 4171 nomine
770 4103 954 4170 Phoenicen
981 4108 1033 4171 rd-
