2764 4954
212 397 564 457 retrorserunt.
607 398 687 454 nr.
732 397 824 456 ox.
973 407 1037 476 δερ

42 571 192 652 requirebat,
213 587 250 635 nt
265 573 348 636 Gaza
363 585 396 633 et
410 569 540 633 Ascalon
557 571 791 652 praecederent.
829 571 949 634 Verum
966 573 1039 652 quia

43 679 133 736 laetus
147 675 331 764 aliquamdiu
349 673 489 736 Arabum
505 669 566 735 suit
583 674 783 756 emporium,
808 673 883 736 ideo
900 691 972 736 eam
986 675 1040 736 trie

41 779 163 840 nonnae.
193 795 334 841 rossrvs.

92 977 272 1060 Azotum)
325 977 452 1040 Graecis
470 977 586 1039 dieitur
598 969 760 1064 Ἄζωτος,
786 977 874 1041 unde
893 969 1041 1064 ’Δζῶτιοι

41 1077 160 1141 innumis
171 1085 276 1152 etiam,
292 1080 473 1142 auctoribus
486 1079 574 1142 sacris
588 1081 625 1142 V.
642 1083 682 1140 T.
698 1070 850 1166 'illisit-i.
873 1083 958 1160 quod
976 1079 1040 1159 ple·
1106 1131 1109 1138 .

41 1199 143 1260 rumque
156 1183 340 1265 interpretes
357 1181 466 1242 Graeci
484 1183 624 1243 reddunt
636 1169 797 1268 Ἄζωτος,
825 1185 928 1263 itaque
944 1183 1040 1241 etiarn

41 1297 127 1340 rurant
146 1297 201 1346 act.
223 1283 391 1366 apollolor.
409 1293 443 1360 3,
462 1295 522 1362 40.
575 1283 623 1344 Ab
645 1281 781 1368 profugo
803 1285 906 1364 alique
932 1281 1042 1342 condi·

40 1391 90 1440 turn
108 1381 188 1446 luilse
204 1399 237 1446 et
259 1384 299 1446 ab
315 1385 383 1446 eius
399 1404 497 1446 uxore
512 1383 574 1445 Aza
599 1385 620 1444 i.
644 1405 672 1445 e.
693 1405 803 1465 capra,¹
817 1403 939 1446 nomen
957 1403 1041 1444 acce·

40 1481 106 1559 pile.
131 1483 221 1546 refert
243 1483 438 1566 Stephanus.
470 1505 549 1568 qnae
571 1487 700 1566 quidem
722 1484 835 1548 sabulis
855 1489 1042 1548 adnumerat

40 1581 158 1646 liuthart.
172 1589 203 1648 in
220 1587 354 1650 Chanan
373 1601 405 1658 Ω,
425 1603 480 1651 12.
496 1589 543 1648 in.
566 1607 639 1648 cum
654 1583 689 1648 in
705 1587 867 1650 Hebraicis
886 1588 920 1647 srt
934 1583 1042 1646 Asdod

40 1681 54 1743 i.
70 1703 92 1744 e.
113 1685 221 1758 robur.
257 1697 387 1772 propter
412 1691 625 1750 munimenta.
679 1688 766 1750 Olim
797 1689 948 1770 adscripta
979 1685 1043 1748 suit
1076 1763 1078 1767 ι
1111 1702 1114 1718 ·

39 1783 111 1847 iudae
132 1789 244 1862 tribui,
271 1787 351 1866 (los.
380 1801 433 1868 ¹5·
451 1793 532 1870 47.)
558 1789 628 1872 poll
653 1809 669 1850 a
694 1791 868 1854 Philistaeis
894 1793 950 1852 diu
973 1786 1043 1872 pos-

41 1882 90 1947 lellt
106 1884 142 1971 (1
161 1891 246 1955 Satri.
264 1903 296 1968 5.
324 1911 337 1950 1
358 1889 399 1974 sq.
427 1891 590 1954 achron.
613 1891 670 1962 26,
697 1889 751 1974 6.)
777 1892 815 1954 ab
838 1892 964 1972 Allyriis
991 1909 1043 1950 ex·

38 2003 146 2070 linguata
176 1989 255 2076 (les.
280 2007 338 2065 20,
366 1989 418 2078 t.)
456 2013 472 2054 a
502 1991 754 2064 Psammeticho.
797 1993 930 2078 Aegypti
955 2013 1044 2076 rege,

40 2089 89 2164 post
107 2092 299 2156 obsidionem
324 2109 370 2174 29
394 2113 552 2156 annorum
571 2093 749 2177 (Herodes.
769 2111 800 2166 ιι,
821 2093 923 2177 157.)
950 2097 1044 2158 deva·

41 2189 105 2262 luta,
126 2196 260 2272 (serem.
283 2206 343 2276 25,
368 2197 447 2272 20.)
482 2199 697 2280 aperegrinis
730 2197 862 2259 advenis
895 2211 1044 2278 occupata
1141 2201 1147 2212 ’

38 2289 150 2359 linter.
168 2315 201 2376 9,
219 2309 240 2375 5
262 2293 324 2378 sq.)
347 2297 386 2358 ab
410 2299 576 2368 Romanis.
601 2311 731 2360 auctore
747 2297 895 2369 Gabinio,
917 2295 1042 2362 resecta.

40 2391 183 2478 (telephus
204 2400 368 2480 antiquitt.
394 2399 464 2461 luel.
486 2408 540 2478 atq,
569 2401 645 2476 to.)
695 2401 848 2462 Auctores
871 2399 966 2462 nollri
991 2401 1045 2463 vel

40 2499 144 2559 omnino
157 2502 190 2560 in
205 2501 295 2579 Syria
317 2513 446 2581 ponrtnt
467 2501 644 2576 (Heroden.
663 2517 695 2571 o.
716 2505 817 2581 157.)
842 2501 893 2564 vel
913 2503 1045 2584 propius

40 2589 239 2664 irritamina.
275 2601 449 2685 (Steplran.
465 2622 492 2664 c.
509 2601 531 2664 l.
561 2599 601 2664 cs.
623 2615 654 2662 et
676 2603 798 2664 Plinius
817 2615 848 2678 5.
870 2613 924 2682 riq.
944 2603 965 2665 l.
988 2617 1043 2681 15.

41 2691 210 2764 Ptolemaeus
227 2717 263 2779 5,
293 2701 369 2786 ro.)
421 2704 543 2764 Locum
568 2715 677 2764 antem
703 2705 749 2764 illi
775 2705 937 2789 adsignant
961 2708 1045 2766 inter

41 2794 165 2863 lumniam
182 2819 215 2864 et
236 2801 438 2874 Ascalonem,
473 2817 509 2863 ut
531 2804 655 2865 Plinius
674 2817 706 2880 5,
733 2816 787 2886 atq.
811 2805 831 2869 s.
851 2819 906 2884 13.
939 2807 1046 2868 Ptole·

41 2913 121 2964 marus
138 2917 169 2982 5,
198 2907 253 2968 16.
295 2905 500 2989 Geographus
521 2906 689 2967 Ravennae
714 2917 745 2982 5.
767 2921 800 2980 7.
835 2905 938 2968 tabula
961 2907 1047 2968 Pen-

42 2993 99 3084 ring,
112 3023 143 3082 9.
161 3007 198 3070 E.
224 3008 267 3067 de
289 3027 350 3088 qua
372 3008 514 3068 distantia
537 3007 684 3088 disquirit
698 3007 854 3072 Cellariue
869 3027 896 3070 c.
914 3009 936 3072 1.
972 3007 1046 3071 Poll

42 3097 191 3168 Ascalonem
213 3110 318 3190 ponit.
343 3109 463 3170 inuersa
481 3107 610 3190 quidem
627 3109 666 3170 luc
688 3103 913 3193 progressione,
937 3123 1047 3172 auctor

42 3217 190 3284 anonymus
207 3213 242 3270 in
260 3209 376 3292 Geogr.
393 3208 540 3271 Hudloni
560 3211 678 3273 minor.
695 3211 767 3274 Vol.
783 3223 817 3292 tq.
857 3209 1045 3273 Notandum
1145 3245 1148 3254 ·

42 3309 121 3368 lemen
135 3311 279 3381 videtur,
306 3312 391 3393 quod
408 3311 556 3392 losephus
572 3313 611 3372 de
628 3311 665 3373 B.
682 3312 753 3374 Iud.
772 3331 801 3381 ι,
823 3326 856 3388 7,
876 3327 909 3386 7.
933 3309 1046 3374 diserte

41 3418 93 3464 cum
107 3409 232 3484 lamnia,
260 3411 408 3482 Samaria,
436 3413 522 3474 l’ella
543 3413 673 3494 aliisque
690 3412 881 3474 internubes
898 3413 1047 3476 mediter·

41 3518 139 3571 remeas
158 3512 272 3582 censet.
299 3526 367 3574 eta
386 3513 564 3584 maritimis,
587 3515 689 3576 veluti
706 3514 799 3586 Gaza,
826 3517 925 3598 Ioppe
942 3515 1047 3577 dillin-

43 3611 101 3682 gnit.
138 3615 227 3676 idem
249 3615 345 3676 etiam
367 3616 401 3674 in
422 3611 546 3696 antiqu.
562 3617 634 3678 lud.
651 3627 684 3692 5,
704 3632 736 3688 α,
751 3626 787 3694 4.
808 3635 881 3678 eum
898 3615 1047 3680 Ascalone

43 3697 62 3762 ἐν
74 3709 115 3790 τῷ
131 3712 227 3798 πεδίῳ
246 3709 301 3778 nei
322 3709 401 3803 πρὸς
422 3711 598 3779 θάλασσαν
615 3718 718 3798 ponit,
744 3720 794 3778 cui
810 3715 987 3781 difficultati
1005 3719 1047 3780 stc

43 3801 215 3887 luccrrrritur.
250 3832 288 3878 nt
310 3819 428 3899 duplex
452 3819 514 3879 hoc
535 3819 668 3880 nomine
689 3817 763 3880 urbs
782 3817 977 3904 agnoscenda
999 3821 1047 3884 stt.

42 3903 137 3976 Sedet
159 3917 271 3980 diserte
299 3919 415 4000 duplex
447 3919 567 3980 Azotus
597 3919 633 3980 in
663 3921 819 3982 Hieroclis
845 3921 1046 4000 Synecdemo

42 4022 64 4081 l·
76 4027 146 4092 718.
168 4037 447 4090 commemoratur,
473 4013 642 4110 μεσόγειος
657 4035 690 4082 et
704 4013 875 4107 παράλιος.
913 4021 986 4085 Viri.
1003 4023 1049 4083 ibi

42 4107 193 4206 Welleliug.
221 4123 277 4206 qui
306 4121 443 4194 iudicat,
473 4119 605 4186 conlatis
633 4123 771 4187 aliorum
796 4118 1049 4196 telllmoniis‚'a
