2922 4958
303 423 369 504 364
574 421 736 481 uorsa
775 421 1080 482 axaoarrcau

308 618 430 664 nomen
446 593 657 680 distinguunt.
692 595 779 656 Tum
789 596 993 658 Ptolemaeus
1009 605 1043 673 5,
1064 615 1094 659 r.
1118 595 1197 660 eluas
1210 595 1358 659 omnino

306 699 418 768 Prulas
451 709 698 766 commemorat,
734 717 832 758 unam
858 699 948 758 iuxta
982 697 1128 781 Hypium
1149 695 1184 758 ll.
1219 697 1358 758 alteram

308 805 397 866 iuxta
414 801 592 881 Olympum
613 809 776 868 montem,
801 798 947 859 Pruliada
963 787 1070 862 autem
1091 800 1124 858 in
1141 818 1194 860 ora
1210 799 1247 858 ad
1265 795 1360 860 Alca-

309 907 402 968 nium
421 904 536 966 lacuna.
587 899 713 960 Plinius
731 912 763 976 5,
779 907 840 978 1⁴43.
859 897 879 962 l.
898 914 957 979 32.
983 913 1045 962 tres
1060 899 1181 970 Prusae.
1204 897 1356 960 Prnfiads

309 1007 431 1070 nullam
445 1004 549 1071 novit.
575 1020 673 1061 unam
692 999 746 1060 iub
763 1001 916 1083 Olympo.
943 1001 1072 1068 alteram
1088 1020 1186 1083 prope
1198 996 1353 1062 Nicaeam

311 1109 423 1188 (quam
447 1119 480 1165 et
502 1105 640 1186 adtingit
660 1103 725 1163 Dio
743 1111 800 1180 74.
818 1103 852 1165 6.
875 1101 931 1162 ubi
952 1100 991 1164 cf.
1009 1105 1195 1182 Reimarus)
1223 1103 1353 1162 tertiam

311 1207 369 1270 lob
397 1207 505 1286 Hypio
531 1218 655 1266 monte.
705 1203 914 1274 Posteriores,
951 1217 987 1264 ut
1014 1203 1177 1265 Hierocles
1202 1223 1235 1284 p.
1263 1200 1350 1285 692.

179 1365 181 1370 .
312 1309 432 1390 Geogr.
448 1309 592 1368 Ravenn.
612 1316 645 1381 5,
659 1321 694 1384 9.
721 1305 825 1366 tabula
843 1304 1027 1389 l‘eutinger.
1047 1315 1080 1382 8.
1097 1305 1133 1366 F.
1159 1305 1259 1365 modo
1275 1303 1352 1364 Pru·

312 1411 386 1472 liam
411 1418 682 1474 commemorant,
716 1407 816 1468 modo
842 1405 1006 1478 Prusiade,
1037 1421 1074 1466 ut
1095 1406 1149 1466 vix
1174 1393 1351 1466 discernere

310 1511 415 1572 liceat.
467 1507 579 1569 Nollra
598 1501 747 1596 Profice,
773 1525 848 1568 cum
865 1519 985 1568 ceterae
1005 1508 1103 1569 nimis
1122 1525 1140 1567 a
1157 1505 1263 1568 curlus
1279 1525 1353 1587 pro·

312 1607 468 1698 grellione
485 1608 561 1669 hinc
575 1607 699 1678 distent,
726 1604 787 1667 fuit
802 1607 840 1668 ad
855 1605 1023 1669 Ascanium
1041 1609 1156 1676 lacum.
1183 1607 1240 1668 ubi
1257 1607 1353 1688 ponit

312 1711 532 1780 Ptolemaeus,
564 1710 654 1770 etin
676 1710 843 1772 maritimis
865 1709 1014 1780 urbibus,
1044 1709 1100 1770 ubi
1123 1707 1200 1771 Cios
1223 1710 1353 1788 antiqua

312 1813 398 1878 stetit
420 1811 563 1889 (Plinius
581 1822 614 1886 5,
635 1821 696 1888 lpo.
713 1807 733 1872 s.
751 1814 829 1889 52.)
852 1811 890 1870 ad
915 1809 1052 1872 Cianum
1076 1811 1189 1873 linum.
1215 1809 1351 1888 (Strabo

271 1953 279 1970 .
314 1915 402 1990 cl.)
444 1913 529 1973 Hinc
560 1911 751 1973 discriminis
784 1909 870 1972 caula
903 1913 937 1972 in
963 1914 1072 1974 numia
1098 1911 1214 1996 legitur
1246 1910 1354 1996 Ilpou·

315 2034 405 2078 urowa
433 2034 511 2100 προς
535 2009 702 2098 θαλασσηι
733 2011 880 2097 (Eckhel
900 2033 926 2073 c.
949 2010 993 2096 l.)
1031 2026 1065 2075 et
1089 2013 1255 2100 Ilpoucttrc
1284 2033 1352 2076 aare

311 2112 482 2198 Pulaotnyc
503 2117 535 2174 in
559 2117 783 2198 epigrammate
807 2115 891 2196 apud
912 2113 1124 2176 Muratoriunr
1148 2135 1218 2197 pag.
1244 2127 1351 2192 1073.

312 2217 408 2280 Hanc
439 2217 587 2296 equidem
617 2213 771 2274 summam
798 2235 838 2276 ex
863 2231 1030 2277 anctorum
1064 2216 1190 2276 indiciis
1215 2213 1351 2276 confeci.

313 2318 380 2402 Qui
402 2317 491 2398 plura
506 2315 544 2378 ab
567 2317 634 2378 aliis
650 2316 805 2397 disputata
826 2315 996 2386 deiiderat.
1018 2317 1104 2378 adire
1119 2316 1219 2398 potell
1236 2317 1350 2378 Cellar.

311 2420 346 2480 in
366 2419 483 2502 Geogr.
504 2430 569 2480 ant.
587 2431 617 2496 5.
643 2428 675 2492 3,
699 2417 732 2480 6.
774 2415 912 2480 Holilen.
936 2418 974 2478 ad
995 2418 1149 2500 stephan.
1173 2437 1245 2502 pag.
1266 2419 1349 2498 263.

311 2517 438 2581 Berkel.
465 2520 503 2580 ad
529 2519 668 2578 eundem
695 2537 727 2598 p.
747 2518 831 2595 648.
865 2517 1006 2580 Politum
1028 2523 1064 2579 ad
1092 2518 1293 2580 Eustathiunt
1315 2520 1351 2580 in

312 2619 445 2682 Homer.
463 2621 503 2680 T.
515 2633 547 2680 2.
563 2639 593 2699 p.
607 2635 691 2696 790.
718 2619 773 2700 qui
787 2638 883 2679 unam
900 2633 1024 2680 tantum
1035 2619 1180 2682 l'rnliarla
1199 2619 1350 2703 agnoscit.

310 2720 462 2789 Cianum,
491 2720 625 2800 reliquas
645 2719 722 2780 duas
745 2717 870 2790 Prutas.
896 2733 929 2782 et
949 2721 982 2782 in
1006 2723 1117 2804 primis
1139 2719 1267 2783 Salmas.
1284 2741 1312 2782 c.
1326 2721 1351 2784 l.

309 2821 441 2886 lievixit
457 2835 564 2883 tamen
588 2834 681 2882 vetus
700 2839 832 2892 nomen,
855 2833 892 2881 ut
910 2822 1025 2884 docent
1040 2821 1227 2905 posteriores
1243 2837 1351 2884 aucto·

309 2937 470 2986 recantes
494 2923 674 2985 memorati.
713 2922 823 2985 Hodie
844 2935 976 2986 vocatur
1001 2921 1149 2987 Gemilic.
1178 2922 1351 3002 (Pococke

308 3025 509 3108 T·a·1³·m·
531 3028 632 3104 ¹79·)
1279 3035 1290 3070 ¹

385 3224 620 3308 Pbrygiae)
671 3225 726 3289 Gr.
751 3223 890 3314 Φρυγία.
931 3225 1057 3290 Incolae
1083 3219 1228 3316 Φρύγες,
1259 3228 1350 3293 unde

308 3316 468 3414 Φρύγιος,
495 3321 665 3414 Φρυγικός.
708 3329 757 3390 De
772 3329 915 3391 nominis
932 3329 1055 3413 origine
1072 3329 1228 3392 disserunt
1241 3345 1351 3393 arrcto·

308 3447 358 3492 tes
381 3427 449 3490 hill.
468 3426 604 3490 univers.
622 3429 692 3490 Vol.
710 3439 743 3508 4.
761 3449 792 3511 p.
812 3443 896 3508 553.
922 3443 955 3491 et
970 3431 1046 3492 inde
1064 3431 1199 3493 Guthrie
1216 3445 1249 3493 et
1265 3431 1351 3511 (ἔτι,
1442 3419 1443 3451 ¹

309 3529 407 3591 Tum.
425 3545 458 3592 o.
482 3547 514 3610 p.
534 3543 613 3604 ¹⁰5·
648 3531 829 3600 Terminus,
856 3543 980 3594 veteres
1005 3536 1153 3601 niaxime.
1180 3531 1352 3595 difficulter

309 3629 460 3713 distingui
484 3629 584 3710 polle.
618 3633 747 3692 monuit
767 3629 832 3714 ipl'e
853 3631 965 3694 Strabo
982 3647 1038 3694 ια.
1063 3653 1094 3716 p.
1114 3647 1196 3712 388.
1218 3632 1239 3694 l.
1261 3633 1349 3716 564.

308 3743 341 3792 et
365 3731 405 3791 lle
428 3731 467 3791 do
490 3732 714 3812 posterioribus
737 3731 856 3816 ambigi
880 3735 988 3794 docuit
1003 3733 1157 3796 Cellarius
1177 3737 1210 3796 in
1228 3735 1351 3820 Geogr.
1441 3765 1442 3785 .

307 3845 423 3910 anag.
445 3839 479 3912 4,
501 3845 541 3910 31
564 3831 605 3914 lq.
659 3835 707 3893 De
729 3831 791 3915 ipis
813 3836 963 3919 regione,
997 3855 1090 3916 quam
1108 3835 1262 3898 lllelalric
1281 3849 1351 3897 tan·

307 3945 378 3992 tum
395 3945 429 3994 et
453 3933 535 4014 quali
556 3935 594 3994 ati
617 3937 704 3994 viam
720 3935 873 4018 adtingit,
907 3935 1033 4018 potiora
1054 3937 1211 4000 delibabo.
1262 3937 1352 4000 Mela

307 4051 382 4094 cum
404 4034 474 4096 aliie
499 4035 670 4114 Bithyniae
699 4033 774 4096 lacit
800 4038 985 4109 finitimam,
1017 4057 1097 4120 quae
1122 4035 1183 4098 fuit
1207 4038 1351 4124 Phrygia

307 4134 426 4208 maiora
452 4149 595 4198 auctores
611 4137 710 4208 enim.
737 4150 774 4198 ut
791 4135 931 4202 Ptolem.
949 4149 983 4217 5.
1001 4153 1036 4204 a.
1057 4137 1233 4224 Phrygiam
1250 4143 1351 4204 etism
