2852 4946
222 411 434 474 turone.
462 411 571 470 ner„
613 405 700 470 tar,
743 410 879 470 cm.
1008 421 1073 494 μ,

57 589 120 653 iliud
137 605 251 652 nomen
266 588 393 652 inveni.
427 585 575 648 Termini
590 585 628 648 ad
644 604 730 648 mare
745 581 814 648 fatie
827 605 866 648 ex
881 585 967 650 Mela
984 589 1077 652 intel·

59 692 201 776 liguntur.
226 693 297 761 etit,
323 691 408 771 quod
424 703 458 750 et
482 689 515 748 iu
539 685 603 772 ipsa
626 685 822 768 expolitione
837 689 1017 769 adparebit.
1043 703 1078 754 et

59 791 133 874 [upra
148 797 180 854 iu
195 793 307 854 Cincin
322 805 468 854 notatum
483 787 543 858 eil,
567 776 822 871 alii'diecrepant.
859 791 971 854 Strabo
987 793 1079 855 enim

59 893 104 956 ib.
123 907 172 973 14.
190 915 222 978 p.
237 905 323 972 459.
342 890 364 954 l.
380 893 465 964 667.
488 889 527 952 ab
551 889 646 952 Olbia
675 887 796 972 profert
819 891 858 952 ad
880 891 1079 956 Ptolemaida

60 1015 142 1077 prope
156 995 371 1066 caracenam
406 993 609 1056 Ptolemaeus
626 1003 659 1068 5,
680 1003 712 1069 5.
737 990 775 1052 ab
790 991 884 1054 Olbia
900 993 937 1055 etl
956 995 1077 1058 Sidam.

60 1097 225 1158 Secundum
257 1095 399 1158 Plinium
422 1107 455 1171 5.
480 1105 538 1170 23.
556 1090 579 1154 i.
602 1107 660 1160 27.
694 1091 825 1156 Ciliciae
857 1095 1081 1176 Pamphyliam

61 1213 158 1260 omnea
178 1199 328 1266 iunxere,
360 1195 502 1278 neglecta
526 1205 622 1278 gente
646 1191 787 1258 liaurica.
840 1195 932 1276 Quae
947 1199 1081 1279 quidem

61 1299 241 1380 repreheniio
261 1297 382 1358 Melam
402 1315 469 1358 non
491 1293 580 1366 ierit,
613 1296 667 1376 qui
691 1313 779 1358 oram
804 1295 965 1370 describit,
993 1297 1082 1380 supra

62 1419 142 1479 quam
166 1401 242 1461 olim
269 1417 383 1482 parum
408 1395 590 1466 recedebat,
628 1397 668 1458 de
694 1415 759 1476 quo
786 1396 971 1460 consulendi
999 1401 1083 1464 Geo-

62 1501 169 1584 graphi.
211 1501 337 1562 Incolae
353 1496 544 1579 Pamphyli,
570 1495 655 1578 quod
674 1494 807 1580 praefert
825 1499 1010 1566 Herodotut
1026 1517 1084 1566 no·

63 1612 134 1663 tante
150 1601 356 1664 Valckenario
370 1600 408 1661 ad
426 1613 459 1672 7,
481 1618 541 1678 91.
565 1611 598 1661 et
620 1599 822 1681 Pamphylii,
848 1601 882 1662 in
904 1602 993 1666 librie
1011 1623 1084 1686 pro·

63 1701 166 1764 miscuo
182 1700 253 1772 niu.
280 1701 335 1764 etii
351 1701 412 1762 hoc
427 1699 584 1762 adiective
601 1699 708 1784 potine
726 1701 789 1762 dici
805 1701 909 1764 caniet
923 1704 1084 1789 Schweig-

64 1801 186 1867 haenler.
211 1804 251 1866 ad
279 1803 413 1885 Appian.
435 1822 467 1883 p.
489 1809 568 1884 ¹¹4·
619 1797 671 1864 Cf.
700 1801 741 1863 de
766 1817 902 1884 utroque
927 1805 1084 1886 Leopard.

64 1906 220 1970 emendata.
238 1923 275 1984 9,
294 1919 327 1968 2.
358 1917 392 1966 et
409 1905 545 1966 Torren.
568 1901 607 1964 ad
634 1902 733 1966 Valer.
757 1901 843 1968 Max.
865 1923 892 1974 r,
911 1916 945 1982 8.
968 1919 1032 1968 ext.
1054 1927 1086 1971 a.

65 2002 136 2066 ilinc
147 2026 221 2070 aero
235 1999 458 2094 Παμφυλὶὃες
471 1999 591 2088 πόληες
604 2003 756 2066 dicuntur
768 2023 785 2065 a
795 2005 949 2084 Diouyfio
965 2007 1085 2092 perieg.

65 2121 90 2166 r.
106 2119 182 2188 854.
216 2103 426 2170 Polleil'tvum
443 2103 710 2186 Pamphyliacum
730 2117 823 2167 notat
838 2107 935 2170 etiam
956 2108 1087 2193 Stepha-

66 2223 123 2272 uut.
155 2209 264 2272 Hodie
282 2221 406 2292 partem
421 2205 625 2271 Carmaniae
646 2206 821 2272 coullituit.

127 2411 168 2474 M
179 2409 314 2494 elas)
367 2409 423 2474 Gr.
446 2405 578 2483 Miller,
604 2407 693 2474 unde
715 2405 885 2486 Μέλανος,
919 2413 976 2495 qui
1003 2410 1089 2478 casua

68 2506 162 2591 passim
183 2515 354 2597 reperitur.
394 2511 508 2575 Strabo
523 2531 552 2574 c.
569 2512 590 2574 l.
611 2507 763 2600 ποταμόν
780 2509 854 2574 facit
873 2526 905 2576 et
924 2507 1089 2602 ὕφορμον.

67 2609 99 2672 ln
111 2613 164 2676 fito
184 2612 392 2678 consentiunt
405 2625 564 2682 auctorat,
588 2613 643 2694 qui
661 2631 760 2695 prope
776 2613 883 2676 Sidam
899 2635 974 2678 eum
991 2617 1090 2682 fluere

68 2729 186 2788 namot,
212 2717 319 2780 veluti
335 2713 500 2777 Pausaniae
515 2725 548 2791 8.
564 2725 623 2792 28,
641 2730 676 2776 Ω.
701 2716 758 2796 qui
770 2735 868 2796 equae
883 2715 1000 2802 frigore
1015 2738 1091 2780 curn

69 2811 169 2893 Cydno
187 2817 320 2881 Ciliciae
343 2827 518 2898 comparat,
545 2813 686 2878 Zolimua
701 2827 735 2893 5.
756 2817 810 2887 16,
828 2831 861 2891 7.
913 2819 940 2881 Δ
963 2819 1091 2884 Melane

69 2925 162 2980 umen
182 2919 296 2984 Sidam
327 2929 373 2995 50
400 2915 504 2979 stadiie
529 2929 677 2980 removet
702 2916 848 3000 Periplua
876 2918 1091 2984 bibliothecae

68 3013 161 3083 Elcur.
186 3018 361 3103 (Mannert
382 3039 414 3101 p.
427 3031 510 3097 123.
526 3037 554 3080 c.
570 3014 616 3102 l.)
654 3016 831 3098 Antiquom
847 3019 976 3082 Ciliciae
992 3021 1092 3082 finem

68 3112 144 3182 icida
158 3119 264 3183 scribit
277 3121 402 3183 Pliniue
417 3133 450 3199 5,
467 3134 526 3182 aa.
544 3115 566 3182 i.
582 3133 641 3193 27.
663 3118 868 3200 Pamphyliae
884 3139 958 3182 cum
975 3117 1092 3185 Nolito

69 3220 192 3306 adligmt
212 3221 327 3286 Strabo
344 3241 371 3284 c.
389 3221 411 3282 l.
462 3219 527 3284 Sed
551 3219 590 3282 de
611 3220 775 3300 utriusque
795 3219 980 3304 regionibus
1004 3219 1094 3304 supra

69 3319 101 3379 ad
114 3341 139 3384 c
160 3338 214 3402 ιδ.
230 3335 311 3388 extr.
353 3322 455 3387 Votue
476 3339 599 3386 nomen
614 3321 650 3384 in
667 3319 771 3384 tabule
789 3321 875 3386 Aliae
890 3322 1024 3386 minoeia
1041 3324 1095 3388 ad·

69 3419 163 3503 poluit
182 3423 347 3490 Pococke.

134 3627 232 3690 siaa
244 3625 263 3710 )
304 3627 358 3692 Gr.
373 3621 470 3712 Σίδῃ.
502 3625 634 3690 Nomen
649 3625 771 3690 derivat
785 3623 965 3709 Stephanae
979 3648 996 3692 a
1010 3629 1096 3702 Sida,

71 3719 220 3790 Mentauri
236 3727 258 3794 l.
274 3731 372 3792 Tauri
392 3727 548 3806 (Holsten.
565 3749 597 3810 p.
610 3742 656 3807 29
667 3729 710 3806 ι.)
731 3729 804 3800 filia,
832 3729 915 3792 Moli
937 3729 958 3793 l.
975 3729 1097 3795 Cimoli

73 3827 149 3901 (rid.
159 3830 223 3908 ibi)
244 3851 356 3894 uxore.
394 3829 601 3892 Recentiorea
615 3839 723 3890 tamen
739 3829 934 3912 probabiliue
950 3831 1097 3895 derivant

73 3928 252 3994 aiioeotica
276 3951 357 3996 voce
373 3927 471 4021 sada,
502 3947 582 4012 quae
604 3931 725 3992 malum
752 3930 911 3993 Punicum
936 3931 1098 4017 fignificat.¹

73 4021 263 4110 (Athenaeus
283 4045 337 4116 14.
359 4047 413 4107 17.
431 4052 464 4115 p.
483 4033 567 4109 650.
585 4049 625 4093 ex
642 4028 892 4119 Agatharchide)
918 4035 1097 4097 confirmati

74 4134 185 4209 numie,
217 4135 255 4200 in
277 4134 393 4220 quibua
416 4133 538 4198 malum
554 4133 715 4198 Punicum
735 4133 875 4218 adparet.
924 4134 1096 4204 InCilicia
