2852 4946
248 381 302 442 rte
330 379 468 442 roure.
496 382 603 440 nar..
646 383 727 440 ur.
770 382 903 444 uror.
1033 386 1097 457 ⁴51

63 555 239 640 explicatio.
263 573 470 619 rzecravcrta.
506 556 595 641 Quid
611 557 648 618 lit
663 547 898 645 uurup'p‘douuo
912 567 1029 618 notum
1043 552 1098 618 eu.

64 659 139 720 Non
161 659 201 718 ad
216 677 369 739 aquarum
391 671 518 718 tantum
538 656 658 740 lapsum
677 660 862 722 translatum
883 656 945 719 hoc
961 655 1098 718 vocabu·

64 761 147 830 lum,
174 778 286 820 rerum
302 761 399 820 etiam
415 759 454 820 ed
476 760 532 820 lari
552 761 711 842 quoddam
728 779 846 844 genua,
872 777 968 840 quem
985 757 1100 818 itidem

64 861 274 923 catarrhacteu
289 859 459 942 appellant.
498 859 629 924 Causam
645 861 786 924 nominie
806 861 911 922 reddit
926 857 1100 938 Dionyirue

64 965 261 1027 Clraraceuue
281 962 315 1021 in
330 962 494 1030 lxevticia,
521 963 689 1044 aliquando
706 983 723 1024 a
738 961 833 1024 nobie
850 963 883 1022 iu
904 961 1009 1022 lucem
1028 976 1101 1042 pro·

65 1062 230 1126 ducendir.
262 1080 406 1125 voearve.
455 1063 561 1126 Nimia
581 1064 643 1126 alte
659 1065 734 1125 iude
750 1064 883 1146 repetita
899 1061 941 1124 eil
957 1060 1101 1122 nominie

66 1165 170 1236 caula,
196 1175 229 1225 et
251 1161 332 1226 forte
355 1166 488 1226 notandi
512 1163 660 1246 Dionysri
681 1163 767 1226 caula
788 1163 940 1246 quael'rta;
971 1162 1102 1244 propior

67 1265 165 1336 adell,
199 1285 293 1346 quam
317 1265 430 1326 Strabo
457 1266 602 1328 olleudit.
663 1267 754 1330 idem
780 1267 820 1326 de
845 1263 1005 1346 catadupla
1031 1261 1101 1346 Nili

66 1368 195 1430 conllat.
246 1366 357 1429 Strabo
387 1363 514 1428 curium
537 1369 607 1430 eiue
634 1368 718 1430 iuter
742 1367 870 1429 Olbiam
896 1377 929 1428 et
952 1365 1114 1443 arratum,

66 1469 223 1552 deliguat;
256 1467 326 1548 poll
350 1466 478 1530 Olbiam
500 1483 534 1530 et
555 1469 710 1530 Attalium
728 1469 852 1532 Plinius
867 1479 900 1546 5.
923 1467 982 1532 26.
999 1465 1020 1528 l.
1040 1481 1099 1542 ap.

65 1586 98 1632 et
119 1569 321 1631 Ptolemaeus
343 1583 377 1646 5,
399 1579 433 1645 5.
460 1589 534 1630 cum
560 1571 683 1652 periplo
707 1567 854 1634 Elcurial.
886 1567 937 1630 lua
967 1570 1101 1650 quiaque

66 1663 282 1755 progreilrone
306 1683 423 1732 mutua.
474 1670 583 1732 Hodie
606 1685 738 1732 vocatur
759 1671 905 1740 Dudem,
931 1671 1103 1747 (Manuert

65 1793 97 1855 p.
117 1787 201 1850 ¹29·
228 1773 281 1851 qni
299 1771 422 1855 adlegat
443 1771 543 1834 Lucae
561 1769 674 1834 iecond
691 1791 814 1858 voyage
830 1773 870 1834 T.
892 1791 923 1835 t.
939 1789 1006 1852 cap.
1022 1772 1101 1850 53.)

67 1871 120 1936 etsr
135 1871 285 1933 Pococke
301 1874 335 1932 iu
359 1873 461 1933 rabula
478 1873 559 1934 illud
580 1891 702 1936 nomen
720 1873 841 1956 oppido
855 1869 1012 1956 adposuit,
1043 1869 1102 1931 ier·

67 1987 140 2038 vato
160 1988 269 2035 vetere
292 1973 386 2035 fluvii
406 1975 550 2036 numine.

141 2147 163 2187 n
174 2124 348 2211 uulgari
356 2124 374 2206 )
413 2125 497 2208 Quia
513 2127 546 2186 in
563 2125 658 2208 plano
675 2136 801 2188 tautum
818 2123 980 2187 celerrime
995 2123 1102 2192 currit,

71 2247 141 2290 cum
154 2227 372 2289 Catarrbactea
393 2240 522 2307 propter
537 2229 722 2311 praecipites
738 2225 838 2308 lapiue
852 2245 891 2288 ex
908 2226 1002 2288 variie
1018 2211 1104 2284 colli·

70 2329 125 2390 bue
151 2327 308 2410 impediat
332 2329 582 2411 navigationem,
616 2330 747 2410 perinde
771 2342 810 2388 ut
834 2325 927 2388 Nilne
949 2326 1045 2389 etiam
1067 2325 1102 2384 iu

75 2427 129 2490 iuis
157 2429 342 2510 Catadupis.
378 2447 401 2490 1.
427 2447 621 2491 oaouovrve
639 2431 730 2492 MS.¹
767 2430 970 2509 Praecipitat
994 2438 1103 2488 autem

74 2530 109 2592 de
128 2531 237 2592 iluviia
258 2543 389 2599 uotum,
422 2544 459 2590 ut
479 2551 645 2611 praeceps,
676 2531 716 2593 de
741 2531 819 2592 mati
842 2531 939 2593 eliam
959 2528 1102 2590 incitato.

73 2631 168 2696 Valer.
185 2631 286 2693 Flacc.
305 2641 339 2712 4,
358 2632 441 2708 656.
470 2631 587 2694 Lucan.
605 2643 637 2710 5,
655 2633 740 2713 649.
1088 2625 1093 2637 ’

138 2781 299 2864 Perga)
351 2781 406 2844 Gr.
429 2779 559 2870 Πέργῃ,
592 2784 678 2846 uude
702 2796 734 2845 et
756 2785 856 2864 Perge
877 2783 960 2865 apud
983 2779 1102 2864 Geogr.

72 2883 214 2946 Ravenn.
234 2899 266 2953 2,
287 2893 341 2960 18.
367 2887 399 2944 in
419 2885 482 2946 tab.
499 2885 648 2968 Peuting.
666 2903 701 2964 9.
719 2886 754 2948 F.
787 2885 813 2946 Α
832 2887 910 2945 mari
926 2882 977 2944 seu
994 2883 1103 2964 poriue

73 2985 106 3044 ab
120 2985 206 3047 olliia
223 2983 323 3045 Cellri
339 2986 384 3047 oo
404 2985 505 3047 lladiie
519 3001 667 3048 removet
681 2987 792 3050 Strabo
809 3005 835 3048 c.
851 2986 874 3048 l.
901 2997 932 3046 et
948 2985 981 3044 in
1003 2981 1104 3043 medi·

72 3086 217 3148 terraneie
246 3085 330 3147 locat
354 3085 554 3148 Ptolemaeus
574 3099 605 3164 5.
634 3099 667 3164 5.
691 3088 819 3171 longine
847 3099 953 3160 tamen
975 3103 992 3145 a
1013 3082 1103 3152 mari,

56 3179 152 3268 'quod
180 3185 261 3247 adeo
288 3185 375 3268 [upra
402 3187 583 3269 Aspendum
610 3189 816 3272 producitur;
855 3187 970 3249 melina
994 3183 1105 3262 Scylax

71 3307 100 3369 p.
117 3302 177 3368 39.
209 3289 356 3366 quicum
377 3289 445 3349 aliia
466 3289 641 3351 litoralibue
662 3289 795 3351 urbibus
815 3289 849 3348 in
870 3283 999 3349 recensu
1019 3283 1103 3346 iacto

72 3391 248 3473 coniungit.
276 3387 362 3450 Nota
376 3389 419 3450 est
432 3390 506 3451 urbe
523 3409 561 3451 ex
576 3389 881 3472 actibueApolloior.
902 3402 955 3466 13,
978 3399 1031 3465 13.
1048 3395 1103 3463 14.

71 3504 101 3551 et
122 3500 178 3569 14,
200 3503 259 3566 25.
294 3509 387 3570 quam
416 3491 542 3552 Paullus
570 3490 722 3576 ingrellua
746 3491 789 3552 eil
811 3491 850 3551 ad
874 3488 1104 3554 debellandam,

70 3593 153 3672 quod
182 3593 328 3661 videtur,
362 3589 610 3672 superstitionem
635 3595 668 3653 in
694 3593 784 3654 cultu
808 3592 938 3653 Dianae.
989 3589 1105 3668 Lyciae

69 3691 213 3754 adscribit
233 3693 345 3770 Scylax
367 3711 399 3774 p.
418 3707 475 3771 59.
494 3691 592 3754 Hudi.
620 3707 652 3754 et
674 3693 712 3754 ab
730 3692 877 3776 Alpeudo
897 3690 1105 3772 Pamphyliae

69 3794 162 3856 urbes
183 3791 366 3862 exorditur,
392 3796 496 3874 quod,
520 3793 578 3854 nist
596 3795 644 3855 illi
662 3813 802 3858 errorem
826 3793 997 3856 obtrudere
1015 3791 1104 3860 velie,

69 3915 107 3956 ex
137 3895 246 3974 latiori
273 3893 386 3971 Lyciae
411 3895 549 3966 ambitu,
586 3916 649 3976 quo
675 3897 754 3960 olim
784 3897 905 3977 patuit,
939 3891 1106 3954 diiudicari

68 3995 181 4064 debet,
208 3997 256 4056 uti
274 3995 436 4056 Homerus
448 3995 653 4078 Pamphylior
668 3999 809 4080 ignorat,
832 4008 865 4056 et
880 3997 1011 4076 Lyciam
1027 3993 1105 4056 Cili·

69 4100 131 4160 ciae
147 4097 306 4170 adnectit,
333 4097 373 4160 de
393 4115 458 4179 quo
480 4099 548 4162 yid.
568 4099 685 4179 Heyne
705 4098 745 4162 ed
761 4097 897 4162 Homer.
913 4097 952 4160 11.
969 4111 1003 4168 a.
1019 4105 1106 4175 877.
