2756 4964
339 422 398 492 216
604 425 768 486 NOTAE
807 426 1103 485 EXEGETICAE
1211 421 1219 434 '

414 595 567 682 Intra)
616 601 656 662 in
681 597 887 662 interioribus
908 600 1094 684 regionibus
1116 614 1150 661 et
1169 600 1314 663 remotius
1335 617 1352 660 a

338 704 449 773 litore,
477 703 524 762 uti
541 699 609 784 post
626 720 691 782 cap.
712 701 745 771 6,
765 719 795 762 a.
817 701 914 763 addit.
951 703 985 762 Si
1003 703 1036 762 in
1051 701 1112 763 hoc
1127 719 1209 762 nexu
1223 704 1350 784 ponitur,

339 805 398 867 ubi
413 803 566 866 iudicium
583 801 622 864 de
643 803 687 863 tei
709 803 841 862 veritate
856 803 978 882 fideque
994 803 1031 862 ad
1047 804 1124 864 alioe
1137 805 1288 864 reiicimua
1307 801 1352 861 ad·

339 909 446 968 iuncta
466 902 676 965 dubitatione.
727 903 780 964 Sic
798 902 921 964 Plinius
934 913 969 982 4,
988 905 1044 966 26.
1062 901 1082 965 s.
1105 921 1158 965 ια.
1184 924 1257 985 gens
1277 893 1352 992 felix

339 1004 386 1099 (fl
411 1004 582 1082 credimus)
617 1023 698 1088 quos
727 1001 945 1086 Hyperboreos
979 1003 1184 1085 adpellavere.
1221 1001 1270 1067 Cf.
1293 1001 1352 1086 post

336 1127 403 1191 cap.
426 1108 459 1180 6,
486 1122 518 1167 a.

292 1289 295 1299 Α
404 1297 625 1401 semiferi)
674 1306 748 1368 Hoc
769 1305 868 1368 verbo
890 1307 1077 1390 plerumque
1096 1321 1230 1370 utuntur
1249 1319 1349 1390 poetae

336 1411 378 1474 de
393 1409 574 1478 centauria.
607 1406 723 1488 quibua
746 1421 829 1469 certe
850 1406 1041 1492 affingebant
1057 1410 1222 1470 dimidiam
1243 1421 1351 1491 partem

335 1511 507 1574 humanam
539 1521 572 1570 et
602 1508 767 1569 dimidiam
795 1510 955 1590 equinam.
1007 1509 1119 1572 Noster
1145 1511 1195 1572 hia
1220 1508 1350 1570 mandria

336 1613 495 1683 attribuit,
527 1608 643 1692 quibua
669 1609 725 1672 vix
748 1610 920 1691 quidquam
946 1610 1079 1671 humani
1106 1613 1226 1682 aderat,
1258 1609 1350 1692 quales

336 1727 425 1777 erant
457 1711 649 1796 Aegipanes,
692 1728 771 1792 quoa
804 1709 907 1776 mrim
932 1713 1035 1796 tangit
1067 1712 1102 1774 in
1135 1732 1202 1798 cap.
1225 1722 1258 1790 8.
1281 1721 1350 1772 extr.

335 1835 360 1879 1.
385 1811 579 1876 enonovtva
600 1811 677 1874 MS.

408 2015 465 2078 ha
479 2012 552 2077 ben
566 2027 581 2076 t
589 2013 607 2097 )
663 2011 790 2076 Habere
812 2027 918 2078 tamen
939 2013 1026 2097 saepe
1050 2033 1109 2098 pro
1137 2015 1288 2085 habitare,
1318 1999 1361 2074 ut¹

333 2115 389 2178 lib.
407 2131 439 2196 3.
464 2137 490 2179 c.
509 2128 542 2194 5.
567 2112 620 2203 [3.
640 2133 675 2194 9.
692 2107 760 2202 iu.]
787 2117 917 2178 Meroen
935 2113 1068 2186 hahent,
1103 2117 1161 2178 ubi
1181 2115 1349 2178 habitantes

334 2231 455 2280 temere
472 2217 646 2278 Pintianua.
672 2234 852 2280 ecnoa'rve.
903 2215 1131 2288 obtinentin,
1159 2231 1194 2278 ut
1209 2218 1279 2279 aliae
1293 2235 1361 2292 nieq

333 2317 427 2379 liores
448 2317 523 2380 inde
542 2317 676 2398 pellant,
700 2315 752 2377 [ed
773 2335 841 2378 non
866 2316 986 2378 colunt.
1021 2338 1044 2380 1.
1067 2337 1263 2380 nnonovtva
1281 2307 1361 2378 MS.

333 2416 444 2480 Recte.
486 2415 610 2478 Habere
634 2416 677 2478 est
710 2419 845 2479 omnino
878 2412 1049 2499 poffidere,
1084 2417 1141 2479 ubi
1167 2419 1262 2482 abeffe
1286 2413 1361 2477 niue

332 2517 432 2600 potest
448 2517 493 2577 rei
510 2531 541 2578 et
556 2517 671 2588 cultua,
698 2518 799 2578 veluti
820 2519 854 2578 in
874 2520 982 2587 avaria.
1010 2520 1148 2590 levibus,
1174 2519 1346 2604 negligenti·

330 2617 401 2682 but.
444 2619 528 2678 Hinc
551 2619 658 2702 Virgil.
682 2618 797 2702 Georg.
823 2640 851 2689 ι,
874 2632 904 2697 3.
931 2620 989 2702 qui
1010 2619 1114 2681 cultus
1145 2619 1283 2682 habendo
1302 2615 1360 2696 sn]

329 2719 446 2802 paeon,
469 2717 524 2778 ubi
540 2720 606 2780 vid.
623 2719 797 2781 Burmann.
836 2720 949 2782 Livius
967 2732 997 2797 5.
1010 2733 1067 2800 55.
1080 2734 1112 2799 5.
1137 2743 1246 2802 agrum
1261 2721 1347 2782 latius

329 2813 488 2912 poffidere,
518 2841 613 2903 quam
640 2821 735 2882 colere
764 2820 879 2882 eodeni
906 2819 993 2882 seusu
1020 2823 1111 2884 dixit.
1165 2825 1215 2884 De
1240 2821 1346 2884 Anthe-

329 2920 436 2983 doniie
451 2923 509 2981 alia
526 2923 564 2982 de
582 2919 686 2992 causa,
712 2923 828 3002 quippe
848 2922 903 3004 qui
923 2919 986 2984 fere
1004 2943 1116 2984 omnes
1137 2925 1172 2986 in
1192 2923 1266 2984 mari
1286 2921 1360 3010 age-j

328 3019 406 3082 bant
428 3020 611 3103 piscatores,
638 3021 845 3082 Dicaearchus
865 3024 898 3082 in
921 3021 997 3084 statu
1017 3023 1070 3086 Gr.
1088 3044 1121 3106 p.
1142 3037 1197 3104 ¹8·
1221 3019 1360 3108 (Hudi.)⁴

328 3115 387 3212 τὴν
409 3117 524 3210 χώραν
552 3111 613 3184 οὒκ
637 3116 862 3213 ἐργαζόμενοι,
889 3112 963 3186 οὐδὲ
985 3119 1127 3210 ἔχοντες.
1359 3109 1360 3134 ³

211 3413 212 3416 Ἴ
490 3325 519 3402 §.
548 3334 582 3401 5.
630 3315 995 3417 Haecsumma)
1046 3326 1343 3410 lnprnnocapitet

327 3422 487 3484 maximae
502 3437 611 3506 partes
625 3427 661 3486 in
683 3440 716 3489 a.
737 3441 770 3508 3.
786 3440 819 3490 et
838 3437 872 3512 4.
892 3428 1004 3510 capite.
1054 3429 1158 3514 igitur
1180 3431 1281 3514 paucis
1300 3425 1343 3486 ilia

325 3536 478 3588 retractat.

402 3741 498 3788 aras
516 3715 734 3818 situsque)
782 3729 994 3796 Subiunxerat
1012 3729 1221 3814 superioribua
1235 3733 1267 3794 in
1281 3745 1342 3812 pro·

327 3827 453 3888 oemio:
486 3828 613 3890 Deinde
633 3822 740 3921 narsus
761 3831 845 3895 Oras
866 3835 1002 3895 onmium
1022 3847 1053 3893 ec
1076 3835 1186 3905 litora,
1212 3851 1248 3894 ut
1266 3833 1343 3892 intra

326 3937 478 4010 extraque
496 3921 589 4019 sitiat.
636 3929 721 3992 Oeae
743 3947 848 3996 autem
870 3938 947 3997 fines
967 3935 1149 4018 fignificent.
1193 3936 1244 3998 Sic
1263 3931 1342 3993 enim

329 4041 360 4097 a,
382 4047 412 4091 a.
429 4029 473 4090 in.
498 4027 590 4117 Asiae
606 4032 637 4092 in
654 4031 793 4124 nostrum
810 4057 895 4098 naara
911 4035 1093 4121 Tanainque
1106 4036 1262 4120 vergentis
1269 4029 1342 4127 finis

323 4125 466 4221 nefitus
487 4145 541 4194 et.
581 4151 792 4198 ctaccontve.
