2892 4950
251 431 253 436 .
337 386 401 450 διο
607 369 768 460 noran
809 367 1111 430 exnuncrcta

344 543 451 608 Sohol.
466 539 584 606 Villois.
601 541 640 604 ad
658 543 791 608 Homer.
814 543 850 606 ll.
872 553 926 623 14.
944 559 1030 626 292.
1072 543 1182 608 Poslea
1204 539 1377 606 immodico

344 647 461 732 frigore
481 645 567 706 cirea
587 643 737 726 compulsi
761 663 879 706 nevam
899 647 1011 710 urbem
1029 647 1063 708 in
1082 643 1255 710 subiectam
1275 645 1380 706 monti

341 749 508 832 planitiem
543 746 758 816 deduxerunt,
800 760 983 828 mutataque
1011 747 1161 831 ¹paullum
1201 744 1305 808 sorma
1336 737 1378 808 τὰ

341 843 504 936 Γάργαρα
519 859 692 919 vocarunt;
718 848 858 929 priorem
874 849 1015 910 relictam
1030 841 1177 911 naiasin
1194 841 1378 934 Γάργαρον.

343 949 508 1030 (Etymol.
525 948 593 1024 M.)
632 949 679 1008 lta
701 941 875 1034 Γάργαρον
892 963 925 1010 et
939 945 985 1012 ro*
1008 947 1064 1014 οὖν
1079 945 1258 1036 Γάργορα,
1286 943 1379 1010 πόλιν

343 1045 495 1137 Αἰολικὴν
520 1048 685 1132 distinguit
707 1049 819 1112 Strabo
843 1064 896 1129 15.
919 1071 952 1132 p.
966 1058 1052 1132 4⁰¹·
1068 1049 1090 1113 l.
1107 1063 1191 1130 583.
1226 1068 1327 1130 quem
1350 1061 1380 1110 et

342 1153 468 1236 respicit
487 1150 684 1232 Stephanus,
711 1151 798 1232 quod
815 1151 857 1212 tn
874 1171 912 1214 ex
931 1151 1097 1215 Hellanico
1119 1149 1378 1235 explicatStrabo

349 1270 404 1335 15.
423 1272 495 1338 pag.
509 1260 596 1332 420.
615 1249 634 1312 s.
656 1251 740 1316 610.
768 1264 821 1322 ut,
849 1271 922 1314 cum
948 1254 1076 1336 proprie
1103 1250 1260 1316 Alsrorum
1283 1247 1381 1312 suerit

344 1357 486 1424 colonia.
517 1353 643 1416 Aeolica
666 1365 773 1416 tamen
796 1353 933 1426 dicatur,
959 1355 1033 1436 quia
1054 1353 1160 1416 Alsum
1178 1353 1382 1416 condiderint

344 1457 466 1524 Aeolii.
491 1473 585 1537 quarn
608 1455 746 1516 vicinam
770 1453 884 1515 habuit
901 1454 939 1516 ab
957 1475 1018 1518 nna
1040 1471 1146 1538 parte.
1177 1467 1216 1514 ut
1232 1453 1271 1515 ab
1286 1453 1384 1514 altera

345 1556 555 1624 Antandrum.
578 1557 625 1614 uti
643 1575 682 1618 ex
698 1554 828 1637 Ephoro
844 1569 876 1616 et
888 1556 998 1619 Philea
1010 1557 1105 1618 docet
1116 1554 1298 1618 Macrobius
1315 1553 1383 1616 c.l.

346 1675 379 1722 et
398 1659 438 1721 de
453 1657 615 1720 Antandro
633 1656 777 1716 adfirmat
798 1660 895 1718 etiarn
912 1656 1090 1739 Hesychius
1103 1677 1129 1720 c.
1148 1657 1169 1720 l.
1208 1657 1384 1738 Antiquam

345 1761 459 1822 urbem
474 1757 611 1842 adtingit
626 1758 721 1818 etiam
737 1758 927 1840 Stephanus,
950 1772 983 1822 et
996 1758 1036 1822 ab
1050 1777 1089 1820 eo
1104 1775 1207 1820 novae
1220 1759 1383 1841 originem

344 1862 425 1946 petit
445 1859 556 1924 Strabo
578 1871 634 1937 13.
657 1879 689 1939 p.
712 1857 936 1941 401.s.533.
960 1859 1037 1932 ubi,
1066 1875 1103 1920 ιιι
1127 1857 1231 1922 sensue
1250 1857 1383 1927 constet.

347 1983 406 2047 pro
422 1947 490 2046 ὲνῆ
511 1979 549 2024 ert
573 1961 695 2022 MSStia
716 1973 750 2021 et
770 1973 877 2022 vetere
896 1962 1069 2044 interprete
1091 1961 1154 2046 leg.
1177 1959 1221 2022 esl
1242 1955 1305 2040 ἀφ’
1329 1944 1382 2022 οὗ.

349 2066 387 2130 so.
408 2058 526 2128 τόπου.
578 2062 620 2123 Et
636 2061 674 2122 sic
690 2061 872 2124 Macrobius
886 2082 914 2123 c.
931 2063 952 2124 l.
974 2062 1088 2124 urbem
1101 2081 1172 2124 eam
1194 2058 1250 2122 iub
1265 2077 1384 2146 cogno·

347 2167 432 2232 mini
463 2175 574 2227 monte
599 2161 731 2244 politam
758 2182 796 2225 ex
824 2161 1007 2226 auctoribua
1031 2161 1190 2225 describit.
1243 2163 1294 2226 ild
1316 2180 1384 2224 cor·

348 2271 514 2352 ruptioneo
529 2265 670 2327 nominia
690 2265 868 2347 pertinent,
894 2283 968 2326 curn
988 2263 1173 2326 Hellanicus
1189 2277 1285 2326 vocat
1302 2262 1383 2325 Gar·

348 2361 478 2461 gesom,
501 2367 676 2449 (monente
697 2363 764 2448 ipso
788 2361 971 2450 Stephano)
999 2366 1139 2429 Ptolem.
1155 2377 1188 2442 5.
1206 2382 1240 2428 Ω.
1264 2365 1382 2446 Iurga-

349 2492 429 2541 non.
457 2467 620 2530 Hierocles
645 2487 714 2550 pag.
731 2467 815 2530 661.
841 2465 985 2530 Gadara.
1036 2465 1131 2529 Urbie
1153 2467 1191 2528 ad
1213 2465 1382 2548 posteriora

346 2584 491 2652 tempora
507 2565 702 2629 conservatio
721 2565 848 2627 discitur
862 2587 900 2629 ex
916 2566 1060 2630 Nicaeno
1078 2583 1113 2630 2.
1130 2567 1231 2630 Conc.
1247 2588 1280 2649 p.
1296 2579 1381 2648 350.

347 2670 405 2732 nbi
423 2669 622 2750 Nic-‚ephorus
641 2662 823 2754 Γαργάριυν
845 2659 1064 2757 πρεσβύτερος
1085 2681 1292 2730 memoratur.
1333 2670 1383 2730 ln·

348 2773 435 2838 colae
452 2773 546 2833 etiam
564 2769 598 2830 in
622 2768 804 2830 auctoribua
826 2767 917 2830 obvii
936 2767 1132 2858 Γοργαρεῖς,
1159 2770 1243 2850 quod
1263 2768 1384 2830 Μοισο-

348 2875 422 2938 bitte
438 2875 596 2953 Gorgores
611 2871 716 2932 reddit
731 2890 787 2951 pro
797 2869 978 2954 Gargareea,
1003 2872 1056 2932 vel
1070 2871 1209 2934 usitatior
1224 2869 1384 2954 Gargerei.

348 2988 405 3040 aut
421 2970 625 3060 Gargarensea
640 2991 679 3032 ex
694 2972 833 3055 analogia
857 2972 1003 3034 aliorum.
1038 2975 1123 3057 Ager
1142 2971 1231 3034 urbia
1246 2974 1385 3034 maxime

349 3099 367 3142 a
382 3078 486 3160 poeria
502 3073 674 3138 celebratur
690 3073 731 3134 ob
748 3070 954 3145 fertilitatem.
980 3087 1019 3136 ut
1032 3093 1049 3136 a
1064 3073 1198 3158 Virgilio
1215 3072 1335 3160 (ὅσοις.
1353 3091 1385 3142 t.

355 3193 436 3259 ²⁰5·
464 3177 563 3240 Ovid.
583 3176 620 3237 Δ.
643 3177 679 3237 A.
705 3187 808 3250 r‚57.
841 3175 960 3238 Seneca
979 3174 1016 3238 in
1037 3173 1142 3238 Theb.
1160 3171 1294 3253 nilon.
1331 3171 1386 3238 Ci.

348 3299 428 3364 quae
449 3279 588 3363 conlegit
608 3274 791 3353 Macrobioe
806 3293 835 3340 o.
856 3275 879 3340 l.

424 3470 583 3570 Asson)
633 3478 688 3542 Gr.
705 3469 837 3552 Ἄσσος,
866 3470 903 3562 li
945 3477 1130 3542 Ptolemaeo
1148 3489 1181 3557 5,
1204 3493 1238 3544 a.
1253 3471 1386 3544 Ἄσσον.

350 3585 389 3646 ln
406 3583 512 3644 Plinio
531 3593 562 3658 5,
581 3594 639 3660 52.
659 3578 678 3641 s.
698 3593 756 3659 ὅσ.
778 3579 821 3642 eil
834 3573 943 3669 Astus,
968 3593 1002 3642 et
1015 3580 1055 3642 lic
1076 3579 1260 3664 polleriorea
1275 3583 1385 3654 etiam.

352 3683 515 3748 Hierocles
537 3701 568 3763 p.
587 3683 671 3745 661.
700 3681 762 3744 tab.
779 3681 964 3766 Peutinger.
982 3693 1016 3760 a.
1035 3681 1070 3744 F.
1100 3679 1217 3767 Geogr.
1234 3683 1386 3744 travena.

354 3803 387 3857 o,
409 3795 463 3863 ιθ.
507 3783 635 3845 Gentile
652 3773 779 3856 ”doctor
795 3785 828 3843 in
843 3782 1025 3846 auctoribue
1042 3795 1075 3844 et
1093 3787 1221 3856 nuntiet
1252 3784 1386 3867 Stepha-

352 3905 415 3950 nue
444 3900 551 3946 tamen
580 3884 667 3946 addit
691 3873 831 3959 Ἀσσεύς.
883 3884 1018 3947 Ponitur
1041 3885 1145 3956 varie,
1177 3885 1265 3967 quod
1289 3887 1326 3948 fit
1350 3887 1387 3946 in

351 3987 519 4074 regionum
542 3986 657 4048 vicinia
679 3988 954 4068 terminatumque
972 3985 1162 4050 mutatione.
1204 3989 1242 4048 ln
1256 3986 1386 4050 Troade

350 4089 390 4154 ed
413 4087 502 4152 idam
522 4101 666 4150 montem
686 4086 827 4172 agnoscit
843 4085 972 4152 Pausan.
991 4087 1024 4161 6,
1042 4096 1076 4171 4.
1100 4097 1133 4166 5.
1167 4087 1252 4153 Plin.
1271 4105 1306 4162 a,
1324 4101 1386 4172 98.
