2756 4964
33 389 34 464 l
169 407 358 470 turone.
388 411 494 468 mat.
537 411 618 468 ω.
661 411 750 470 cv.
793 411 818 480 i·
844 429 871 467 t.
968 419 1028 484 ηδ

69 581 157 641 luriunt
176 579 366 665 Giylenutln
398 583 534 648 lubiicit.
584 583 688 669 Negat
718 585 818 670 igitur
839 577 963 645 Voll'tua
988 581 1027 644 arl

69 682 126 741 heu
138 682 215 744 huiua
226 687 330 767 capitia
343 685 506 748 Strabonis
520 697 553 746 et
570 685 746 748 Ptolemaei
762 684 949 748 Molochath
966 683 1030 746 huc

68 780 133 840 hlefi
157 783 241 865 pulle,
275 787 406 868 eiusque
439 785 627 867 Chylemuth
655 783 862 876 (Χυλημᾰθ)
888 785 1030 848 eundem

66 895 126 962 Mal
142 883 290 967 depravato
304 892 439 950 nomine
453 907 510 969 pru
529 883 726 974 Μυλυχᾶθς
754 891 822 950 eiua
836 885 1031 948 Molochath

64 981 122 1066 longe
132 983 193 1046 hinc
208 986 340 1052 abluill'e.
374 988 501 1051 Tellem
517 1001 624 1051 autem
636 1003 789 1073 provocat
803 989 946 1052 Plinium
960 1005 988 1050 e.
1006 987 1029 1052 1.

65 1084 251 1162 pillulucham
266 1088 408 1153 similiter
424 1091 508 1152 iuter
522 1089 658 1153 Portum
672 1091 828 1176 Magnum
842 1101 876 1152 et
890 1089 1031 1174 Quizam

65 1185 167 1248 uiroc
201 1191 236 1250 ln
248 1191 411 1254 Strabonis
427 1205 533 1253 tamen
547 1191 735 1255 Molochath
750 1187 895 1254 Vosstnm
909 1189 1029 1260 erralle.

63 1301 84 1342 u
98 1285 156 1350 lecit
172 1289 294 1356 conlatio
322 1297 452 1356 monuit
472 1291 627 1356 Cellariua
656 1295 690 1356 in
713 1294 832 1378 Geogr.
852 1305 917 1356 ant.
936 1301 971 1371 4,
994 1293 1029 1361 6.

64 1401 96 1462 ¹9·
111 1385 273 1455 adsentiente
292 1395 356 1456 hic·
370 1395 553 1458 Perizoniu.
604 1397 654 1458 De
669 1395 845 1458 Ptolemaei
862 1387 1031 1482 Χυλημᾰθ

61 1489 128 1548 minor
147 1490 178 1552 it
196 1493 367 1567 dubitatio,
401 1498 437 1557 in
458 1515 520 1578 quo
542 1496 640 1560 etiam
661 1509 785 1580 praeter
808 1497 886 1558 aliua
909 1495 1031 1557 accedit

59 1584 117 1646 She
131 1610 152 1652 c.
172 1592 191 1654 l
210 1613 272 1678 etp.
295 1611 331 1660 2.
351 1617 386 1681 p.
408 1609 463 1676 15.
498 1599 553 1680 qui
573 1611 682 1682 putat,
707 1597 895 1658 Mulucham
914 1595 1030 1678 pollet,

59 1701 139 1750 uuutn
154 1699 283 1769 nomina,
305 1699 361 1762 vel
382 1699 420 1760 arl
435 1699 623 1762 Maurorum
636 1699 777 1785 linguam
792 1699 891 1783 magia
909 1715 1032 1760 accom-

59 1789 156 1864 ¹l⁰d⁸l⁰a
180 1797 315 1860 Maluam
337 1801 462 1862 dictum
483 1800 543 1863 ess'e
564 1802 640 1862 inde
659 1801 896 1871 aPtolemaeo,
929 1799 973 1860 ita
994 1809 1032 1858 ut

57 1887 187 1965 Maioma
216 1897 373 1983 lubprellu
405 1901 557 1964 Mulucha
588 1901 710 1986 semper
742 1902 883 1964 dixerint
914 1899 1031 1970 Malua.

58 2003 127 2052 “Mn
140 1999 264 2077 priorem
293 2021 399 2084 neque
414 2004 519 2075 enim,
546 2003 567 2064 st
585 2003 698 2066 diversa
715 1999 842 2064 fullient
858 2000 968 2069 fluvii,
993 1999 1033 2062 fic

58 2087 188 2160 lunanum
200 2121 319 2166 nomen
337 2105 540 2190 incognitum
552 2125 680 2167 manem
695 2102 848 2186 potuiffe,
873 2115 908 2164 et
923 2113 1032 2184 aperte

59 2187 149 2257 llam
169 2201 226 2264 dici
251 2205 329 2268 duaa
354 2205 565 2270 Mauretanias
589 2205 764 2279 diremiffe;
810 2204 849 2266 ab
877 2201 1032 2264 Arabibut

58 2286 116 2355 lodie
133 2307 224 2364 vocari
245 2305 388 2369 Malou'ia
409 2305 431 2370 i.
455 2308 553 2370 Mul·
569 2309 671 2379 lucia,
710 2320 743 2369 et
768 2307 945 2368 maximum
969 2302 1032 2366 elle

58 2391 99 2454 ‘ll‘
116 2401 232 2485 regionia
255 2408 413 2480 fluvium,
445 2410 500 2491 qui
530 2422 638 2472 contra
664 2409 834 2471 Almeriam
861 2405 1029 2488 Hispaniae

58 2495 177 2570 nolnrn.
220 2507 295 2571 Poll
315 2522 424 2572 nmen
447 2529 513 2592 cap.
532 2525 565 2574 2.
581 2495 617 2596 pr
638 2523 692 2589 ιθ.
714 2511 832 2573 Melam
848 2507 972 2579 errasse,
997 2519 1032 2570 et

59 2591 187 2666 llulnrhm
209 2628 266 2692 pro
292 2610 401 2672 Malea
424 2631 498 2673 curu
522 2612 631 2675 Plinio
662 2613 745 2674 mala
772 2628 872 2696 prope
895 2609 1031 2670 Portum
1134 2683 1137 2688 Ι

57 2691 160 2779 Mtgtatm
171 2708 298 2789 puluille
319 2711 491 2783 existimat,
515 2713 574 2774 ubi
592 2715 697 2776 nulloe
714 2714 887 2795 reperiatur
903 2711 1031 2780 fluviae,

57 2793 76 2850 5²1
88 2818 131 2877 qao
147 2811 264 2888 quidem
289 2813 349 2874 fibi
369 2833 544 2898 repugnare
560 2815 704 2887 videtur,
731 2834 803 2876 cum
819 2827 909 2874 antea
923 2811 1032 2872 Mulu-

57 2893 290 2974 thtuetMalvam
311 2915 453 2976 eundem
468 2916 606 2978 fluvium
623 2915 743 2979 lecerit.
768 2943 819 2960 -
854 2910 1031 2975 Ptolemaei

58 2993 169 3088 XUMMS
179 3011 367 3078 Mulucham
384 3017 479 3078 etiam
493 3031 599 3098 putat,
626 3031 675 3089 et,
700 3017 772 3099 quia
785 3015 903 3076 Melam
920 3027 951 3076 et
967 3013 1031 3075 Pli-

57 3099 112 3161 nium
125 3105 227 3177 lentur
243 3114 295 3188 fit.
318 3117 431 3200 procul
448 3138 465 3180 a
480 3118 586 3179 Maltra
601 3117 748 3202 puluille3
778 3115 963 3178 Molochath
978 3133 1031 3175 au·

58 3209 97 3258 *Μ
110 3227 188 3294 ptope
205 3216 348 3280 Maluam
364 3218 526 3283 Strabonia
547 3221 724 3282 narratione
744 3219 894 3288 ductum3
924 3215 1030 3276 Molo·

59 3296 101 3360 ⁵¹³1!
111 3309 181 3390 platta
193 3334 266 3386 eram
282 3319 393 3381 Malua
406 3320 465 3380 litu
479 3323 662 3390 convenire.
685 3321 725 3382 iic
739 3333 776 3381 ut
790 3319 904 3380 rectiua
921 3313 1029 3378 omitti

59 3395 227 3488 licpnruiffer.
277 3420 344 3485 Sed
364 3421 452 3504 plura
466 3423 550 3505 apud
573 3425 665 3483 illum
683 3443 715 3504 p.
736 3433 777 3499 ιθ
794 3419 855 3501 qu.
880 3419 944 3502 legi
964 3413 1031 3499 pol·

61 3494 113 3578 [Μὴ
135 3513 234 3599 iqui·
254 3533 367 3603 putet,
393 3523 436 3584 ita
456 3522 674 3586 difficultatem
690 3523 832 3605 expediri
853 3519 948 3602 polle.
996 3517 1031 3581 si

59 3595 153 3674 lem
170 3619 258 3682 litum
279 3621 399 3706 spectes
416 3625 450 3687 in
465 3623 667 3696 Ptolemaeo,
694 3625 762 3686 eiua
782 3615 949 3709 xoinpaie
969 3619 1031 3680 uti·

60 3717 94 3776 qn
113 3715 218 3782 videtur
240 3721 301 3789 effe
325 3725 430 3789 Melae
453 3725 614 3789 Mulucha.
665 3725 909 3807 Praeponuntur
931 3722 1030 3791 enim,

60 3807 141 3886 mlii·
168 3821 279 3886 Portus
295 3825 441 3909 Magnus
460 3839 494 3890 et
516 3827 593 3909 Siga
608 3823 683 3889 urba
698 3845 772 3888 curn
793 3824 894 3885 fluvio
914 3839 1031 3905 cogno·

61 3907 116 4011 Pili·
157 3919 245 4005 Quod
260 3946 339 3992 vero
357 3917 500 4019 Rusudt'r
518 3947 618 4013 prope
633 3925 820 3988 Molochath
843 3922 1030 4010 conlocavit,

62 4014 109 4076 Me
123 4035 185 4082 cunt
196 4025 336 4093 Tamuda
352 4027 455 4092 Melae
471 4049 544 4092 aum
561 4026 775 4096 commiscuit.
803 4025 855 4086 vel
872 4023 959 4086 idem
978 4023 1032 4085 ha·

62 4099 140 4183 Mill
151 4121 198 4189 ist·
225 4127 327 4196 Malea
343 4141 450 4196 autem
463 4129 546 4197 bene
560 4129 666 4205 hahet,
689 4147 785 4215 quem
803 4123 1030 4192 diserte-etiarn
