2852 4946
165 387 211 446 ru
237 383 374 442 rona.
404 383 510 440 nnn
553 381 634 438 nr.
676 379 796 438 cxn.
839 381 916 452 ιι.
994 383 1057 470 36,

60 557 157 619 illnmm
172 557 404 641 navigationea,
434 575 510 637 quaa
525 554 588 614 iam
605 567 677 616 ante
692 553 873 616 Homerum
893 568 1056 628 tentarunt

60 660 118 719 ultra
132 659 285 720 columnae
304 657 464 726 Herculia,
489 655 696 737 coloniaeque
713 656 746 716 in
769 653 950 738 Hispaniam
968 663 1056 731 aliea·

59 779 102 838 qne
117 762 249 844 regiones
266 761 437 828 deductae.
472 759 512 818 de
530 757 647 838 quibua
669 753 708 818 cs.
728 755 855 820 Gesner.
873 761 913 822 de
927 771 1056 850 naviga-

59 861 262 924 tionibuaeatra
285 860 448 922 columnae
463 857 621 927 Herculia,
648 860 681 918 in
697 857 812 940 prolui.
835 881 864 923 a.
887 864 917 939 §.
935 878 968 926 2.
994 869 1055 944 (ad

58 962 143 1024 ralcem
161 959 278 1044 Orphei
308 981 340 1044 p.
358 971 431 1039 423
451 958 533 1041 sqq.)
567 971 599 1020 et
625 959 795 1041 inprimis
820 959 996 1028 Bochartua
1019 970 1055 1032 in

59 1061 188 1134 Chanaan,
218 1065 274 1146 qui
298 1063 379 1124 hanc
410 1062 538 1122 alteram
567 1061 786 1143 Geographiae
813 1059 910 1125 sacrae
933 1081 1055 1148 partem

57 1161 219 1226 Phoenicum
260 1161 356 1224 rebua
396 1163 495 1224 dedit.
571 1161 772 1223 Phoenicum
809 1177 917 1226 autem
957 1171 1055 1249 primi

58 1263 123 1341 Tyrii
145 1285 224 1327 mare
257 1265 378 1346 experti
411 1265 576 1332 dicuntur,
620 1263 654 1322 in
680 1282 775 1342 quarn
807 1283 876 1326 rem
905 1268 1054 1336 Tibullua

60 1381 182 1442 r,7‚ao.
211 1367 327 1428 Prima
352 1377 451 1426 ratem
475 1364 580 1424 ventis
605 1361 724 1424 credere
746 1363 843 1426 docta
872 1367 984 1449 Tyros,
1012 1373 1055 1435 ad

56 1485 124 1544 quem
138 1465 293 1548 locumcs.
312 1467 438 1546 Heyne.
477 1465 582 1526 Voluit
597 1465 659 1524 buc
673 1465 807 1526 siderum
824 1469 978 1552 cognitio,
1002 1475 1056 1536 cui

55 1565 200 1630 Phoenices
217 1569 355 1630 maxime
377 1567 551 1642 [ludebant.
577 1578 671 1626 uter
691 1561 778 1646 supra
800 1567 892 1630 ‹lictie
914 1570 1058 1641 discitur.

54 1666 89 1728 lle
106 1659 226 1750 ipsarum
249 1682 355 1730 autem
379 1669 512 1729 navium
531 1667 687 1728 variarum
708 1669 931 1733 inventoribus
952 1673 1057 1738 brevi·

55 1779 88 1826 ter
106 1769 237 1852 exposuit
258 1771 384 1832 Plinius
401 1784 433 1844 7,
450 1767 543 1845 57.s.
564 1769 624 1844 56.
647 1769 799 1849 prolixiua
820 1783 852 1830 et
873 1772 942 1834 data
958 1794 1054 1856 opera

54 1868 211 1943 Schefferna,
238 1865 361 1932 accessit
385 1869 487 1931 noslra
510 1882 609 1931 aetate
625 1870 654 1930 le
669 1871 751 1948 lloy.
790 1870 839 1930 Ex
857 1872 896 1934 iia
910 1873 1055 1955 cymbam

54 1967 198 2034 Phoenicen
217 1971 373 2033 invenisse
395 1969 499 2032 scribit
519 1971 657 2040 Pliniua‚
685 1971 892 2052 Danaumque
912 1977 1056 2054 primurn

52 2089 111 2134 tuve
126 2077 154 2134 in
172 2075 333 2136 Graeciam
352 2093 389 2132 ex
412 2074 560 2156 Aegypto
580 2071 753 2141 arlvenille‚
781 2091 853 2132 cum
875 2088 963 2136 autea
985 2079 1058 2140 rati·

53 2167 94 2232 bur
111 2177 313 2259 navigaretur,
339 2175 479 2234 inventia
502 2169 537 2232 in
559 2173 637 2232 mari
665 2173 776 2234 linhro
799 2175 881 2232 inter
905 2175 1017 2240 insulae
1036 2201 1056 2243 a

53 2289 105 2354 rege
118 2276 264 2356 Erythra;
291 2275 376 2357 quod
394 2274 525 2354 quidem
540 2293 606 2335 non
622 2287 776 2357 repugnat
796 2288 923 2356 propter
942 2277 1057 2360 priscae

52 2368 222 2438 Phoenicum
239 2375 327 2437 sedec
345 2375 382 2436 acl
400 2375 477 2436 illud
493 2395 595 2445 mare,
622 2375 708 2434 unde
728 2389 932 2439 terraemotu
948 2382 1056 2444 vexati

53 2472 75 2530 in
85 2474 153 2538 hanc
164 2497 252 2540 oram
268 2475 453 2545 concessere,
469 2477 518 2535 uti
533 2477 659 2538 tradunt
671 2475 828 2538 Herodot.
843 2495 871 2548 a,
891 2497 921 2543 t.
946 2495 978 2555 7⁹
992 2495 1054 2562 89·

52 2571 135 2640 Strabo
153 2599 179 2642 ι.
196 2601 229 2663 p.
241 2593 302 2656 29.
314 2575 333 2639 s.
344 2589 403 2657 42.
424 2577 538 2658 aliique
551 2577 634 2658 apud
650 2577 811 2638 Fullerum
828 2579 861 2637 in
879 2577 1055 2648 Miscellau.

53 2673 109 2738 San.
122 2691 152 2758 4.
169 2696 226 2743 ao.
241 2702 275 2762 p.
286 2693 370 2754 577.
399 2681 448 2740 De
463 2678 561 2738 Danai
577 2693 683 2738 antem
701 2679 906 2761 navigatione
920 2679 960 2748 cf.
977 2703 1058 2766 qnae

52 2771 159 2858 disputat
175 2779 356 2844 Schefferua
372 2779 412 2839 de
427 2779 541 2840 militia
554 2779 660 2840 navali
680 2799 708 2848 a,
728 2794 761 2841 Ω.
780 2799 811 2863 p.
830 2793 890 2846 no.

103 2973 227 3075 classe
253 2973 520 3071 confligere)
570 2979 773 3045 Cretensibua
794 2983 922 3046 Solinus
945 2983 1058 3048 tribuit

54 3091 99 3157 sip.
119 3099 167 3160 17.
196 3081 241 3173 [s.
266 3103 320 3147 rt.
345 3084 420 3144 ubit
445 3083 573 3151 Prima,
600 3082 710 3152 Creta,
734 3083 816 3144 mari
834 3085 940 3162 potuit
965 3089 1058 3147 novi·

51 3171 115 3267 bn]
144 3203 322 3247 eonorrve.
373 3183 478 3248 Prima
499 3183 617 3244 navalia
639 3203 747 3267 pugna
762 3183 879 3244 dicitur
896 3185 1059 3250 commissa

53 3279 265 3346 tSemiramide
288 3285 325 3346 ad
349 3285 467 3344 Indum
485 3283 605 3346 flumen
628 3303 700 3344 cum
723 3303 796 3367 rege
819 3283 990 3355 Indorum,
1018 3287 1060 3350 ale

53 3396 93 3454 qna
108 3387 233 3448 Diodor.
251 3387 314 3446 Sic.
333 3399 364 3454 Ω,
386 3397 440 3462 18.
467 3402 646 3446 onaevrve.
697 3385 783 3446 llaec
799 3385 927 3446 virletur
941 3385 980 3446 ab
997 3385 1061 3449 Ha·

53 3483 140 3547 rudeto
159 3487 269 3548 baberi
294 3489 328 3546 in
350 3486 451 3568 princ.
471 3483 544 3546 libri
565 3506 594 3549 1.
617 3501 745 3566 propter
759 3499 883 3566 raptum
900 3487 1059 3568 Europae.

54 3595 122 3655 quern
150 3589 329 3649 voluerunt
357 3585 530 3648 vindicare.
566 3603 590 3648 1.
614 3603 810 3647 ononorrva
827 3587 903 3648 MS.
956 3585 1060 3650 Solini

53 3675 117 3745 loona
136 3685 249 3770 spectat
272 3685 470 3750 Cretensium
490 3689 523 3748 in
546 3689 656 3769 primia
678 3685 732 3745 snb
756 3685 869 3748 Minoe
889 3683 1062 3756 θαλαττο·

55 3763 162 3862 rariter
184 3788 404 3856 tatianorum,
431 3788 465 3848 in
487 3805 549 3869 qna
571 3803 677 3849 tamen
700 3799 789 3847 antea
808 3787 986 3850 Phoenicen
1009 3808 1062 3850 va·

52 3877 171 3961 luerunt,
195 3907 337 3971 qnorum
359 3889 522 3950 latrocinia
542 3887 693 3950 conlectio
715 3887 853 3949 navibua
871 3885 1064 3968 compescuit

53 3977 146 4058 Minoa,
166 4003 203 4050 ut
217 3987 316 4056 refert
331 3989 541 4068 'l'hncyrlirlee
562 4008 590 4060 ι,
609 3999 642 4065 3.
677 3986 772 4048 Plnra
787 3987 827 4048 de
841 3985 903 4048 hoc
919 3987 1065 4053 disseruit

52 4079 176 4155 Srheffer.
199 4093 241 4153 rle
266 4089 383 4152 Militia
405 4090 510 4151 navali
528 4104 562 4162 2,
590 4108 620 4153 a.
645 4109 677 4172 p.
697 4089 744 4166 56
761 4085 804 4168 sq.
855 4089 905 4150 De
931 4089 1068 4155 Samira«

87 4201 169 4281 amp.
185 4206 282 4263 nno.
301 4205 418 4282 auga.
433 4205 471 4262 1.
489 4206 514 4262 a
751 4189 809 4250 aa
