2852 4946
321 417 384 490 tta
589 408 752 470 uotae
791 411 1093 471 EXEGETIcAn

319 583 409 646 unde
424 582 520 646 etiam
536 579 616 644 inire
635 587 668 654 Ω,
686 597 720 647 2.
735 585 782 646 in.
798 583 839 646 de
849 584 983 647 Thracia
998 586 1126 657 dicitur,
1144 606 1231 668 ogere
1243 584 1342 646 letne.

322 706 349 748 1.
362 703 561 747 nnouovtve
573 683 649 748 MS.
661 700 695 748 2.
732 677 876 777 Dorsum
892 707 970 749 vero
984 689 1151 770 proprium
1165 687 1208 750 eli
1221 686 1344 748 verbum

323 788 364 851 de
386 785 561 850 montibus.
603 787 655 848 Sic
674 798 744 847 toto
757 779 851 878 dorso
870 788 1017 868 procedit
1036 791 1070 850 itt
1090 789 1221 870 pelagus
1233 803 1265 858 tt.
1280 783 1343 856 mi.

319 901 354 952 et
378 890 462 970 apud
485 887 655 971 Virgilium
675 887 755 950 Aen.
778 909 808 960 1,
827 907 909 953 tto.
931 887 1060 952 dorium
1084 893 1118 951 in
1141 889 1219 950 meri
1242 889 1344 949 dieitur

321 1009 380 1075 pro
398 989 536 1054 exstante
552 987 644 1050 colle.
678 1005 703 1051 1.
722 1007 917 1053 onouovrvs
937 991 1013 1054 MS.
1036 1011 1067 1054 ι.
1110 981 1253 1082 Dorsum
1268 1009 1303 1050 ex
1315 989 1345 1046 ri

319 1091 410 1154 vocie
432 1091 558 1174 propria
573 1108 640 1150 non
657 1091 791 1154 omnino
806 1091 849 1153 est
863 1111 1015 1154 cacumen
1039 1093 1176 1164 muntia.
1202 1089 1251 1153 sed
1265 1087 1345 1176 signi·

319 1195 392 1256 sicat
407 1193 590 1254 continuata
613 1203 646 1252 et
665 1205 820 1273 protracta
846 1195 1007 1256 montium
1029 1195 1119 1278 iuga,
1152 1195 1193 1256 de
1211 1212 1272 1273 quo
1294 1187 1345 1250 usu

319 1295 406 1356 veria
441 1293 581 1376 conlegit
609 1289 845 1356 Emmenelliut
876 1295 914 1354 erl
948 1295 1059 1379 virgil.
1081 1315 1108 1358 c.
1133 1296 1156 1358 l.
1207 1295 1257 1356 Sic
1279 1294 1346 1370 iuga

319 1395 475 1458 montium
503 1405 655 1474 perpetuo
684 1395 791 1475 paullo
821 1395 890 1479 poll
912 1387 1040 1487 dorsum
1063 1409 1158 1458 vocet
1180 1395 1303 1459 Curtioe
1317 1403 1344 1466 5·

320 1505 356 1578 4.
374 1507 409 1572 5.
450 1495 548 1564 Tum,
577 1494 662 1574 quod
683 1515 775 1577 agere
794 1497 919 1568 adiecit,
949 1510 1022 1578 apte
1041 1511 1151 1560 motue
1174 1489 1345 1581 progredio-

320 1617 396 1659 nem
419 1596 588 1665 indicauit,
615 1609 647 1659 et
666 1615 724 1678 pro
741 1598 873 1680 simplici
896 1599 1062 1660 locutione
1077 1599 1177 1670 dixit,
1202 1617 1261 1680 que
1281 1597 1346 1676 iuga

318 1697 441 1760 montio
461 1697 694 1768 extenduntur,
720 1713 964 1780 promoventur.
1014 1701 1073 1770 tr,
1100 1717 1166 1782 qno
1186 1701 1289 1760 minue
1307 1697 1346 1756 itt

317 1800 465 1882 ‘explicari
485 1798 538 1859 hic
556 1796 667 1881 pellit,
694 1798 813 1861 obstare
835 1801 986 1861 videntur
1005 1803 1151 1882 proxima
1171 1800 1346 1877 verba'per·

316 1913 414 1982 petuo
431 1903 521 1982 iugo,
553 1918 650 1980 porro
678 1897 770 1962 series
791 1899 1009 1982 descriptionis
1032 1915 1064 1962 et
1085 1900 1152 1986 ipse
1178 1901 1248 1964 usus
1269 1899 1345 1962 illiue

318 2002 409 2064 vocie
424 2003 459 2062 in
476 2001 573 2064 Melo.
609 2000 693 2064 Nam
712 1995 961 2086 progressionem
979 2001 1086 2064 versuo
1103 2004 1271 2066 meridiem
1289 2001 1345 2060 iem

317 2107 462 2174 notavit,
489 2121 591 2185 ¹quere
621 2103 756 2165 ulterior
787 2100 953 2186 descriptio
979 2105 1065 2166 aliud
1100 2105 1182 2186 quid
1211 2101 1344 2187 postulat.

318 2207 405 2288 quod
436 2205 612 2280 declaretur
642 2205 677 2265 iu
706 2202 807 2266 forma
835 2207 967 2268 montio.
1018 2206 1065 2266 lte
1091 2225 1172 2268 vero
1200 2226 1228 2276 ι,
1249 2223 1282 2284 9.
1303 2203 1343 2260 iu·

316 2309 482 2388 Aegyptus
504 2303 544 2366 ab
565 2306 624 2366 hoc
642 2305 734 2366 litore
758 2307 872 2383 (marie
893 2305 1033 2385 interni)
1062 2308 1190 2385 pertitus
1209 2293 1343 2392 immiffar

316 2405 416 2469 donec
436 2407 637 2485 Aethiopiam
660 2397 754 2498 dorso
771 2408 957 2488 corttiugat.
980 2407 1025 2466 ud
1047 2407 1203 2469 meridiem
1220 2397 1341 2496 refugit.

315 2507 365 2572 Ibi
387 2507 519 2588 quidem
537 2508 577 2568 de
593 2509 677 2590 iugie
693 2509 854 2569 montium
873 2507 1003 2592 cogitari
1026 2509 1158 2588 nequit,
1191 2527 1250 2569 nec
1269 2503 1343 2588 cogi·

313 2607 387 2669 tasse
402 2609 496 2677 aliua.
522 2595 716 2689 exipsorum
738 2607 1005 2690 explicationibus
1025 2609 1164 2690 adparet.
1202 2609 1247 2671 stt
1263 2605 1342 2668 enim

312 2709 440 2772 Plinius
456 2720 490 2785 5.
508 2725 540 2788 9.
559 2706 579 2770 l.
594 2717 629 2786 4.
653 2711 817 2790 Aegyptus
832 2708 877 2768 ud
900 2710 1054 2771 meridiem
1076 2709 1231 2780 recedens,
1254 2707 1342 2768 donec

314 2831 336 2873 a
362 2827 450 2890 tergo
475 2808 727 2890 praetenduntur
749 2809 931 2891 Aethiopes.
981 2805 1067 2897 Cum
1097 2808 1207 2874 Plinio
1231 2822 1342 2890 tergum

313 2915 411 2976 etiam
434 2911 554 2972 habent
573 2906 703 2974 Solinue
719 2931 787 2994 cap.
809 2922 866 2990 55.
884 2909 906 2974 s.
924 2926 982 2992 32.
997 2914 1043 2974 in.
1068 2924 1102 2973 et
1122 2913 1270 2974 Martiae.
1291 2907 1342 2970 Ca·

311 3013 394 3098 pella
414 3013 468 3074 lib.
489 3014 522 3076 6.
541 3033 572 3096 p.
593 3023 675 3090 218.
728 3011 851 3076 Omnes
872 3013 968 3097 igitur
984 3014 1023 3074 de
1043 3011 1146 3075 averia
1162 3029 1265 3095 parte.
1288 3025 1342 3092 qut

312 3136 330 3179 e
345 3116 437 3176 litore
453 3111 560 3176 versuo
577 3113 782 3199 Aethiopiam
795 3115 929 3183 recedit,
956 3114 1195 3179 intellexerunt.
1245 3113 1286 3174 Et
1307 3107 1342 3168 ic

312 3217 417 3282 Athos
436 3233 468 3286 Ω,
488 3231 520 3279 Ω.
536 3213 558 3277 f.
583 3235 645 3277 nott
667 3215 897 3296 promontorio.
922 3228 960 3276 ut
980 3215 1045 3288 osii,
1067 3235 1176 3276 verum
1193 3227 1280 3278 totus
1294 3229 1341 3271 ex·

301 3315 395 3410 slot.
431 3329 560 3400 totoque
585 3315 677 3396 longe
703 3307 797 3408 dorso
825 3315 970 3396 procedit
996 3317 1028 3377 iu
1053 3316 1186 3397 pelagus
1208 3319 1230 3380 i.
1251 3333 1279 3377 e.
1304 3309 1340 3372 ab

312 3437 444 3501 utraque
461 3432 564 3501 parte.
593 3438 610 3479 a
627 3415 733 3481 imme
747 3431 780 3479 et
800 3431 932 3502 atergo.
978 3417 1102 3479 l’liniua
1116 3427 1151 3496 4,
1179 3433 1233 3492 ¹7·
1250 3413 1269 3477 s.
1288 3431 1339 3478 to.

311 3545 334 3584 a
358 3523 494 3601 planitie
517 3520 656 3580 excurrit
681 3521 714 3580 in
740 3539 836 3581 more.
886 3515 1001 3582 Seniue
1029 3521 1126 3602 igitur
1151 3519 1205 3580 hic.
1230 3511 1338 3578 subet:

311 3643 373 3706 qua
388 3621 427 3682 ab
442 3621 564 3704 origine
579 3620 617 3679 ed
633 3621 730 3680 linem
743 3619 910 3701 procurrit.
933 3633 966 3681 et
984 3619 1024 3680 stt:
1035 3619 1211 3702 obponitur
1224 3615 1338 3680 verbim

311 3721 354 3786 ab
382 3721 462 3784 Eois
489 3717 636 3783 litoribus
667 3711 844 3812 exsurgeres.
898 3721 1056 3803 lnterpree
1082 3717 1254 3802 Hispanus:
1284 3732 1338 3798 por

311 3822 416 3886 donee
438 3833 513 3884 totu
539 3842 598 3883 cort
614 3813 675 3912 sur
700 3819 868 3914 ctrfludos‚·
900 3822 1007 3884 minue
1032 3835 1184 3887 accurate.
1241 3819 1337 3900 Atqufl

310 3925 388 3988 inde
408 3925 507 3984 etiam
529 3943 663 4004 magnae
683 3935 791 4002 genter
811 3921 946 4006 intelligi
967 3921 1106 4004 possunt.

383 4023 575 4107 diremit)
609 4024 734 4086 Pliniut
750 4034 783 4100 5.
802 4037 860 4097 27.
883 4019 1016 4086 erudiam
1032 4017 1334 4117 dssrastcrts-Astamt

303 4129 372 4226 'nit
396 4122 584 4209 obprimenti
607 4137 712 4192 terrae
736 4134 931 4196 occurrmmt
955 4125 1069 4191 mario.
1129 4123 1246 4223 Refist't
1268 4137 1334 4204 ergo
