2764 4958
193 453 253 512 ΙΝ
283 449 420 510 ΡΟΜΡ.
452 451 558 506 ΜΕῙ..
600 451 635 506 L.
657 451 681 506 l.
723 442 854 512 evttt.
898 449 974 520 §.m
1045 461 1107 530 807

62 625 149 708 plote
175 635 361 688 occurrunt
386 625 420 684 in
445 623 513 684 aliie
538 623 614 685 orie.
665 621 756 682 Idem
781 621 851 704 pull
872 621 1106 687 Naustathmon

64 729 153 808 pouit
172 725 292 787 verlue
311 727 468 786 orientem
491 737 523 783 et
543 726 629 782 iuxta
647 723 758 783 urbem
778 725 938 784 Dardanio
953 726 990 784 nd
1012 725 1108 804 Cyre·

62 830 166 888 naicae
183 829 312 896 linem,
344 845 382 887 ex
404 843 467 907 quo
483 825 609 904 adparet
627 825 748 886 Damio
769 826 903 886 eundem
920 825 979 887 elle
996 829 1028 886 in
1045 829 1108 888 liu·

64 1028 215 1110 [criptura
234 1025 389 1090 Valesius.
425 1027 487 1088 Sed
509 1041 542 1087 et
562 1027 671 1088 eedem
693 1027 806 1088 Damio
825 1041 987 1088 vocatura
1002 1029 1109 1090 Ptole·

8 1158 9 1169 ¹
63 1149 149 1192 mreo
166 1139 207 1209 4.
228 1143 266 1204 7.
305 1127 347 1190 ll.
368 1125 484 1188 Deme.
519 1125 1106 1210 lplumpromunturiumquiburdam

7 1211 11 1308 l
63 1230 150 1292 lueli
162 1227 395 1299 Bouianum,-
426 1249 463 1288 ex
483 1229 594 1290 ordine
615 1227 921 1296 tamenPtolemaei.
944 1231 997 1310 qui
1023 1251 1108 1312 prae·

62 1335 149 1412 ponit
169 1327 439 1400 Naustathmon,
469 1329 628 1390 Roxettt'u
648 1329 683 1389 iu
704 1327 816 1392 tabulis
835 1328 945 1393 nostrie
965 1331 1012 1392 ibi
1033 1351 1107 1394 con·

9 1454 11 1502 l
61 1431 197 1514 lpicitur.

125 1637 172 1698 N
172 1657 201 1696 α
211 1631 446 1727 uslutlrmos
452 1629 473 1714 )
503 1631 636 1694 Portum
652 1645 744 1694 vocnt
759 1632 870 1712 Scylax
885 1655 917 1718 p.
927 1643 987 1713 45.
1005 1633 1105 1701 tludt.

62 1757 127 1800 cnm
148 1736 358 1800 Ptolemaeo
373 1750 406 1813 9,
429 1745 464 1814 4.
507 1735 544 1795 ln
561 1733 639 1796 locir
659 1735 727 1796 eiua
747 1754 820 1797 orto
841 1735 1015 1817 praecipuis
1035 1757 1108 1818 pro·

10 1872 11 1927 p
62 1839 141 1900 ducit
158 1837 293 1900 Strabo
308 1854 335 1896 c.
351 1835 372 1896 l.
393 1847 507 1896 neutro
522 1835 652 1916 quidem
670 1855 795 1918 genere.
829 1836 1108 1915 ACyrenisdille·

10 1932 13 2000 l
61 1937 107 2000 bat
126 1953 204 2018 rgo
227 1935 337 1998 stadiis
360 1935 490 2015 (Scylax
508 1955 534 2000 c.
556 1935 576 2000 l.
606 1935 734 1999 iirecte
755 1935 851 1999 hebet
871 1940 1040 2016 numeror)
1063 1937 1106 2001 H.

60 2039 265 2104 Romana
288 2049 426 2118 putatur.

130 2229 463 2323 Paraetonius)
522 2231 746 2329 ssapotrdvtou
778 2253 872 2306 vocat
900 2241 1053 2321 Polyaen.
1075 2253 1108 2312 Ω.

67 2357 115 2422 28.
131 2362 169 2408 α.
201 2345 291 2403 item
306 2342 418 2403 Strabo
439 2355 493 2416 17.
512 2361 542 2423 p.
560 2339 673 2420 549.ss
685 2355 768 2422 793.
797 2343 850 2404 etli
868 2363 886 2403 o
902 2343 1020 2404 habent
1035 2338 1108 2404 libri

66 2448 219 2526 quidam,
251 2455 287 2502 et
308 2443 466 2504 editiones
493 2443 525 2501 in
551 2443 694 2504 Diodoro
718 2464 745 2512 t.
771 2457 828 2520 31.
851 2443 1024 2530 Plutarch„
1044 2445 1108 2505 An-

65 2549 151 2610 tonio
170 2565 248 2625 cap.
269 2544 391 2616 7o.in.
419 2543 703 2622 Ptolemaeum.
737 2545 899 2626 Stephana
915 2547 948 2606 h.
965 2567 997 2608 v.
1031 2547 1107 2606 Hie·
1164 2567 1167 2578 ·

65 2650 144 2710 rocle
167 2649 208 2706 in
235 2645 439 2723 Syuecdemo
461 2664 492 2726 p.
509 2663 553 2705 m.
573 2657 656 2723 753.
682 2657 715 2705 et
737 2645 774 2706 fic
795 2646 861 2706 levi
881 2647 1106 2707 immutatione

12 2755 13 2767 ¹
65 2749 249 2829 Procopius
266 2745 307 2806 de
321 2742 413 2806 aedif.
429 2746 461 2816 6,
480 2761 512 2808 tt.
541 2745 663 2808 Chron.
678 2745 823 2808 Palcltale
837 2767 868 2828 p.
882 2765 938 2826 29.
956 2749 1008 2809 ed.
1023 2749 1104 2808 Ven.

65 2841 298 2936 anarcimou.
334 2846 489 2908 Lucienur
510 2849 544 2906 in
569 2849 645 2908 Vera
667 2846 734 2910 hist.
757 2867 786 2916 ι,
810 2847 867 2912 62.
891 2843 1106 2934 Hopmrovla.

66 2951 113 3012 sie
127 2965 162 3014 et
176 2961 297 3032 poetae
312 2949 593 3030 antepenultimam
610 2950 801 3030 corripiunt,
826 2963 863 3009 ut
880 2949 978 3012 Ovid.
996 2949 1104 3010 Amor.

67 3069 98 3122 ε,
118 3067 178 3131 ¹3·
199 3065 234 3124 7.
270 3049 484 3130 Metamorph.
508 3067 540 3128 9.
557 3045 648 3124 772.
684 3051 801 3112 Lucan.
819 3065 850 3128 3.
876 3063 959 3129 295.
982 3045 1105 3130 aliique.

68 3145 307 3240 Ilapurrtcvitov
330 3163 434 3210 tamen
464 3151 612 3231 producit
637 3171 675 3211 ex
699 3151 805 3213 uumis
829 3149 946 3212 llasclre
970 3153 1001 3209 iu
1027 3149 1104 3213 Lex.

13 3327 14 3330 Ἴ
69 3275 158 3316 uum.
179 3253 223 3312 T.
242 3264 277 3330 5.
294 3250 331 3311 P.
344 3267 376 3312 e.
390 3271 421 3330 p.
435 3255 517 3330 596.
544 3271 637 3331 quum
656 3273 740 3324 vere,
765 3254 912 3332 equidem
933 3271 998 3312 non
1020 3252 1106 3311 dixe·

70 3359 139 3416 rim.
177 3352 305 3414 Urbem
328 3353 470 3434 plerique
491 3349 618 3422 fuciunt,
642 3355 691 3412 cul
711 3351 875 3436 spatiolum
898 3367 1025 3434 portum
1043 3362 1104 3430 40.

70 3453 130 3517 lere
155 3455 331 3516 stadiorum
356 3456 409 3512 dat
430 3453 551 3516 Strabo.
604 3455 783 3536 Regionem
809 3456 902 3515 etiam
926 3453 1106 3516 Paraetonii

72 3566 303 3618 commemorat
318 3553 439 3614 Pliniue
457 3565 489 3632 5,
506 3569 540 3630 5.
585 3540 705 3616 Urbem
727 3555 765 3617 ab
787 3556 854 3616 aliie
877 3555 1105 3615 Hammonium

73 3659 161 3719 etiam
188 3671 336 3716 vocatam
356 3651 444 3716 inille
465 3669 556 3716 notat
578 3656 701 3718 Strabo.
752 3657 842 3716 idem
860 3676 877 3716 a
894 3655 1104 3716 Catabathmo

75 3771 217 3820 removet
237 3770 326 3816 recto
341 3755 469 3836 quidem
485 3757 697 3840 navigationis
712 3754 802 3818 curlo
823 3777 893 3842 9ου
913 3755 1013 3818 stadiis
1033 3757 1055 3816 i.
1074 3773 1104 3818 e.

81 3877 150 3924 112.
171 3858 220 3919 Μ.
241 3857 278 3918 Ρ.
308 3857 439 3918 terreilri
461 3858 573 3918 itinere
589 3859 715 3919 Plinius
733 3871 791 3934 8⁰·
806 3857 853 3919 M.
871 3859 906 3920 P.
933 3877 1029 3938 aquo
1051 3875 1104 3939 pa·

75 3978 134 4022 mm
159 3961 322 4039 discrepat
344 3957 448 4018 tabula
468 3959 556 4021 Vlll.
584 3956 664 4045 (74.
682 3957 728 4020 Nl.
752 3955 810 4040 P.)
860 3958 906 4018 lta
928 3959 980 4019 vel
1004 3957 1105 4042 magle

75 4063 119 4122 rel
137 4065 252 4124 minue
272 4061 369 4120 etiem
392 4055 582 4120 dissentiunt
606 4059 639 4120 in
662 4059 810 4142 regione,
841 4059 893 4119 cui
913 4057 1103 4120 adscribunt.

13 4198 14 4214 .
72 4161 113 4221 td
129 4163 271 4249 Aegypti
288 4161 380 4228 initia
395 4157 489 4223 refert
505 4160 629 4234 Strabo.
647 4175 680 4222 et
697 4160 827 4225 Orolrue
839 4177 869 4233 t,
890 4177 921 4227 u.
940 4179 1013 4222 cum
1034 4161 1102 4224 Ste-
