2852 4946
337 61 343 104 i

185 359 538 418 mauruntum„
579 359 662 416 ur.
703 359 837 418 cxm.
879 359 959 432 μ.
1028 365 1092 440 4ο,

60 533 146 598 faiss'e
170 535 267 604 dicit.
301 532 387 614 quod
412 534 546 596 omniuo
567 533 715 620 congruit
738 553 811 596 cum
836 531 973 616 Appiani
994 551 1096 596 narra·

62 640 147 700 tione
162 639 196 697 in
213 635 393 696 Mithrida.
408 654 435 697 c.
446 637 504 714 96.
532 655 593 718 qua
613 635 789 718 Pompeiua
807 636 915 720 piratio
933 631 1096 723 nodioyao·

62 761 102 802 ru
127 733 232 826 ἔρημα
262 730 316 798 aui
349 729 584 824 ὀλιγάνθρωποι
614 737 775 800 adtribuit.
827 737 960 800 Subacta
989 752 1099 799 autem

62 841 111 901 itta
126 841 204 901 orbe
220 836 353 900 irrorata
369 837 509 922 Tigrane
525 833 694 902 Armeniae
715 837 839 924 (Solin.
856 858 883 902 c.
902 849 962 916 41.
980 835 1001 901 i.
1018 833 1099 920 38.)

63 955 102 1012 et.
129 954 168 1001 ut
180 941 317 1000 omnino
333 938 454 1008 Cilicia,
479 941 635 1021 (Appiam
657 941 699 1004 de
718 939 786 1004 reb.
802 941 874 1021 Syr.
893 959 962 1024 cap.
977 949 1038 1020 48.
1054 936 1099 1018 f.)

64 1041 230 1105 devoluta.
256 1041 339 1120 (Dio
352 1039 432 1104 cau.
450 1043 508 1121 56,
525 1045 605 1121 oo.)

137 1241 284 1324 Soloe)
334 1243 389 1308 Gr.
415 1237 539 1316 Σόλοι,
574 1263 669 1326 quant
689 1243 962 1308 terminationem
989 1243 1105 1308 Noder

65 1365 119 1430 per
132 1365 170 1408 oe
183 1346 300 1414 reddit,
323 1359 360 1406 ut
373 1361 407 1414 a,
429 1365 458 1416 ι,
477 1361 511 1410 2.
531 1335 719 1437 Arimaspoe
733 1360 766 1408 et
778 1343 1011 1408 Hontoorobt'oe.
1038 1345 1103 1410 Sed

65 1449 156 1510 etita
172 1447 225 1507 aiii
239 1448 335 1508 etiam
354 1444 470 1518 solent,
496 1461 533 1507 ut
550 1445 811 1508 Hemerodromoe
832 1447 909 1508 boni
926 1448 1051 1510 codices
1068 1447 1103 1508 in

67 1547 207 1632 Nepotia
232 1547 316 1610 Milt.
334 1557 369 1626 4,
394 1561 426 1628 3.
454 1547 512 1610 ubi
533 1547 600 1611 vid.
625 1548 791 1612 Keucben.
809 1562 841 1610 et
857 1548 985 1621 Bosruat
1017 1549 1102 1611 Ptin.

68 1651 102 1722 6,
124 1661 184 1730 35.
207 1645 227 1710 ῐ.
243 1663 301 1728 50.
321 1649 452 1730 Nigroe.
506 1649 569 1710 Sed
588 1645 628 1711 ci.
646 1649 855 1733 Oudendorp.
878 1649 915 1711 ad
935 1651 1051 1714 Lucan.
1070 1663 1104 1720 a.

68 1764 155 1830 595.
185 1749 316 1812 Grotius
332 1751 370 1812 ad
393 1764 425 1829 3.
450 1762 532 1827 rsso.
558 1763 591 1812 et
615 1749 784 1812 Muncker.
809 1752 847 1812 ad
871 1751 995 1836 Hygini
1017 1765 1106 1832 poet.

67 1852 181 1914 ustrou.
201 1867 234 1920 a,
260 1867 293 1916 a.
345 1851 433 1912 Libri
457 1853 541 1912 inter
566 1863 737 1934 utrumque
763 1851 959 1914 fluctuantur
982 1847 1106 1933 patum.

67 1973 128 2016 nec
149 1953 228 2014 mlit
247 1973 283 2012 oe
302 1953 336 2014 in
354 1953 535 2014 Germanici
557 1953 677 2016 Arateis
696 1973 730 2016 v.
745 1965 805 2030 25.
826 1965 858 2016 et
880 1950 938 2032 63.
958 1951 1107 2017 Buhiiue.

67 2057 140 2118 Una
157 2073 236 2116 vero
253 2052 365 2133 syllaba
380 2053 577 2116 efferendum
592 2053 652 2132 elie
668 2073 718 2124 oe.
745 2055 838 2116 docet
855 2055 949 2116 metri
968 2055 1049 2116 ratio
1072 2055 1110 2116 in

68 2157 159 2220 Evae
174 2157 257 2238 apud
277 2155 387 2218 Horat.
399 2171 431 2218 a.
449 2156 501 2219 od.
516 2173 572 2236 19,
590 2171 624 2228 7.
645 2168 679 2218 et
696 2155 781 2217 aiibi.
816 2155 861 2218 Ut
876 2175 893 2216 a
908 2155 991 2218 Solia
1008 2155 1110 2238 Cypri

69 2257 149 2318 urbe
172 2257 362 2340 cognomini
389 2255 636 2342 distinguantur,
668 2251 781 2338 paffim
808 2255 935 2318 additur
954 2252 1109 2327 liuditum,

69 2373 107 2420 ur
119 2359 156 2420 iu
171 2357 311 2436 Polybio
327 2371 386 2428 aa.
404 2377 437 2438 7,
457 2377 514 2422 ιο.
538 2371 571 2420 et
590 2357 630 2420 fic
646 2357 768 2420 Plinina
782 2369 816 2436 5,
834 2355 923 2422 oui.
937 2373 995 2432 27.
1021 2357 1111 2420 Soloe

75 2460 190 2524 Cilicii.
204 2480 205 2484 ¹
233 2458 364 2520 Nomen
378 2461 478 2522 eiuaa
495 2459 614 2522 Solone
634 2455 818 2546 (ariadnam)
840 2461 962 2522 ducunt
976 2455 1110 2542 Stepha-

70 2582 132 2624 nne
147 2561 182 2622 ia.
201 2581 235 2624 v.
260 2573 293 2620 et
313 2561 525 2622 auctor-virae
545 2561 631 2622 Arati
649 2561 693 2622 in.
745 2562 884 2645 Diogen.
901 2561 1004 2624 Laert.
1026 2579 1055 2632 t,
1073 2567 1109 2643 4.

72 2662 95 2727 s.
114 2675 174 2740 5¹·
200 2653 318 2742 (piatos
335 2683 366 2722 tt.
385 2655 560 2739 iudanon)
586 2659 769 2724 Eustathiue
785 2663 823 2722 ad
840 2660 969 2755 Dionys.
980 2673 1109 2740 v.875.

71 2777 181 2826 auctor
195 2781 377 2842 anonymus
394 2763 433 2824 de
448 2761 625 2824 incredibil.
638 2782 664 2824 c.
678 2777 736 2826 ut.
760 2763 794 2824 in
806 2761 884 2826 Galo
899 2760 988 2847 opus.
1004 2784 1037 2846 p.
1050 2773 1111 2842 95.

72 2858 196 2950 (ᾤκισε
217 2863 292 2946 hic)
329 2863 370 2924 dt
389 2863 576 2926 Plutarchua
599 2865 633 2924 in
653 2864 773 2927 Solone
791 2883 817 2926 c.
832 2865 893 2930 26.
933 2865 1026 2928 Soloe
1046 2877 1112 2926 tan·

72 2981 145 3030 tum
163 2968 197 3026 in
219 2964 327 3047 Cypro
347 2967 458 3036 novit,
483 2965 808 3048 ‹ynoaPhilocypruu
840 2964 960 3028 insulae
979 2985 1051 3036 retr.
1077 2968 1113 3026 iu
1172 3024 1174 3028 .

74 3069 206 3154 Solonio
220 3067 391 3135 bonorem,
417 3080 543 3130 mutato
560 3065 688 3148 pristino
703 3068 836 3128 nomine
852 3068 969 3149 Aepea,
995 3067 1039 3128 ita
1056 3083 1114 3128 vo·

73 3173 173 3233 cavit.
215 3169 258 3229 Et
274 3163 350 3229 iulet
366 3180 497 3249 utraque
511 3167 586 3230 urba
607 3161 717 3250 paffinr
733 3166 898 3240 confundi,
924 3180 961 3228 ut
981 3169 1115 3230 docetur

72 3273 107 3334 in
123 3267 286 3354 opusculis
300 3267 339 3328 ab
352 3267 577 3330 Ackerrnanuo
593 3268 744 3332 conlectis
758 3291 790 3353 p.
808 3287 867 3348 90.
893 3283 925 3331 et
939 3268 1015 3330 hinc
1030 3269 1116 3330 inter

73 3387 243 3452 utramque
266 3370 403 3442 incertus
425 3370 544 3452 pendet
563 3370 676 3434 Suidaa
697 3366 718 3432 i.
738 3391 772 3435 v.
800 3365 919 3434 Σόλων
943 3382 976 3432 et
996 3364 1116 3449 Σόλοι,

73 3471 314 3555 etvindingiue
325 3471 360 3530 in
377 3471 512 3534 Hellene
526 3491 558 3554 p.
568 3471 653 3552 463.
671 3469 849 3556 (Gronovii
863 3467 941 3535 thes.
959 3472 1030 3535 Vol.
1044 3491 1056 3532 ι
1069 3467 1118 3556 ι.)

75 3579 116 3640 de
131 3575 243 3656 Cypro
266 3571 466 3634 veridmiline
486 3585 595 3655 putat,
622 3573 709 3654 quod
731 3573 777 3634 ibi
801 3570 1007 3636 Athenieniea
1028 3571 1116 3634 habi·

75 3679 186 3740 tarint.
240 3677 282 3736 dt
297 3657 469 3754 utrumque
491 3672 567 3736 dare
584 3673 702 3756 potest,
728 3676 802 3756 qnia
818 3675 858 3737 de
874 3675 974 3756 Cypri
989 3672 1067 3738 urbe
1082 3674 1117 3736 id

76 3788 349 3841 commemoratur
364 3787 437 3836 ante
452 3773 521 3837 eiua
537 3775 747 3856 conloquium
760 3795 833 3838 cum
844 3773 973 3846 Croeso,
997 3795 1037 3838 err
1052 3795 1117 3858 quo

76 3879 226 3942 Ciliciam
244 3877 350 3959 petiit,
372 3875 431 3936 ubi
445 3877 537 3941 Soloe
552 3875 699 3939 instituit.
734 3875 937 3942 Constantior
952 3890 985 3939 et
1001 3878 1119 3940 certior

76 3981 210 4044 ridetur
225 3975 286 4038 elie
304 3978 470 4040 auctoritaa
489 3995 620 4048 eorum,
653 3978 710 4058 qui
729 3997 805 4040 cum
827 3977 932 4040 nostro
957 3979 1119 4062 originem

77 4082 168 4144 urbia
183 4079 223 4142 ab
238 4075 569 4146 annuntiaturum
585 4091 619 4144 et
634 4077 772 4144 Rhodiit
788 4079 969 4150 deducunt,
994 4081 1035 4143 de
1054 4098 1119 4162 quo
