2764 4958
193 390 255 448 ru
287 365 579 451 nonnum„
622 392 702 450 ut
746 393 868 452 ovn.
907 391 985 464 tr.
1063 393 1121 458 rnr
1192 377 1200 394 ·

3 579 4 600 ³
62 565 146 625 etsie
169 583 189 624 a
216 561 457 628 nmilimdine
478 560 613 636 ἀσπίδος
622 562 669 630 ¹de
689 560 882 646 cognomini
900 567 983 627 colle
1002 563 1119 626 Strabo

1 623 7 753 i
67 680 112 724 ι’.
130 685 163 746 p.
179 677 278 741 573.
299 667 321 726 l.
340 677 431 743 834.
472 667 559 726 Nam
577 662 634 726 hic
656 667 775 726 collem
796 663 907 748 ponit,
933 663 1119 728 habitatum

5 836 6 854 Χ
62 781 179 836 tamen,
206 767 343 827 urbem
362 767 466 828 habet
483 767 524 826 ad
541 763 663 845 Syrtim
678 763 857 838 maiorem,
889 763 995 852 qualia
1019 781 1052 828 et
1071 761 1118 825 ibi

5 857 6 863 ¹
62 863 126 937 luit,
147 866 231 926 telle
246 867 460 928 Ptolemaeo
479 876 513 945 4,
533 881 565 944 3.
590 866 728 928 anostra
745 863 946 950 discrepans.
977 867 1119 932 Atmale

63 968 244 1028 abeodem
271 963 397 1042 Ἀσπὶς
420 983 453 1028 et
475 965 617 1032 lilerio
647 983 815 1052 tamquam
844 965 991 1030 diversae
1020 967 1119 1028 urbes

62 1069 302 1140 leeemuutur,
334 1067 435 1152 quod
456 1083 488 1130 et
506 1065 542 1130 in
560 1065 634 1130 aliis
652 1068 777 1130 factum
796 1084 913 1132 notant
930 1068 1060 1130 Salmas.
1079 1065 1121 1128 ad

12 1247 13 1251 Ἰ
64 1167 156 1232 Solin.
172 1193 208 1254 p.
226 1191 280 1230 m.
303 1185 398 1244 227.
422 1183 456 1228 ot
472 1170 623 1232 Bochart.
644 1166 680 1231 in
695 1171 853 1232 Chanaan
875 1193 904 1242 ι,
925 1179 985 1250 44.
1001 1169 1023 1232 f.
1065 1169 1120 1230 Se-

62 1289 147 1332 tutus
169 1271 219 1332 est
244 1272 394 1332 Merula
424 1269 466 1328 ad
484 1267 631 1330 Ennium
652 1271 768 1332 Annal.
791 1287 824 1344 7.
847 1291 879 1353 p.
903 1279 988 1352 424.
1020 1288 1120 1354 quem
1243 1269 1247 1280 '

63 1390 195 1455 cupunt
219 1374 296 1434 hac
326 1371 375 1430 de
398 1369 494 1431 causa
517 1368 726 1456 Dauoqueiua
749 1386 782 1434 et
809 1373 976 1439 Drakenb.
998 1371 1038 1433 ad
1060 1369 1119 1432 Sil.

11 1457 15 1530 l
61 1477 121 1536 lul.
143 1495 174 1536 c.
199 1476 226 1535 l.
290 1467 452 1534 Gentilia
480 1472 623 1544 Graeca,
656 1487 694 1536 ut
721 1467 917 1559 'torturum
953 1468 1120 1546 'derideo

62 1567 224 1652 ’Δστιδεῦς
260 1575 380 1636 babet
421 1571 623 1654 Stephanum
667 1569 840 1636 lidoruwr
871 1573 1048 1661 Newuopwv
1080 1593 1121 1634 ex

61 1678 174 1740 Galbae
194 1695 322 1737 numo
343 1687 444 1733 notat
458 1669 608 1734 Goltzius
626 1670 662 1735 in
679 1673 757 1735 thes.
774 1695 805 1756 p.
817 1685 899 1750 218.
934 1665 1120 1766 Glipiensem

60 1777 254 1862 episcopum
274 1789 480 1836 memorant
499 1772 637 1836 notitiae
653 1771 890 1837 ecelefiasticae.
922 1771 1120 1838 Conditoreo

60 1878 127 1941 latit
151 1877 309 1942 Siculos
337 1871 449 1936 Solin.
466 1895 494 1936 c.
514 1877 536 1937 l.
566 1878 685 1937 collem
706 1872 803 1938 illum
825 1873 945 1940 incolit
971 1875 1120 1960 frequen·

61 1983 123 2041 use
155 1978 428 2064 Agathoclem,
464 1972 652 2038 Siculorum
686 1991 862 2054 tyrannum
888 1996 929 2039 eo
962 1991 1121 2058 tempore,

61 2104 115 2164 quo
132 2085 287 2145 clall'em
303 2075 347 2137 in
360 2073 646 2160 Carthaginienses
662 2075 803 2149 (luxerit,
820 2077 1046 2140 refertStrabo
1061 2095 1089 2138 e.
1100 2077 1121 2137 l.

61 2183 139 2244 ldem
153 2179 275 2268 ponit
292 2177 374 2261 post
389 2175 550 2239 Mercurii
565 2175 829 2262 promontorium
846 2194 878 2240 et
892 2175 1070 2262 Neapolim
1087 2174 1122 2240 in

63 2278 311 2368 promontorio
345 2275 545 2360 Taphitide;
577 2277 706 2340 Plinius
733 2295 766 2343 et
786 2276 969 2342 Martianus
989 2279 1123 2362 Capella

61 2385 89 2446 in
110 2375 380 2471 promontorio
408 2376 584 2450 Mercurii,
616 2381 705 2465 quod
729 2378 863 2441 videtur
893 2381 953 2442 esse
978 2378 1124 2462 Ταφῖτις

62 2483 138 2562 lua
160 2476 389 2550 strabonis,
415 2495 453 2540 ut
473 2501 513 2540 ex
537 2478 748 2564 navigatione
768 2483 993 2542 Romanorum
1011 2502 1027 2541 a
1048 2500 1121 2564 pro·

61 2571 235 2651 montorio
264 2575 440 2644 Mercurii
462 2581 504 2641 ad
526 2581 687 2664 Clupeam
710 2579 907 2664 intelligitur
927 2581 1014 2665 apud
1029 2583 1122 2659 Poly·

62 2689 148 2752 bium
180 2713 219 2758 1,
257 2701 328 2764 29.
386 2680 437 2742 Cf.
464 2679 563 2743 etiam
590 2685 708 2745 Cellar.
736 2680 771 2743 iu
799 2684 917 2765 Geogr.
941 2691 977 2761 4,
1002 2693 1036 2760 4,
1061 2691 1121 2759 47,

62 2792 291 2854 Ptolemaeus
310 2784 406 2843 hunc
423 2779 574 2844 ordinem
591 2799 697 2846 tenet:
730 2785 858 2866 Clypea,
873 2783 1121 2863 promontorium

63 2891 247 2958 usurarii,
286 2875 462 2975 Aspis-
485 2883 651 2965 Neapolis.
689 2885 779 2946 Tum
799 2885 917 2946 Strabo·
935 2879 1123 2966 praeposuit

64 2989 274 3078 Neapolim,
312 3003 416 3068 quam
437 2999 547 3045 tamen
573 2985 789 3069 postponunt,
825 2987 845 3045 fi
870 2981 1030 3045 diversam
1049 3001 1123 3066 pro·

65 3096 278 3176 greffionem
295 3103 489 3168 compares,
514 3083 700 3146 Antoninus
721 3101 754 3147 et
769 3086 981 3168 Geographuo
998 3087 1124 3146 Raven-

65 3217 138 3268 ωε,
173 3190 363 3278 probante
393 3183 614 3268 navigationis
644 3187 740 3248 cursu
765 3186 854 3270 apud
882 3183 1028 3246 Hirtium
1049 3204 1080 3246 e.
1101 3185 1122 3250 l.

68 3294 224 3360 manino
243 3303 368 3352 autem
384 3285 489 3346 noster
509 3284 693 3370 promiscue
711 3284 827 3349 ordine
845 3289 941 3348 urbes
964 3281 1124 3368 adposuit,

70 3399 158 3482 quod
180 3393 227 3456 in
255 3383 382 3473 primis
404 3387 502 3448 docet
524 3387 768 3449 Hadrumetum
784 3386 914 3471 aliaque
935 3389 1006 3447 loca
1024 3383 1061 3446 in
1080 3401 1123 3445 ta·
1216 3431 1218 3436 .

71 3501 148 3560 bula
171 3485 389 3570 Peutiugeri
412 3503 535 3549 notata.
574 3488 722 3550 Liberum
744 3487 896 3569 oppidum
918 3501 1015 3548 vocat
1037 3481 1122 3558 Plin.

76 3615 106 3676 5,
123 3615 159 3673 5.
180 3596 204 3666 s,
222 3605 263 3672 4.
314 3586 470 3672 Plerique
490 3586 590 3650 hodie
611 3605 728 3673 putant
748 3590 809 3650 ell'e
825 3580 998 3678 anarau,·
1021 3588 1124 3650 Shaw

75 3703 141 3762 el.
167 3691 325 3778 Clybea,
347 3687 406 3750 ubi
425 3687 593 3772 congeries
614 3693 650 3751 fit
666 3691 811 3752 casarum
828 3686 965 3761 vilium,
995 3685 1123 3775 antiqui

79 3795 231 3862 aedificii
251 3793 349 3854 nulla
371 3791 549 3874 adpareant
567 3789 711 3875 vestigia.

150 3991 465 4075 Macomades)
512 3989 569 4055 sie
596 3989 747 4077 plerique
780 3991 946 4075 adpellant
975 3987 1011 4052 in
1036 3986 1124 4052 notio

83 4098 208 4168 criticis
236 4091 433 4160 memorati.
481 4090 571 4157 Hinc
603 4091 641 4157 in
673 4089 833 4180 episcopia
858 4091 1083 4156 Macomadt‘en
1099 4113 1126 4154 rs
