2892 4950
349 421 414 506 464
620 417 779 480 nom
820 367 1120 484 axrorrrcra

349 613 482 684 portum
499 610 733 660 commemorat
753 587 910 688 Greffom3
935 597 1120 661 Ptolemaeo
1131 609 1166 676 5.
1186 615 1220 663 tt.
1235 597 1377 689 aanor«,

349 701 404 764 vel
418 695 570 787 Κρήσσας
585 696 643 762 leo.
661 700 733 760 cod.
748 699 881 762 Palatio.
908 699 1023 763 Strabo
1046 711 1099 783 14.
1121 719 1155 783 p.
1170 712 1256 784 443.
1272 699 1291 764 l.
1302 704 1377 779 652.

348 801 403 864 laio
419 800 515 864 habet
530 790 692 892 Physcum
711 797 874 887 πολίχνην
891 821 966 863 cum
989 815 1095 883 portu,
1121 805 1174 862 cui
1199 803 1299 866 statim
1319 801 1379 863 iub·

349 905 419 966 iicit
434 902 573 984 Loryma
579 921 594 974 ‚·
624 919 663 963 ex
680 921 744 982 quo
764 903 864 988 magia
883 903 1042 985 pertinere
1060 903 1189 964 videtur
1207 907 1247 968 ad
1264 903 1379 987 loquen-

351 1021 419 1068 tem
448 1017 578 1086 portum
602 1013 636 1065 et
660 1003 787 1067 urbem.
830 1005 881 1067 De
910 994 1067 1097 Trfanusa
1092 1005 1220 1067 dictum
1245 1007 1281 1068 in
1302 1007 1380 1070 notit

347 1108 467 1171 criticis
487 1125 519 1189 p.
536 1114 623 1188 497.

426 1305 664 1389 Larumna)
712 1305 877 1381 Aliorum,
911 1308 945 1370 in
971 1309 1083 1391 primia
1108 1309 1319 1380 Graecorum,
1342 1306 1379 1370 eil

349 1403 506 1498 Λώρυμα.
558 1407 724 1492 Oppidum
756 1407 875 1474 faciunt
906 1411 1030 1492 plures,
1065 1423 1103 1472 ut
1128 1411 1273 1474 Ptolem.
1296 1423 1326 1488 5.
1349 1425 1377 1472 a.

352 1510 504 1594 Stephon.
521 1509 554 1572 h.
579 1530 613 1573 v.
656 1514 681 1572 Δ
704 1509 811 1574 Plinio
828 1527 861 1588 5,
886 1527 945 1592 29.
966 1509 987 1573 i.
1006 1523 1064 1590 og.
1086 1526 1221 1575 vocatur
1241 1513 1343 1578 loom,
1365 1531 1379 1570 a

348 1611 505 1677 Strabone
522 1631 549 1674 c.
571 1611 594 1673 l.
614 1623 746 1674 vocatur
762 1609 912 1701 rapallo
935 1612 1089 1701 τραχεῖα.
1142 1615 1194 1675 Ex
1217 1615 1283 1675 hoc
1299 1611 1380 1673 intui

348 1713 424 1796 (lib.
446 1726 501 1796 ²4·
517 1733 550 1795 p.
560 1722 646 1792 45¹·
665 1709 688 1776 l.
706 1713 811 1802 655.)
837 1716 980 1796 adparet,
1006 1727 1124 1778 neutro
1140 1735 1262 1799 genere
1276 1714 1380 1780 efferri.

348 1827 387 1878 ut
407 1809 454 1880 ati
477 1807 621 1904 Λώρυμα
628 1856 639 1887 ,
664 1809 846 1904 Ametinum,
879 1817 934 1876 elli
951 1817 1033 1900 apud
1051 1815 1207 1878 Senecam
1227 1815 1262 1876 in
1277 1813 1378 1876 Natur.

351 1915 477 2002 Quaest.
494 1931 527 1995 3,
550 1934 604 1996 ¹9·
628 1914 800 1997 znrymam
822 1917 953 2001 legitur,
986 1930 1023 1978 ut
1044 1918 1077 1979 io
1097 1916 1184 1977 Livii
1203 1917 1296 1980 MSS.
1320 1917 1379 1996 qni·

348 2017 484 2082 burdam
498 2029 531 2080 et
550 2016 708 2100 prioribus
722 2018 796 2080 edri.
814 2031 872 2097 37,
892 2033 948 2094 17,
963 2028 997 2096 8.
1023 2017 1080 2078 ubi
1097 2016 1190 2078 limnl
1213 2029 1322 2100 portur
1335 2017 1379 2076 ad·

348 2118 457 2183 versuo
474 2119 629 2181 Rhodum
648 2134 858 2190 memoratur,
889 2119 1063 2181 accuratius
1083 2131 1192 2182 tamen
1216 2117 1378 2201 descriptor

347 2231 409 2303 45,
432 2241 486 2291 ιο.
501 2229 536 2300 4.
563 2219 620 2281 ubi
642 2237 700 2283 oo.
718 2221 823 2301 paullo
840 2221 974 2304 amplius
990 2219 1036 2282 Μ.
1051 2219 1089 2282 Ρ.
1106 2241 1122 2280 a
1144 2221 1269 2282 Illrodo
1285 2237 1377 2282 remo·

348 2335 454 2395 vetur,
480 2334 513 2383 et
530 2339 568 2382 ex
583 2318 713 2383 adverso
730 2321 786 2402 ipsa
804 2321 874 2383 urbi
895 2323 1036 2404 ponitur.
1085 2321 1177 2382 Errat
1201 2323 1300 2406 igitur
1320 2321 1378 2382 Ste-

346 2424 491 2508 phanae,
515 2423 570 2504 qui
584 2421 694 2485 Rhodi
711 2437 839 2505 portum
857 2419 948 2494 iacit,
974 2435 1011 2483 ut
1027 2421 1124 2483 docet
1141 2423 1189 2482 ibi
1207 2421 1375 2485 Berlreliut.

346 2525 505 2586 Videntur
520 2535 626 2585 tamen
636 2523 778 2605 Loryma
793 2538 825 2584 et
835 2523 998 2606 Larymna
1012 2521 1140 2586 differre
1155 2524 1243 2586 iuter
1259 2521 1298 2594 le,
1312 2539 1376 2584 curn

342 2641 415 2687 non
430 2622 530 2686 lolum
549 2637 655 2704 aperte
669 2623 837 2708 distinguat
851 2625 975 2687 Plinius
990 2635 1024 2701 5,
1041 2639 1100 2704 29.
1117 2623 1137 2686 l.
1156 2638 1218 2704 αθ.
1242 2639 1275 2688 et
1288 2621 1380 2707 polle·

345 2727 412 2787 rius
428 2725 462 2786 in
477 2725 593 2786 eodem
609 2725 691 2795 loco,
720 2744 784 2806 quo
805 2725 889 2788 Mela
909 2726 971 2796 hic,
997 2738 1105 2807 ponat,
1130 2723 1179 2786 led
1197 2741 1231 2788 et
1247 2705 1376 2812 Λέρυμα

227 2899 231 2916 ,
346 2820 444 2914 λιμὴν
460 2838 568 2889 contra
581 2827 699 2906 Symen
716 2825 848 2888 insulam
863 2846 880 2889 a
898 2826 1106 2891 Constantino
1126 2826 1326 2910 Porphyrog.
1342 2823 1376 2883 de

348 2929 500 2991 Themat.
523 2947 552 3000 ι,
572 2937 628 3011 14.
655 2925 840 3010 proferatur,
870 2926 940 2990 latia
962 2927 1038 2988 hinc
1055 2941 1190 2996 remote,
1223 2947 1291 2990 non
1308 2928 1377 2986 item

347 3033 384 3094 in
405 3029 521 3092 Plinio.
573 3030 690 3092 Parum
710 3043 828 3100 autern.
856 3027 1071 3109 licomparee.
1105 3029 1139 3088 in
1162 3025 1311 3110 scriptura
1329 3023 1377 3084 irbi

347 3131 489 3195 constant
513 3143 672 3201 auctorat,
711 3145 744 3191 et
769 3132 789 3194 st
818 3131 933 3192 Graeca
960 3129 1122 3191 Strabonis
1147 3141 1180 3190 et
1205 3121 1377 3190 Ptolemaei

348 3233 500 3316 loquaris,
530 3233 640 3314 utique
657 3231 710 3292 hic
726 3231 863 3312 Loryma
885 3230 1083 3294 scribendum
1098 3227 1209 3301 luerit.
1236 3243 1271 3294 et
1283 3229 1377 3310 lory·

348 3323 401 3397 r'nn
416 3347 525 3397 contra
538 3335 660 3414 Symeo
676 3332 784 3394 locum
798 3331 888 3393 lutam
902 3329 1058 3396 sortiatur.

423 3533 611 3597 Porrrlt'orr
631 3567 683 3583 -
704 3524 872 3625 emissus
880 3531 899 3615 )
935 3531 1095 3596 Notabilis
1111 3532 1188 3595 haec
1204 3527 1375 3615 descriptio·

348 3657 426 3700 oum
447 3635 596 3720 potuillet
611 3655 674 3697 una
690 3654 771 3697 voce
793 3636 896 3697 dicere
912 3635 1175 3718 promontorium.
1227 3633 1290 3696 Sed
1311 3647 1376 3715 pro·

348 3740 549 3801 montorium
583 3735 732 3820 supponit
768 3735 887 3808 sanum,
924 3751 957 3798 et
984 3737 1061 3798 inde
1092 3749 1240 3818 portum,
1276 3747 1312 3796 ut
1335 3727 1375 3790 ilti

346 3839 459 3904 llorere
480 3833 576 3922 polilt
597 3837 775 3922 navigatio,
806 3839 892 3919 quod
914 3850 1041 3919 apparet
1067 3836 1102 3896 in
1130 3837 1290 3900 hocloco
1314 3849 1374 3894 noo

348 3937 452 4004 inilia.
478 3960 502 4002 1.
519 3937 799 4002 onorovrvaMS.
843 3938 881 4000 ln
892 3938 1114 4016 strabonem.
1125 3935 1286 4020 p.451.l.
1297 3936 1372 4010 655·

348 4041 487 4122 Loryma
509 4039 648 4123 sequitur
668 4032 772 4113 Κυνὸς
786 4038 891 4124 σῆμα,
920 4039 953 4100 in
975 4037 1161 4102 Ptolemaeo
1177 4051 1211 4116 5.
1229 4055 1260 4102 o.
1275 4028 1374 4100 Ὄνου

348 4138 474 4228 γνάθος
499 4133 605 4230 ἄκρα,
638 4159 717 4224 qnae
744 4137 828 4203 iorte
851 4140 915 4202 huc
940 4141 1118 4223 pertinent,
1152 4139 1209 4204 etit
1233 4139 1373 4203 anerl

724 4455 759 4659 l
