2892 4950
185 385 237 447 ΓΝ
265 384 402 444 voltu.
431 381 540 440 Mitt.
581 381 662 440 ω.
706 381 866 442 omn.
906 379 988 451 te·
1050 389 1113 456 337

75 558 186 626 erineo
201 555 239 622 in
258 553 316 622 illa
336 553 396 618 lite
413 551 559 620 tinxerit.
611 553 663 616 De
677 549 749 616 ciue
765 549 914 620 fontibus
928 553 1117 620 luculenter

75 658 228 746 exposuit
260 655 451 722 Demetrius
481 657 629 742 Scepsius
661 655 749 738 apud
776 656 972 720 Strabonem
995 655 1117 746 etipse

76 764 195 827 Strabo
218 777 274 839 13.
289 782 322 844 p.
339 770 424 839 414.
442 756 464 820 Γ.
481 760 565 824 602.
616 757 702 820 Sunt
725 771 836 822 autem
854 755 890 822 in
906 759 983 832 Ida,
1009 755 1067 826 ubi
1082 775 1119 825 et

77 863 186 929 noller
209 861 363 945 deligunt.
416 861 509 922 Duos
530 875 640 924 tamen
662 855 790 922 indicat
813 861 977 947 Homeruu
1000 865 1037 926 ll.
1058 881 1116 940 oe,

84 977 165 1046 147.
191 961 337 1028 ualidum
352 981 477 1034 unum.
506 963 645 1024 alterum
660 957 830 1044 frigidum.
868 965 966 1026 lllum
981 961 1118 1049 quidem

77 1069 134 1132 lua
152 1081 258 1130 aetate
272 1059 439 1134 exaruill'e,
455 1079 489 1126 et
503 1083 609 1126 unum
627 1077 765 1132 tanturn.
782 1059 954 1146 frigidum.
970 1062 1118 1134 inveniri

80 1166 233 1230 adfirmat
253 1166 381 1228 Strabo.
432 1166 544 1230 Unum
568 1161 669 1226 etiarn
696 1159 733 1226 in
753 1163 889 1245 Cotylo,
921 1166 998 1230 ldae
1023 1169 1118 1243 colle,

81 1265 230 1352 agnoscit
261 1261 452 1328 Demetrius
479 1259 674 1350 clausamque
699 1261 921 1329 converlronie
943 1265 980 1330 in
1013 1284 1120 1333 terrae

78 1367 228 1435 motibus
252 1363 391 1453 quaerit,
427 1369 540 1452 quales
565 1363 601 1428 in
628 1362 756 1450 primia,
790 1367 951 1432 Democle
973 1386 1119 1446 auctore,

79 1471 118 1536 in
140 1469 197 1534 illa
215 1467 352 1552 regione
369 1485 528 1552 regnante
545 1469 687 1532 Tantalo
710 1467 813 1532 foetos
835 1468 936 1532 refert
952 1471 1069 1535 Strabo
1091 1497 1119 1538 1.

79 1597 114 1658 p.
130 1582 191 1653 4ο.
207 1571 229 1633 Γ.
246 1581 304 1648 58.
332 1571 385 1631 etfi
411 1567 447 1630 in
466 1571 531 1632 hoc
551 1567 687 1655 quidem
711 1567 946 1654 chronologica
968 1571 1054 1636 ratio
1071 1595 1121 1637 re·

80 1687 216 1762 pugnat.
269 1673 320 1732 De
346 1673 454 1734 calore
475 1689 556 1734 vero
580 1668 666 1736 nihil
697 1687 730 1732 et
755 1668 955 1734 recentiores
975 1691 1122 1743 narrent.

80 1775 193 1858 lpluru
215 1775 345 1844 locum,
372 1772 462 1835 unde
481 1769 604 1843 oritur,
631 1773 784 1834 Pococke
807 1773 847 1834 T.
865 1787 897 1850 3.
920 1795 952 1857 p.
975 1795 1020 1839 m.
1040 1779 1120 1854 136.

83 1897 123 1942 ex
140 1873 284 1936 aliorum
301 1869 494 1954 testimoniis
511 1888 610 1936 vocat
624 1873 800 1936 Biramitlr.
834 1873 872 1935 ln
889 1874 985 1936 curlu
998 1873 1122 1960 excipit

81 1971 249 2044 Andrium
272 1976 403 2054 (Strabo
418 1989 473 2052 13.
488 1995 517 2037 e.
533 1975 570 2051 l.)
592 1974 625 2036 h.
641 1969 834 2046 Enaichaie,
857 1975 1022 2052 (Pococke
1036 1978 1076 2039 T.
1088 1993 1121 2056 3.

81 2101 116 2164 p.
131 2098 177 2142 m.
199 2081 294 2156 157.)
320 2073 489 2140 Simoenta
511 2077 660 2154 (Homer.
681 2075 718 2136 ll.
735 2087 770 2151 5,
788 2083 872 2153 774.
908 2073 992 2138 Plin.
1008 2089 1043 2156 5,
1063 2093 1122 2156 33.

83 2180 105 2241 l.
123 2183 198 2258 3ο.)
220 2197 325 2260 prope
342 2175 440 2239 llium
454 2195 592 2248 novum,
617 2175 748 2252 (Strabo
767 2189 821 2252 13.
838 2197 871 2258 p.
885 2185 930 2256 41
943 2199 972 2238 1.
988 2177 1010 2240 Γ.
1023 2183 1122 2259 597.)

82 2295 118 2343 et
136 2281 179 2341 fic
194 2297 298 2362 prope
314 2275 450 2362 Sigeum
465 2275 500 2338 in
515 2298 605 2338 mare
620 2273 785 2348 excurrit,
813 2297 889 2340 cum
905 2293 999 2340 antea
1014 2281 1125 2342 lacum

81 2378 175 2450 lecit.
197 2379 328 2456 (Strabo
343 2399 372 2444 c.
390 2381 425 2458 Γ.)
451 2399 550 2464 quem
566 2379 732 2440 Homerus
753 2379 791 2440 ll.
809 2397 867 2451 ur,
888 2390 967 2456 125.
991 2377 1125 2442 videtur

84 2463 253 2566 adpellare
277 2475 356 2555 ἁλὸς
376 2470 469 2566 εὐρέα
489 2474 630 2553 πόντον,
654 2479 771 2541 Strubo
784 2495 838 2557 13.
856 2499 883 2542 c.
899 2483 920 2542 l.
945 2495 978 2542 et
995 2492 1123 2564 puro.

83 2585 107 2648 l.
119 2585 208 2662 565.
223 2578 467 2671 oropullpunu5
494 2577 623 2644 Plinius
640 2599 668 2644 c.
686 2581 706 2644 l.
722 2577 880 2669 stagnum
893 2575 1127 2674 prussorum

84 2675 397 2775 Palaescamander
419 2683 474 2744 etfi
491 2678 645 2764 ambigue
662 2678 698 2743 in
718 2679 771 2743 hie
797 2679 874 2764 agit.
912 2681 982 2766 lpse
1002 2681 1126 2750 fluvius

83 2799 226 2850 vocatur
241 2779 362 2869 δινήεις,
385 2785 435 2862 (ll.
455 2800 512 2855 et,
535 2801 565 2846 e.
595 2800 652 2854 ee,
675 2787 769 2862 148.)
797 2779 987 2868 βαθυδίνης,
1004 2787 1055 2862 (ll.
1069 2805 1127 2859 eo,

86 2891 163 2968 73.)
185 2879 412 2970 βαθυδινήεις,
436 2885 485 2963 (ll.
505 2901 562 2955 et,
587 2889 655 2962 15.)
679 2881 881 2964 navigabilis.
914 2881 1019 2960 (Plin.
1038 2905 1066 2948 e.
1083 2887 1126 2965 l.)

84 2987 190 3074 Quod
216 2983 332 3048 Vibius
357 3005 385 3050 c.
417 2988 439 3049 l.
478 2983 515 3050 in
546 2981 785 3067 Propontidem
816 3003 876 3068 pro
914 2985 1127 3070 Hellesponto

86 3085 230 3157 emittit.
256 3083 391 3150 fallitur.
442 3088 653 3150 Ptolemaeus
674 3082 774 3148 etiam
798 3097 832 3162 5,
858 3103 889 3146 o.
917 3082 952 3147 in
977 3105 1016 3147 eu
1039 3105 1128 3150 reee-

85 3193 167 3254 dere
188 3185 332 3260 videtur,
359 3187 450 3273 quod
471 3185 597 3250 diversa
614 3183 704 3258 lacit,
731 3187 787 3250 etfi
803 3181 928 3259 vicina,
953 3183 1129 3272 utriusque

86 3289 187 3372 ostia,
229 3289 321 3374 quod
353 3288 437 3352 facta
475 3285 560 3352 alvei
602 3284 727 3372 solique
760 3283 946 3350 mutatione
979 3285 1129 3350 recidere

85 3389 216 3480 potnit.
242 3405 332 3454 certe
358 3390 425 3474 poll
445 3386 577 3452 accidit.
623 3389 674 3452 Cf.
698 3391 788 3452 Lenz
801 3389 916 3450 Ebene
937 3408 1005 3450 von
1026 3385 1129 3451 Troia

86 3517 120 3580 p.
142 3503 224 3572 ¹58·
260 3493 310 3553 Ex
325 3487 463 3554 Homeri
483 3487 581 3554 certia
598 3486 735 3552 indiciis
750 3493 787 3554 ll.
802 3502 837 3568 5,
854 3501 937 3570 774.
960 3486 1131 3554 Simoenta

87 3591 231 3680 excipit.
258 3589 342 3657 etin
356 3611 447 3656 mare
466 3588 641 3656 evolvitur.
671 3593 728 3669 (ll.
748 3609 805 3672 ot,
828 3595 928 3671 124.)
977 3592 1044 3654 Em
1066 3587 1131 3653 Pli-

86 3694 166 3761 niue
182 3689 407 3777 navigabilem
424 3689 519 3765 dicit,
541 3712 608 3754 non
629 3707 738 3782 tamen
756 3711 833 3754 eum
849 3688 1007 3754 suffecisse
1022 3705 1134 3755 narrat

87 3795 281 3863 Herodotus
306 3811 341 3870 7,
364 3805 423 3873 uo.
458 3790 576 3854 Xerxis
609 3789 767 3854 exercitui
807 3791 966 3876 potando.
1018 3793 1132 3858 Nollra

87 3897 228 3986 quidem
244 3910 350 3959 aetate
370 3911 505 3958 tenuem
527 3894 588 3955 elle
604 3892 755 3955 adfirmat
771 3893 893 3970 Savary
909 3891 960 3954 lur
981 3895 1012 3956 la
1028 3890 1134 3958 Grbce

89 4024 142 4086 ep.
165 4009 222 4079 24.
250 3993 329 4082 quia
352 3999 447 4062 silvae
468 3991 593 4061 excisae
610 3997 670 4059 lint
690 3993 865 4080 fontetque
886 3991 1046 4068 aruerint,
1071 4015 1135 4060 nee

88 4095 300 4174 dissentiunt¹
315 4098 471 4184 l’ococke
495 4097 536 4162 Τ.
554 4112 587 4178 3.
611 4117 644 4184 p.
661 4115 706 4160 m.
730 4104 812 4176 154.
837 4113 897 4182 per
921 4094 1073 4162 aestatem
1096 4093 1134 4191 in
