<?xml version="1.0" encoding="UTF-8"?>
<!DOCTYPE html PUBLIC "-//W3C//DTD XHTML 1.0 Transitional//EN"
    "http://www.w3.org/TR/xhtml1/DTD/xhtml1-transitional.dtd">
<html xmlns="http://www.w3.org/1999/xhtml" xml:lang="en" lang="en">
 <head>
  <title>
</title>
<meta http-equiv="Content-Type" content="text/html;charset=utf-8" />
  <meta name='ocr-system' content='tesseract 3.04.00' />
  <meta name='ocr-capabilities' content='ocr_page ocr_carea ocr_par ocr_line ocrx_word'/>
</head>
<body>
  <div class='ocr_page' id='page_1' title='image "./pomponiimelaede06melagoog_0408.png"; bbox 0 0 2852 4946; ppageno 0'>
   <div class='ocr_carea' id='block_1_1' title="bbox 367 423 1260 502">
    <p class='ocr_par' dir='ltr' id='par_1_1' title="bbox 367 423 1260 502">
     <span class='ocr_line' id='line_1_1' title="bbox 367 423 1260 502; baseline -0.002 -18"><span class='ocrx_word' id='word_1_1' title='bbox 367 433 430 502; x_wconf 76' lang='lat'><strong>402</strong></span> <span class='ocrx_word' id='word_1_2' title='bbox 638 425 798 484; x_wconf 77' lang='lat' dir='ltr'><strong>uoaaa</strong></span> <span class='ocrx_word' id='word_1_3' title='bbox 830 423 1143 486; x_wconf 66' lang='lat' dir='ltr'><strong>‘axaeamcaa</strong></span> <span class='ocrx_word' id='word_1_4' title='bbox 1257 445 1260 454; x_wconf 91' lang='lat'>·</span> 
     </span>
    </p>
   </div>
   <div class='ocr_carea' id='block_1_2' title="bbox 366 593 1380 1588">
    <p class='ocr_par' dir='ltr' id='par_1_2' title="bbox 366 593 1380 1588">
     <span class='ocr_line' id='line_1_2' title="bbox 368 593 1377 684; baseline -0.007 -23"><span class='ocrx_word' id='word_1_5' title='bbox 368 597 453 684; x_wconf 85' lang='lat' dir='ltr'><strong>apud</strong></span> <span class='ocrx_word' id='word_1_6' title='bbox 474 595 569 660; x_wconf 85' lang='lat' dir='ltr'><strong>slsum</strong></span> <span class='ocrx_word' id='word_1_7' title='bbox 597 598 768 680; x_wconf 87' lang='lat' dir='ltr'><strong>adpellatua</strong></span> <span class='ocrx_word' id='word_1_8' title='bbox 793 593 900 663; x_wconf 88' lang='lat' dir='ltr'><strong>suerit.</strong></span> <span class='ocrx_word' id='word_1_9' title='bbox 949 597 1000 660; x_wconf 79' lang='lat' dir='ltr'><strong>rib</strong></span> <span class='ocrx_word' id='word_1_10' title='bbox 1023 597 1082 662; x_wconf 87' lang='lat' dir='ltr'><strong>Isso</strong></span> <span class='ocrx_word' id='word_1_11' title='bbox 1103 595 1377 683; x_wconf 77' lang='lat' dir='ltr'><strong>cognominabantur</strong></span> 
     </span>
     <span class='ocr_line' id='line_1_3' title="bbox 369 687 1377 786; baseline -0.006 -22"><span class='ocrx_word' id='word_1_12' title='bbox 369 702 449 764; x_wconf 85' lang='lat' dir='ltr'><strong>adeo</strong></span> <span class='ocrx_word' id='word_1_13' title='bbox 464 700 587 761; x_wconf 82' lang='lat' dir='ltr'><strong>vicinae</strong></span> <span class='ocrx_word' id='word_1_14' title='bbox 606 700 759 781; x_wconf 81' lang='lat' dir='ltr'>quaedam</span> <span class='ocrx_word' id='word_1_15' title='bbox 777 699 878 770; x_wconf 83' lang='lat' dir='ltr'><strong>urbae,</strong></span> <span class='ocrx_word' id='word_1_16' title='bbox 905 712 941 760; x_wconf 89' lang='lat' dir='ltr'><strong>ut</strong></span> <span class='ocrx_word' id='word_1_17' title='bbox 957 687 1182 786; x_wconf 68' lang='grc' dir='ltr'><strong>Ἀλεξάνδρεια</strong></span> <span class='ocrx_word' id='word_1_18' title='bbox 1200 695 1267 762; x_wconf 76' lang='grc' dir='ltr'><strong>κατ’</strong></span> <span class='ocrx_word' id='word_1_19' title='bbox 1284 692 1377 765; x_wconf 76' lang='lat' dir='ltr'><strong>&#39;looiu</strong></span> 
     </span>
     <span class='ocr_line' id='line_1_4' title="bbox 371 799 1375 882; baseline -0.006 -18"><span class='ocrx_word' id='word_1_20' title='bbox 371 803 522 881; x_wconf 87' lang='lat' dir='ltr'><strong>(Ptolem.</strong></span> <span class='ocrx_word' id='word_1_21' title='bbox 535 813 566 878; x_wconf 84' lang='lat'><strong>5,</strong></span> <span class='ocrx_word' id='word_1_22' title='bbox 588 815 640 877; x_wconf 79' lang='lat'><strong>15.</strong></span> <span class='ocrx_word' id='word_1_23' title='bbox 657 803 701 862; x_wconf 88' lang='lat' dir='ltr'><strong>in.</strong></span> <span class='ocrx_word' id='word_1_24' title='bbox 725 814 758 863; x_wconf 87' lang='lat' dir='ltr'><strong>et</strong></span> <span class='ocrx_word' id='word_1_25' title='bbox 773 803 876 871; x_wconf 87' lang='lat' dir='ltr'><strong>numi,</strong></span> <span class='ocrx_word' id='word_1_26' title='bbox 900 821 979 882; x_wconf 89' lang='lat' dir='ltr'><strong>quoe</strong></span> <span class='ocrx_word' id='word_1_27' title='bbox 995 800 1133 863; x_wconf 83' lang='lat' dir='ltr'><strong>recenset</strong></span> <span class='ocrx_word' id='word_1_28' title='bbox 1150 799 1262 862; x_wconf 75' lang='lat' dir='ltr'><strong>liasche</strong></span> <span class='ocrx_word' id='word_1_29' title='bbox 1276 799 1375 859; x_wconf 80' lang='lat' dir='ltr'><strong>inber.</strong></span> 
     </span>
     <span class='ocr_line' id='line_1_5' title="bbox 369 901 1376 984; baseline -0.008 -18"><span class='ocrx_word' id='word_1_30' title='bbox 369 923 459 966; x_wconf 89' lang='lat' dir='ltr'><strong>num.</strong></span> <span class='ocrx_word' id='word_1_31' title='bbox 477 904 517 963; x_wconf 93' lang='lat' dir='ltr'><strong>T.</strong></span> <span class='ocrx_word' id='word_1_32' title='bbox 540 923 568 963; x_wconf 89' lang='grc' dir='ltr'><strong>ι.</strong></span> <span class='ocrx_word' id='word_1_33' title='bbox 592 901 629 964; x_wconf 90' lang='grc' dir='ltr'><strong>Ρ.</strong></span> <span class='ocrx_word' id='word_1_34' title='bbox 653 922 681 963; x_wconf 92' lang='grc' dir='ltr'><strong>ι.</strong></span> <span class='ocrx_word' id='word_1_35' title='bbox 705 923 736 984; x_wconf 93' lang='lat' dir='ltr'><strong>p.</strong></span> <span class='ocrx_word' id='word_1_36' title='bbox 755 915 840 982; x_wconf 80' lang='lat'><strong>5521.</strong></span> <span class='ocrx_word' id='word_1_37' title='bbox 866 904 906 964; x_wconf 91' lang='lat' dir='ltr'><strong>T.</strong></span> <span class='ocrx_word' id='word_1_38' title='bbox 926 903 1063 964; x_wconf 82' lang='lat' dir='ltr'><strong>2.P.2.</strong></span> <span class='ocrx_word' id='word_1_39' title='bbox 1086 923 1116 984; x_wconf 90' lang='lat' dir='ltr'><strong>p.</strong></span> <span class='ocrx_word' id='word_1_40' title='bbox 1135 907 1233 981; x_wconf 76' lang='grc'><strong>987.)</strong></span> <span class='ocrx_word' id='word_1_41' title='bbox 1257 915 1376 983; x_wconf 80' lang='lat' dir='ltr'><strong>proquo</strong></span> 
     </span>
     <span class='ocr_line' id='line_1_6' title="bbox 368 993 1378 1090; baseline -0.008 -24"><span class='ocrx_word' id='word_1_42' title='bbox 368 1005 404 1067; x_wconf 91' lang='lat' dir='ltr'><strong>in</strong></span> <span class='ocrx_word' id='word_1_43' title='bbox 420 1003 483 1066; x_wconf 89' lang='lat' dir='ltr'><strong>tab.</strong></span> <span class='ocrx_word' id='word_1_44' title='bbox 498 998 683 1087; x_wconf 80' lang='lat' dir='ltr'><strong>Peutinger.</strong></span> <span class='ocrx_word' id='word_1_45' title='bbox 709 1023 762 1065; x_wconf 87' lang='grc' dir='ltr'><strong>ιο.</strong></span> <span class='ocrx_word' id='word_1_46' title='bbox 780 1006 823 1066; x_wconf 92' lang='lat' dir='ltr'><strong>D.</strong></span> <span class='ocrx_word' id='word_1_47' title='bbox 847 1003 963 1088; x_wconf 82' lang='lat' dir='ltr'><strong>legitur</strong></span> <span class='ocrx_word' id='word_1_48' title='bbox 979 1003 1174 1066; x_wconf 77' lang='lat' dir='ltr'><strong>Alexandria</strong></span> <span class='ocrx_word' id='word_1_49' title='bbox 1195 993 1332 1090; x_wconf 82' lang='lat' dir='ltr'><strong>catiffou.</strong></span> <span class='ocrx_word' id='word_1_50' title='bbox 1353 1012 1378 1059; x_wconf 89' lang='lat' dir='ltr'><strong>et</strong></span> 
     </span>
     <span class='ocr_line' id='line_1_7' title="bbox 369 1095 1379 1194; baseline -0.008 -28"><span class='ocrx_word' id='word_1_51' title='bbox 369 1119 447 1167; x_wconf 80' lang='lat' dir='ltr'><strong>cata</strong></span> <span class='ocrx_word' id='word_1_52' title='bbox 467 1095 546 1194; x_wconf 82' lang='lat' dir='ltr'><strong>iffort</strong></span> <span class='ocrx_word' id='word_1_53' title='bbox 565 1105 598 1164; x_wconf 89' lang='lat' dir='ltr'><strong>in</strong></span> <span class='ocrx_word' id='word_1_54' title='bbox 617 1103 735 1188; x_wconf 80' lang='lat' dir='ltr'><strong>Geogr.</strong></span> <span class='ocrx_word' id='word_1_55' title='bbox 749 1105 895 1166; x_wconf 83' lang='lat' dir='ltr'><strong>Ravenn.</strong></span> <span class='ocrx_word' id='word_1_56' title='bbox 915 1117 947 1180; x_wconf 86' lang='lat'><strong>5,</strong></span> <span class='ocrx_word' id='word_1_57' title='bbox 968 1116 1000 1182; x_wconf 82' lang='lat'><strong>8.</strong></span> <span class='ocrx_word' id='word_1_58' title='bbox 1019 1105 1064 1168; x_wconf 91' lang='lat' dir='ltr'><strong>iu.</strong></span> <span class='ocrx_word' id='word_1_59' title='bbox 1119 1104 1247 1164; x_wconf 75' lang='lat' dir='ltr'><strong>(illicitae</strong></span> <span class='ocrx_word' id='word_1_60' title='bbox 1267 1102 1379 1164; x_wconf 66' lang='lat' dir='ltr'><strong>,tomar-</strong></span> 
     </span>
     <span class='ocr_line' id='line_1_8' title="bbox 369 1199 1379 1288; baseline -0.008 -20"><span class='ocrx_word' id='word_1_61' title='bbox 369 1205 473 1268; x_wconf 75' lang='lat' dir='ltr'><strong>daiam</strong></span> <span class='ocrx_word' id='word_1_62' title='bbox 508 1219 601 1266; x_wconf 85' lang='lat' dir='ltr'><strong>vocet</strong></span> <span class='ocrx_word' id='word_1_63' title='bbox 634 1206 825 1288; x_wconf 77' lang='lat' dir='ltr'><strong>Stephanus.</strong></span> <span class='ocrx_word' id='word_1_64' title='bbox 877 1205 1039 1268; x_wconf 87' lang='lat' dir='ltr'><strong>Praeterea</strong></span> <span class='ocrx_word' id='word_1_65' title='bbox 1071 1207 1245 1266; x_wconf 87' lang='lat' dir='ltr'><strong>notandum</strong></span> <span class='ocrx_word' id='word_1_66' title='bbox 1275 1203 1322 1263; x_wconf 86' lang='lat' dir='ltr'><strong>hic</strong></span> <span class='ocrx_word' id='word_1_67' title='bbox 1346 1199 1379 1260; x_wconf 87' lang='lat' dir='ltr'><strong>est</strong></span> 
     </span>
     <span class='ocr_line' id='line_1_9' title="bbox 368 1304 1379 1388; baseline -0.008 -20"><span class='ocrx_word' id='word_1_68' title='bbox 368 1304 492 1368; x_wconf 80' lang='lat' dir='ltr'><strong>celebris</strong></span> <span class='ocrx_word' id='word_1_69' title='bbox 506 1304 676 1368; x_wconf 87' lang='lat' dir='ltr'><strong>masculine</strong></span> <span class='ocrx_word' id='word_1_70' title='bbox 696 1307 836 1378; x_wconf 84' lang='lat' dir='ltr'><strong>elatum,</strong></span> <span class='ocrx_word' id='word_1_71' title='bbox 863 1307 949 1388; x_wconf 88' lang='lat' dir='ltr'><strong>quod</strong></span> <span class='ocrx_word' id='word_1_72' title='bbox 970 1308 1003 1368; x_wconf 92' lang='lat' dir='ltr'><strong>in</strong></span> <span class='ocrx_word' id='word_1_73' title='bbox 1025 1307 1119 1368; x_wconf 88' lang='lat' dir='ltr'><strong>bonia</strong></span> <span class='ocrx_word' id='word_1_74' title='bbox 1134 1305 1308 1366; x_wconf 84' lang='lat' dir='ltr'><strong>atrctoribue</strong></span> <span class='ocrx_word' id='word_1_75' title='bbox 1327 1319 1379 1362; x_wconf 91' lang='lat' dir='ltr'><strong>non</strong></span> 
     </span>
     <span class='ocr_line' id='line_1_10' title="bbox 366 1404 1380 1478; baseline -0.007 -9"><span class='ocrx_word' id='word_1_76' title='bbox 366 1409 411 1470; x_wconf 87' lang='lat' dir='ltr'><strong>ita</strong></span> <span class='ocrx_word' id='word_1_77' title='bbox 434 1410 589 1477; x_wconf 87' lang='lat' dir='ltr'><strong>occurrit,</strong></span> <span class='ocrx_word' id='word_1_78' title='bbox 624 1421 708 1470; x_wconf 87' lang='lat' dir='ltr'><strong>certe</strong></span> <span class='ocrx_word' id='word_1_79' title='bbox 734 1409 871 1470; x_wconf 90' lang='lat' dir='ltr'><strong>dubium</strong></span> <span class='ocrx_word' id='word_1_80' title='bbox 892 1407 951 1478; x_wconf 79' lang='lat' dir='ltr'><strong>esi,</strong></span> <span class='ocrx_word' id='word_1_81' title='bbox 976 1428 1037 1470; x_wconf 87' lang='lat' dir='ltr'><strong>nec</strong></span> <span class='ocrx_word' id='word_1_82' title='bbox 1057 1409 1263 1476; x_wconf 83' lang='lat' dir='ltr'><strong>imitantium,</strong></span> <span class='ocrx_word' id='word_1_83' title='bbox 1293 1404 1380 1466; x_wconf 83' lang='lat' dir='ltr'><strong>iudice</strong></span> 
     </span>
     <span class='ocr_line' id='line_1_11' title="bbox 369 1506 1095 1588; baseline 0.001 -15"><span class='ocrx_word' id='word_1_84' title='bbox 369 1511 467 1573; x_wconf 88' lang='lat' dir='ltr'><strong>etiam</strong></span> <span class='ocrx_word' id='word_1_85' title='bbox 483 1507 626 1570; x_wconf 84' lang='lat' dir='ltr'><strong>Erneliio</strong></span> <span class='ocrx_word' id='word_1_86' title='bbox 641 1510 680 1570; x_wconf 89' lang='lat' dir='ltr'><strong>atl</strong></span> <span class='ocrx_word' id='word_1_87' title='bbox 699 1511 802 1573; x_wconf 82' lang='lat' dir='ltr'><strong>Tacit.</strong></span> <span class='ocrx_word' id='word_1_88' title='bbox 817 1509 930 1572; x_wconf 77' lang='lat' dir='ltr'><strong>Annas.</strong></span> <span class='ocrx_word' id='word_1_89' title='bbox 948 1524 979 1579; x_wconf 82' lang='lat'><strong>2,</strong></span> <span class='ocrx_word' id='word_1_90' title='bbox 998 1521 1056 1588; x_wconf 90' lang='grc'><strong>88.</strong></span> <span class='ocrx_word' id='word_1_91' title='bbox 1072 1506 1095 1573; x_wconf 87' lang='lat' dir='ltr'><strong>s.</strong></span> 
     </span>
    </p>
   </div>
   <div class='ocr_carea' id='block_1_3' title="bbox 332 1701 1390 4226">
    <p class='ocr_par' dir='ltr' id='par_1_3' title="bbox 332 1701 1390 4226">
     <span class='ocr_line' id='line_1_12' title="bbox 437 1701 1383 1802; baseline -0.008 -30"><span class='ocrx_word' id='word_1_92' title='bbox 437 1701 567 1802; x_wconf 55' lang='lat' dir='ltr'><strong>finus*</strong></span> <span class='ocrx_word' id='word_1_93' title='bbox 587 1701 776 1802; x_wconf 80' lang='lat' dir='ltr'><em>Issicus)</em></span> <span class='ocrx_word' id='word_1_94' title='bbox 815 1711 870 1774; x_wconf 87' lang='lat' dir='ltr'><strong>Gr.</strong></span> <span class='ocrx_word' id='word_1_95' title='bbox 889 1705 1012 1786; x_wconf 79' lang='grc' dir='ltr'>κόλπος</span> <span class='ocrx_word' id='word_1_96' title='bbox 1030 1704 1178 1784; x_wconf 84' lang='grc' dir='ltr'><strong>Ίσσικὸς.</strong></span> <span class='ocrx_word' id='word_1_97' title='bbox 1207 1711 1309 1772; x_wconf 80' lang='lat' dir='ltr'><strong>ulutate</strong></span> <span class='ocrx_word' id='word_1_98' title='bbox 1328 1706 1383 1787; x_wconf 88' lang='lat' dir='ltr'><strong>qui·</strong></span> 
     </span>
     <span class='ocr_line' id='line_1_13' title="bbox 369 1807 1383 1896; baseline -0.007 -24"><span class='ocrx_word' id='word_1_99' title='bbox 369 1812 455 1875; x_wconf 84' lang='lat' dir='ltr'><strong>dem.</strong></span> <span class='ocrx_word' id='word_1_100' title='bbox 487 1809 600 1873; x_wconf 80' lang='lat' dir='ltr'><strong>Passum</strong></span> <span class='ocrx_word' id='word_1_101' title='bbox 618 1813 705 1872; x_wconf 93' lang='lat' dir='ltr'><strong>enim</strong></span> <span class='ocrx_word' id='word_1_102' title='bbox 720 1815 816 1874; x_wconf 89' lang='lat' dir='ltr'><strong>etiam</strong></span> <span class='ocrx_word' id='word_1_103' title='bbox 830 1834 847 1874; x_wconf 90' lang='lat' dir='ltr'><strong>a</strong></span> <span class='ocrx_word' id='word_1_104' title='bbox 863 1813 974 1876; x_wconf 89' lang='lat' dir='ltr'><strong>Cilicia</strong></span> <span class='ocrx_word' id='word_1_105' title='bbox 990 1815 1246 1896; x_wconf 83' lang='lat' dir='ltr'><strong>cognominatur.</strong></span> <span class='ocrx_word' id='word_1_106' title='bbox 1280 1813 1322 1872; x_wconf 89' lang='lat' dir='ltr'><strong>lta</strong></span> <span class='ocrx_word' id='word_1_107' title='bbox 1341 1807 1383 1866; x_wconf 78' lang='lat' dir='ltr'><strong>lit·</strong></span> 
     </span>
     <span class='ocr_line' id='line_1_14' title="bbox 368 1906 1385 1999; baseline -0.01 -23"><span class='ocrx_word' id='word_1_108' title='bbox 368 1909 469 1988; x_wconf 74' lang='lat' dir='ltr'><strong>ltiattor</strong></span> <span class='ocrx_word' id='word_1_109' title='bbox 494 1909 619 1988; x_wconf 82' lang='grc' dir='ltr'>κόλπος</span> <span class='ocrx_word' id='word_1_110' title='bbox 636 1915 832 1975; x_wconf 84' lang='lat' dir='ltr'><strong>Theodoret.</strong></span> <span class='ocrx_word' id='word_1_111' title='bbox 856 1913 1001 1977; x_wconf 87' lang='lat' dir='ltr'><strong>Philoth.</strong></span> <span class='ocrx_word' id='word_1_112' title='bbox 1026 1933 1092 1994; x_wconf 86' lang='lat' dir='ltr'><strong>cap.</strong></span> <span class='ocrx_word' id='word_1_113' title='bbox 1117 1933 1170 1974; x_wconf 87' lang='lat' dir='ltr'><strong>ro.</strong></span> <span class='ocrx_word' id='word_1_114' title='bbox 1199 1928 1231 1975; x_wconf 85' lang='lat' dir='ltr'><strong>et</strong></span> <span class='ocrx_word' id='word_1_115' title='bbox 1255 1914 1292 1972; x_wconf 88' lang='lat' dir='ltr'><strong>tic</strong></span> <span class='ocrx_word' id='word_1_116' title='bbox 1304 1906 1385 1999; x_wconf 78' lang='lat' dir='ltr'><strong>finus</strong></span> 
     </span>
     <span class='ocr_line' id='line_1_15' title="bbox 370 2009 1384 2105; baseline -0.01 -27"><span class='ocrx_word' id='word_1_117' title='bbox 370 2014 501 2078; x_wconf 75' lang='lat' dir='ltr'><strong>Cilicius</strong></span> <span class='ocrx_word' id='word_1_118' title='bbox 523 2035 580 2098; x_wconf 91' lang='lat' dir='ltr'><strong>pro</strong></span> <span class='ocrx_word' id='word_1_119' title='bbox 594 2011 689 2104; x_wconf 82' lang='lat' dir='ltr'><strong>straus</strong></span> <span class='ocrx_word' id='word_1_120' title='bbox 710 2009 835 2105; x_wconf 84' lang='lat' dir='ltr'><strong>lfficus‚</strong></span> <span class='ocrx_word' id='word_1_121' title='bbox 869 2015 955 2096; x_wconf 85' lang='lat' dir='ltr'><strong>quod</strong></span> <span class='ocrx_word' id='word_1_122' title='bbox 980 2015 1098 2074; x_wconf 88' lang='lat' dir='ltr'><strong>habent</strong></span> <span class='ocrx_word' id='word_1_123' title='bbox 1120 2015 1234 2096; x_wconf 75' lang='lat' dir='ltr'><strong>reliqui</strong></span> <span class='ocrx_word' id='word_1_124' title='bbox 1253 2015 1335 2082; x_wconf 85' lang='lat' dir='ltr'><strong>libri,</strong></span> <span class='ocrx_word' id='word_1_125' title='bbox 1357 2011 1384 2068; x_wconf 91' lang='lat' dir='ltr'><strong>ia</strong></span> 
     </span>
     <span class='ocr_line' id='line_1_16' title="bbox 368 2111 1385 2200; baseline -0.009 -22"><span class='ocrx_word' id='word_1_126' title='bbox 368 2115 479 2178; x_wconf 83' lang='lat' dir='ltr'><strong>Orolro</strong></span> <span class='ocrx_word' id='word_1_127' title='bbox 496 2115 651 2178; x_wconf 81' lang='lat' dir='ltr'><strong>substituit</strong></span> <span class='ocrx_word' id='word_1_128' title='bbox 669 2118 740 2179; x_wconf 87' lang='lat' dir='ltr'><strong>cod.</strong></span> <span class='ocrx_word' id='word_1_129' title='bbox 757 2116 928 2200; x_wconf 81' lang='lat' dir='ltr'><strong>Pragensra.</strong></span> <span class='ocrx_word' id='word_1_130' title='bbox 959 2117 1053 2177; x_wconf 84' lang='lat' dir='ltr'><strong>Unde</strong></span> <span class='ocrx_word' id='word_1_131' title='bbox 1069 2116 1220 2200; x_wconf 81' lang='lat' dir='ltr'><strong>conligas.</strong></span> <span class='ocrx_word' id='word_1_132' title='bbox 1243 2111 1385 2196; x_wconf 85' lang='lat' dir='ltr'><strong>posteriori</strong></span> 
     </span>
     <span class='ocr_line' id='line_1_17' title="bbox 366 2215 1385 2301; baseline -0.008 -21"><span class='ocrx_word' id='word_1_133' title='bbox 366 2229 466 2280; x_wconf 88' lang='lat' dir='ltr'><strong>aetate</strong></span> <span class='ocrx_word' id='word_1_134' title='bbox 489 2217 551 2278; x_wconf 90' lang='lat' dir='ltr'><strong>hoc</strong></span> <span class='ocrx_word' id='word_1_135' title='bbox 572 2237 691 2278; x_wconf 89' lang='lat' dir='ltr'><strong>nomen</strong></span> <span class='ocrx_word' id='word_1_136' title='bbox 713 2218 812 2301; x_wconf 84' lang='lat' dir='ltr'><strong>magia</strong></span> <span class='ocrx_word' id='word_1_137' title='bbox 828 2215 1016 2298; x_wconf 85' lang='lat' dir='ltr'><strong>frequentari</strong></span> <span class='ocrx_word' id='word_1_138' title='bbox 1031 2231 1181 2297; x_wconf 88' lang='lat' dir='ltr'><strong>coeptum</strong></span> <span class='ocrx_word' id='word_1_139' title='bbox 1199 2217 1269 2278; x_wconf 86' lang='lat' dir='ltr'><strong>else.</strong></span> <span class='ocrx_word' id='word_1_140' title='bbox 1307 2217 1385 2276; x_wconf 85' lang='lat' dir='ltr'><strong>Pom·</strong></span> 
     </span>
     <span class='ocr_line' id='line_1_18' title="bbox 364 2317 1384 2400; baseline -0.007 -22"><span class='ocrx_word' id='word_1_141' title='bbox 364 2318 505 2400; x_wconf 81' lang='lat' dir='ltr'><strong>plrylirtrn</strong></span> <span class='ocrx_word' id='word_1_142' title='bbox 520 2319 616 2379; x_wconf 90' lang='lat' dir='ltr'><strong>etiam</strong></span> <span class='ocrx_word' id='word_1_143' title='bbox 632 2319 748 2388; x_wconf 83' lang='lat' dir='ltr'><strong>vocari,</strong></span> <span class='ocrx_word' id='word_1_144' title='bbox 774 2332 862 2380; x_wconf 88' lang='lat' dir='ltr'><strong>notat</strong></span> <span class='ocrx_word' id='word_1_145' title='bbox 880 2317 1058 2380; x_wconf 82' lang='lat' dir='ltr'><strong>Euliathiua</strong></span> <span class='ocrx_word' id='word_1_146' title='bbox 1070 2318 1109 2378; x_wconf 87' lang='lat' dir='ltr'><strong>ad</strong></span> <span class='ocrx_word' id='word_1_147' title='bbox 1126 2318 1257 2397; x_wconf 76' lang='lat' dir='ltr'><strong>Dionys.</strong></span> <span class='ocrx_word' id='word_1_148' title='bbox 1274 2337 1305 2378; x_wconf 90' lang='lat' dir='ltr'><strong>v.</strong></span> <span class='ocrx_word' id='word_1_149' title='bbox 1319 2336 1330 2375; x_wconf 93' lang='grc' dir='ltr'><strong>ι</strong></span> <span class='ocrx_word' id='word_1_150' title='bbox 1343 2330 1384 2390; x_wconf 84' lang='lat'><strong>¹9·</strong></span> 
     </span>
     <span class='ocr_line' id='line_1_19' title="bbox 367 2417 1385 2500; baseline -0.007 -20"><span class='ocrx_word' id='word_1_151' title='bbox 367 2419 407 2480; x_wconf 85' lang='lat' dir='ltr'><strong>tle</strong></span> <span class='ocrx_word' id='word_1_152' title='bbox 425 2438 488 2500; x_wconf 89' lang='lat' dir='ltr'><strong>quo</strong></span> <span class='ocrx_word' id='word_1_153' title='bbox 504 2417 593 2479; x_wconf 84' lang='lat' dir='ltr'><strong>iufra.</strong></span> <span class='ocrx_word' id='word_1_154' title='bbox 633 2418 784 2482; x_wconf 80' lang='lat' dir='ltr'><strong>Nominis</strong></span> <span class='ocrx_word' id='word_1_155' title='bbox 800 2417 888 2481; x_wconf 83' lang='lat' dir='ltr'><strong>causa</strong></span> <span class='ocrx_word' id='word_1_156' title='bbox 904 2433 1008 2500; x_wconf 88' lang='lat' dir='ltr'><strong>aperto</strong></span> <span class='ocrx_word' id='word_1_157' title='bbox 1023 2417 1075 2486; x_wconf 83' lang='lat' dir='ltr'><strong>est.</strong></span> <span class='ocrx_word' id='word_1_158' title='bbox 1100 2431 1142 2488; x_wconf 84' lang='lat' dir='ltr'><strong>et.</strong></span> <span class='ocrx_word' id='word_1_159' title='bbox 1165 2419 1251 2500; x_wconf 87' lang='lat' dir='ltr'><strong>quod</strong></span> <span class='ocrx_word' id='word_1_160' title='bbox 1276 2419 1385 2478; x_wconf 87' lang='lat' dir='ltr'><strong>innota</strong></span> 
     </span>
     <span class='ocr_line' id='line_1_20' title="bbox 366 2516 1385 2591; baseline -0.007 -11"><span class='ocrx_word' id='word_1_161' title='bbox 366 2518 437 2582; x_wconf 85' lang='lat' dir='ltr'><strong>MS.</strong></span> <span class='ocrx_word' id='word_1_162' title='bbox 455 2520 574 2580; x_wconf 88' lang='lat' dir='ltr'><strong>iudicat</strong></span> <span class='ocrx_word' id='word_1_163' title='bbox 593 2521 619 2582; x_wconf 91' lang='lat' dir='ltr'><strong>l.</strong></span> <span class='ocrx_word' id='word_1_164' title='bbox 636 2519 830 2591; x_wconf 87' lang='lat' dir='ltr'><strong>Gronoviua‚</strong></span> <span class='ocrx_word' id='word_1_165' title='bbox 853 2521 891 2581; x_wconf 90' lang='lat' dir='ltr'><strong>ab</strong></span> <span class='ocrx_word' id='word_1_166' title='bbox 907 2516 959 2582; x_wconf 85' lang='lat' dir='ltr'><strong>tffi</strong></span> <span class='ocrx_word' id='word_1_167' title='bbox 976 2533 1007 2581; x_wconf 88' lang='lat' dir='ltr'><strong>et</strong></span> <span class='ocrx_word' id='word_1_168' title='bbox 1023 2517 1159 2582; x_wconf 89' lang='lat' dir='ltr'><strong>Cilicum</strong></span> <span class='ocrx_word' id='word_1_169' title='bbox 1178 2519 1385 2582; x_wconf 80' lang='lat' dir='ltr'><strong>dominatione</strong></span> 
     </span>
     <span class='ocr_line' id='line_1_21' title="bbox 332 2609 1386 2702; baseline -0.006 -21"><span class='ocrx_word' id='word_1_170' title='bbox 332 2609 335 2619; x_wconf 69' lang='lat'>&#39;</span> <span class='ocrx_word' id='word_1_171' title='bbox 365 2620 523 2682; x_wconf 89' lang='lat' dir='ltr'><strong>maritima</strong></span> <span class='ocrx_word' id='word_1_172' title='bbox 543 2619 652 2682; x_wconf 86' lang='lat' dir='ltr'><strong>valuit.</strong></span> <span class='ocrx_word' id='word_1_173' title='bbox 704 2623 830 2702; x_wconf 86' lang='lat' dir='ltr'><strong>Spectat</strong></span> <span class='ocrx_word' id='word_1_174' title='bbox 851 2636 957 2683; x_wconf 89' lang='lat' dir='ltr'><strong>autem</strong></span> <span class='ocrx_word' id='word_1_175' title='bbox 977 2633 1084 2684; x_wconf 91' lang='lat' dir='ltr'><strong>contra</strong></span> <span class='ocrx_word' id='word_1_176' title='bbox 1104 2619 1241 2682; x_wconf 90' lang='lat' dir='ltr'><strong>insulam</strong></span> <span class='ocrx_word' id='word_1_177' title='bbox 1256 2621 1386 2702; x_wconf 85' lang='lat' dir='ltr'><strong>Cyprum</strong></span> 
     </span>
     <span class='ocr_line' id='line_1_22' title="bbox 367 2719 1385 2804; baseline -0.006 -22"><span class='ocrx_word' id='word_1_178' title='bbox 367 2719 473 2798; x_wconf 89' lang='lat' dir='ltr'><strong>(Oros.</strong></span> <span class='ocrx_word' id='word_1_179' title='bbox 498 2741 526 2791; x_wconf 83' lang='lat' dir='ltr'><strong>t,</strong></span> <span class='ocrx_word' id='word_1_180' title='bbox 549 2737 582 2784; x_wconf 74' lang='grc' dir='ltr'><strong>Ω.</strong></span> <span class='ocrx_word' id='word_1_181' title='bbox 606 2735 638 2799; x_wconf 77' lang='grc'><strong>5,</strong></span> <span class='ocrx_word' id='word_1_182' title='bbox 656 2732 691 2799; x_wconf 74' lang='grc'><strong>4.</strong></span> <span class='ocrx_word' id='word_1_183' title='bbox 707 2724 766 2800; x_wconf 84' lang='grc' dir='ltr'><strong>ἰιι.)</strong></span> <span class='ocrx_word' id='word_1_184' title='bbox 789 2723 1144 2804; x_wconf 73' lang='grc' dir='ltr'><strong>Βοηιαιιὶᾳιιιαιᾳιιοτίι</strong></span> <span class='ocrx_word' id='word_1_185' title='bbox 1158 2725 1308 2783; x_wconf 81' lang='lat' dir='ltr'><strong>terminus</strong></span> <span class='ocrx_word' id='word_1_186' title='bbox 1323 2731 1385 2780; x_wconf 90' lang='lat' dir='ltr'><strong>erat.</strong></span> 
     </span>
     <span class='ocr_line' id='line_1_23' title="bbox 366 2817 1387 2908; baseline -0.005 -26"><span class='ocrx_word' id='word_1_187' title='bbox 366 2824 520 2900; x_wconf 79' lang='lat' dir='ltr'><strong>(Avienus</strong></span> <span class='ocrx_word' id='word_1_188' title='bbox 541 2825 658 2907; x_wconf 85' lang='lat' dir='ltr'><strong>perieg.</strong></span> <span class='ocrx_word' id='word_1_189' title='bbox 675 2843 708 2884; x_wconf 84' lang='lat' dir='ltr'><strong>v.</strong></span> <span class='ocrx_word' id='word_1_190' title='bbox 731 2825 824 2904; x_wconf 87' lang='lat'><strong>169.)</strong></span> <span class='ocrx_word' id='word_1_191' title='bbox 876 2824 1016 2908; x_wconf 87' lang='lat' dir='ltr'><strong>Quidam</strong></span> <span class='ocrx_word' id='word_1_192' title='bbox 1035 2837 1140 2884; x_wconf 90' lang='lat' dir='ltr'><strong>tamen</strong></span> <span class='ocrx_word' id='word_1_193' title='bbox 1156 2842 1235 2884; x_wconf 87' lang='lat' dir='ltr'><strong>eum</strong></span> <span class='ocrx_word' id='word_1_194' title='bbox 1258 2817 1387 2884; x_wconf 84' lang='lat' dir='ltr'><strong>satilsrme</strong></span> 
     </span>
     <span class='ocr_line' id='line_1_24' title="bbox 364 2922 1386 3006; baseline -0.007 -21"><span class='ocrx_word' id='word_1_195' title='bbox 364 2925 543 2986; x_wconf 85' lang='lat' dir='ltr'><strong>extendunt</strong></span> <span class='ocrx_word' id='word_1_196' title='bbox 563 2922 651 2986; x_wconf 87' lang='lat' dir='ltr'><strong>sensu</strong></span> <span class='ocrx_word' id='word_1_197' title='bbox 672 2924 798 2996; x_wconf 83' lang='lat' dir='ltr'><strong>laxiori,</strong></span> <span class='ocrx_word' id='word_1_198' title='bbox 825 2924 865 2986; x_wconf 88' lang='lat' dir='ltr'><strong>lic</strong></span> <span class='ocrx_word' id='word_1_199' title='bbox 879 2939 915 2986; x_wconf 91' lang='lat' dir='ltr'><strong>ut</strong></span> <span class='ocrx_word' id='word_1_200' title='bbox 932 2923 1162 3006; x_wconf 85' lang='lat' dir='ltr'><strong>Pamphyliam.</strong></span> <span class='ocrx_word' id='word_1_201' title='bbox 1192 2923 1386 2986; x_wconf 80' lang='lat' dir='ltr'><strong>Chelidonias</strong></span> 
     </span>
     <span class='ocr_line' id='line_1_25' title="bbox 362 3023 1388 3108; baseline -0.005 -22"><span class='ocrx_word' id='word_1_202' title='bbox 362 3025 487 3096; x_wconf 85' lang='lat' dir='ltr'><strong>insulae,</strong></span> <span class='ocrx_word' id='word_1_203' title='bbox 511 3027 652 3106; x_wconf 85' lang='lat' dir='ltr'><strong>adeoque</strong></span> <span class='ocrx_word' id='word_1_204' title='bbox 665 3025 773 3087; x_wconf 87' lang='lat' dir='ltr'><strong>Patara</strong></span> <span class='ocrx_word' id='word_1_205' title='bbox 793 3027 827 3086; x_wconf 92' lang='lat' dir='ltr'><strong>in</strong></span> <span class='ocrx_word' id='word_1_206' title='bbox 840 3027 935 3105; x_wconf 82' lang='lat' dir='ltr'><strong>Lycia</strong></span> <span class='ocrx_word' id='word_1_207' title='bbox 951 3025 1108 3108; x_wconf 82' lang='lat' dir='ltr'><strong>adtigerit.</strong></span> <span class='ocrx_word' id='word_1_208' title='bbox 1131 3026 1220 3106; x_wconf 88' lang='lat' dir='ltr'><strong>quod</strong></span> <span class='ocrx_word' id='word_1_209' title='bbox 1237 3023 1311 3086; x_wconf 85' lang='lat' dir='ltr'><strong>fucit</strong></span> <span class='ocrx_word' id='word_1_210' title='bbox 1326 3024 1388 3084; x_wconf 89' lang='lat' dir='ltr'><strong>Dio·</strong></span> 
     </span>
     <span class='ocr_line' id='line_1_26' title="bbox 357 3124 1387 3207; baseline -0.008 -19"><span class='ocrx_word' id='word_1_211' title='bbox 357 3124 431 3204; x_wconf 78' lang='lat' dir='ltr'><strong>bys.</strong></span> <span class='ocrx_word' id='word_1_212' title='bbox 449 3147 481 3189; x_wconf 84' lang='lat' dir='ltr'><strong>v.</strong></span> <span class='ocrx_word' id='word_1_213' title='bbox 501 3145 569 3204; x_wconf 81' lang='lat'><strong>119</strong></span> <span class='ocrx_word' id='word_1_214' title='bbox 587 3124 629 3207; x_wconf 91' lang='lat' dir='ltr'><strong>sq.</strong></span> <span class='ocrx_word' id='word_1_215' title='bbox 652 3125 707 3186; x_wconf 92' lang='lat' dir='ltr'><strong>ubi</strong></span> <span class='ocrx_word' id='word_1_216' title='bbox 725 3128 791 3190; x_wconf 86' lang='lat' dir='ltr'><strong>vid.</strong></span> <span class='ocrx_word' id='word_1_217' title='bbox 809 3127 989 3190; x_wconf 83' lang='lat' dir='ltr'><strong>Eustathiua</strong></span> <span class='ocrx_word' id='word_1_218' title='bbox 1009 3140 1043 3186; x_wconf 87' lang='lat' dir='ltr'><strong>et</strong></span> <span class='ocrx_word' id='word_1_219' title='bbox 1060 3125 1229 3188; x_wconf 74' lang='lat' dir='ltr'><strong>Salmasius</strong></span> <span class='ocrx_word' id='word_1_220' title='bbox 1250 3128 1285 3186; x_wconf 92' lang='lat' dir='ltr'><strong>in</strong></span> <span class='ocrx_word' id='word_1_221' title='bbox 1298 3125 1387 3188; x_wconf 88' lang='lat' dir='ltr'><strong>Sosin.</strong></span> 
     </span>
     <span class='ocr_line' id='line_1_27' title="bbox 362 3223 1389 3309; baseline -0.007 -22"><span class='ocrx_word' id='word_1_222' title='bbox 362 3246 395 3308; x_wconf 91' lang='lat' dir='ltr'><strong>p.</strong></span> <span class='ocrx_word' id='word_1_223' title='bbox 416 3247 460 3289; x_wconf 92' lang='lat' dir='ltr'><strong>m.</strong></span> <span class='ocrx_word' id='word_1_224' title='bbox 481 3237 563 3306; x_wconf 77' lang='lat'><strong>548.</strong></span> <span class='ocrx_word' id='word_1_225' title='bbox 589 3247 684 3308; x_wconf 85' lang='lat' dir='ltr'><strong>quare</strong></span> <span class='ocrx_word' id='word_1_226' title='bbox 704 3242 737 3289; x_wconf 89' lang='lat' dir='ltr'><strong>et</strong></span> <span class='ocrx_word' id='word_1_227' title='bbox 755 3229 895 3290; x_wconf 84' lang='lat' dir='ltr'><strong>eundem</strong></span> <span class='ocrx_word' id='word_1_228' title='bbox 914 3227 1142 3309; x_wconf 87' lang='lat' dir='ltr'><strong>Pamphylium</strong></span> <span class='ocrx_word' id='word_1_229' title='bbox 1163 3228 1273 3288; x_wconf 85' lang='lat' dir='ltr'><strong>vocari</strong></span> <span class='ocrx_word' id='word_1_230' title='bbox 1297 3223 1389 3287; x_wconf 78' lang='lat' dir='ltr'><strong>scribit</strong></span> 
     </span>
     <span class='ocr_line' id='line_1_28' title="bbox 363 3323 1388 3410; baseline -0.005 -22"><span class='ocrx_word' id='word_1_231' title='bbox 363 3327 555 3391; x_wconf 82' lang='lat' dir='ltr'><strong>Eustathiue.</strong></span> <span class='ocrx_word' id='word_1_232' title='bbox 608 3327 730 3390; x_wconf 85' lang='lat' dir='ltr'><strong>Contra</strong></span> <span class='ocrx_word' id='word_1_233' title='bbox 749 3328 787 3388; x_wconf 91' lang='lat' dir='ltr'><strong>ab</strong></span> <span class='ocrx_word' id='word_1_234' title='bbox 803 3329 896 3390; x_wconf 86' lang='lat' dir='ltr'><strong>altera</strong></span> <span class='ocrx_word' id='word_1_235' title='bbox 915 3341 1003 3410; x_wconf 88' lang='lat' dir='ltr'><strong>parte</strong></span> <span class='ocrx_word' id='word_1_236' title='bbox 1019 3325 1185 3410; x_wconf 81' lang='lat' dir='ltr'><strong>prosecant</strong></span> <span class='ocrx_word' id='word_1_237' title='bbox 1205 3325 1337 3410; x_wconf 80' lang='lat' dir='ltr'><strong>quidam</strong></span> <span class='ocrx_word' id='word_1_238' title='bbox 1356 3323 1388 3384; x_wconf 89' lang='lat' dir='ltr'><strong>ad</strong></span> 
     </span>
     <span class='ocr_line' id='line_1_29' title="bbox 362 3425 1388 3510; baseline -0.003 -19"><span class='ocrx_word' id='word_1_239' title='bbox 362 3429 545 3492; x_wconf 81' lang='lat' dir='ltr'><strong>Phoenicen</strong></span> <span class='ocrx_word' id='word_1_240' title='bbox 576 3449 691 3510; x_wconf 84' lang='lat' dir='ltr'><strong>raeque,</strong></span> <span class='ocrx_word' id='word_1_241' title='bbox 727 3442 760 3490; x_wconf 91' lang='lat' dir='ltr'><strong>et</strong></span> <span class='ocrx_word' id='word_1_242' title='bbox 791 3429 866 3490; x_wconf 90' lang='lat' dir='ltr'><strong>hinc</strong></span> <span class='ocrx_word' id='word_1_243' title='bbox 892 3430 1028 3490; x_wconf 81' lang='lat' dir='ltr'><strong>Aradum</strong></span> <span class='ocrx_word' id='word_1_244' title='bbox 1055 3430 1089 3489; x_wconf 91' lang='lat' dir='ltr'><strong>in</strong></span> <span class='ocrx_word' id='word_1_245' title='bbox 1116 3427 1170 3488; x_wconf 91' lang='lat' dir='ltr'><strong>illo</strong></span> <span class='ocrx_word' id='word_1_246' title='bbox 1196 3449 1215 3488; x_wconf 90' lang='lat' dir='ltr'><strong>a</strong></span> <span class='ocrx_word' id='word_1_247' title='bbox 1241 3425 1388 3506; x_wconf 78' lang='lat' dir='ltr'><strong>Dionyfitt</strong></span> 
     </span>
     <span class='ocr_line' id='line_1_30' title="bbox 362 3529 1390 3612; baseline -0.008 -20"><span class='ocrx_word' id='word_1_248' title='bbox 362 3552 395 3592; x_wconf 77' lang='lat' dir='ltr'><strong>a.</strong></span> <span class='ocrx_word' id='word_1_249' title='bbox 415 3543 497 3608; x_wconf 85' lang='lat'><strong>5¹⁰·</strong></span> <span class='ocrx_word' id='word_1_250' title='bbox 528 3533 605 3612; x_wconf 89' lang='lat' dir='ltr'><strong>poni</strong></span> <span class='ocrx_word' id='word_1_251' title='bbox 639 3543 752 3592; x_wconf 87' lang='lat' dir='ltr'><strong>monet</strong></span> <span class='ocrx_word' id='word_1_252' title='bbox 785 3529 979 3594; x_wconf 77' lang='lat' dir='ltr'><strong>scholiastes.</strong></span> <span class='ocrx_word' id='word_1_253' title='bbox 1034 3529 1156 3612; x_wconf 78' lang='lat' dir='ltr'><strong>Syrium</strong></span> <span class='ocrx_word' id='word_1_254' title='bbox 1184 3550 1273 3590; x_wconf 84' lang='lat' dir='ltr'><strong>mare</strong></span> <span class='ocrx_word' id='word_1_255' title='bbox 1306 3539 1390 3590; x_wconf 82' lang='lat' dir='ltr'><strong>vocat</strong></span> 
     </span>
     <span class='ocr_line' id='line_1_31' title="bbox 363 3629 1389 3712; baseline -0.005 -18"><span class='ocrx_word' id='word_1_256' title='bbox 363 3630 491 3694; x_wconf 87' lang='lat' dir='ltr'><strong>Orosiua</strong></span> <span class='ocrx_word' id='word_1_257' title='bbox 513 3652 541 3701; x_wconf 84' lang='lat' dir='ltr'><strong>r,</strong></span> <span class='ocrx_word' id='word_1_258' title='bbox 560 3646 591 3692; x_wconf 75' lang='lat' dir='ltr'><strong>a.</strong></span> <span class='ocrx_word' id='word_1_259' title='bbox 628 3630 759 3712; x_wconf 88' lang='lat' dir='ltr'><strong>Proprie</strong></span> <span class='ocrx_word' id='word_1_260' title='bbox 776 3644 881 3692; x_wconf 88' lang='lat' dir='ltr'><strong>tamen</strong></span> <span class='ocrx_word' id='word_1_261' title='bbox 898 3645 931 3692; x_wconf 87' lang='lat' dir='ltr'><strong>et</strong></span> <span class='ocrx_word' id='word_1_262' title='bbox 945 3631 1053 3692; x_wconf 73' lang='lat' dir='ltr'><strong>usitate</strong></span> <span class='ocrx_word' id='word_1_263' title='bbox 1073 3649 1174 3712; x_wconf 89' lang='lat' dir='ltr'><strong>prope</strong></span> <span class='ocrx_word' id='word_1_264' title='bbox 1194 3629 1290 3690; x_wconf 87' lang='lat' dir='ltr'><strong>slsum</strong></span> <span class='ocrx_word' id='word_1_265' title='bbox 1314 3647 1389 3691; x_wconf 86' lang='lat' dir='ltr'><strong>com·</strong></span> 
     </span>
     <span class='ocr_line' id='line_1_32' title="bbox 361 3731 1390 3801; baseline -0.006 -7"><span class='ocrx_word' id='word_1_266' title='bbox 361 3749 572 3801; x_wconf 85' lang='lat' dir='ltr'><strong>memoratur,</strong></span> <span class='ocrx_word' id='word_1_267' title='bbox 604 3744 637 3792; x_wconf 87' lang='lat' dir='ltr'><strong>et</strong></span> <span class='ocrx_word' id='word_1_268' title='bbox 658 3733 773 3794; x_wconf 77' lang='lat' dir='ltr'><strong>Amani</strong></span> <span class='ocrx_word' id='word_1_269' title='bbox 794 3733 913 3794; x_wconf 77' lang='lat' dir='ltr'><strong>montio</strong></span> <span class='ocrx_word' id='word_1_270' title='bbox 934 3731 1187 3794; x_wconf 81' lang='lat' dir='ltr'><strong>extremitatibus</strong></span> <span class='ocrx_word' id='word_1_271' title='bbox 1210 3731 1390 3796; x_wconf 80' lang='lat' dir='ltr'><strong>includitur.</strong></span> 
     </span>
     <span class='ocr_line' id='line_1_33' title="bbox 361 3831 1388 3918; baseline -0.007 -22"><span class='ocrx_word' id='word_1_272' title='bbox 361 3833 493 3918; x_wconf 88' lang='lat' dir='ltr'><strong>(Strabo</strong></span> <span class='ocrx_word' id='word_1_273' title='bbox 514 3848 568 3894; x_wconf 73' lang='grc' dir='ltr'><strong>ια.</strong></span> <span class='ocrx_word' id='word_1_274' title='bbox 584 3851 615 3914; x_wconf 87' lang='lat' dir='ltr'><strong>p.</strong></span> <span class='ocrx_word' id='word_1_275' title='bbox 629 3833 710 3911; x_wconf 77' lang='lat'><strong>368.</strong></span> <span class='ocrx_word' id='word_1_276' title='bbox 723 3831 743 3894; x_wconf 91' lang='lat' dir='ltr'><strong>s.</strong></span> <span class='ocrx_word' id='word_1_277' title='bbox 757 3833 861 3912; x_wconf 78' lang='lat'><strong>535.)</strong></span> <span class='ocrx_word' id='word_1_278' title='bbox 885 3832 925 3893; x_wconf 91' lang='lat' dir='ltr'><strong>lic</strong></span> <span class='ocrx_word' id='word_1_279' title='bbox 938 3845 976 3892; x_wconf 91' lang='lat' dir='ltr'><strong>ut</strong></span> <span class='ocrx_word' id='word_1_280' title='bbox 991 3853 1008 3893; x_wconf 87' lang='lat' dir='ltr'><strong>a</strong></span> <span class='ocrx_word' id='word_1_281' title='bbox 1023 3832 1138 3895; x_wconf 90' lang='lat' dir='ltr'><strong>Cilicio</strong></span> <span class='ocrx_word' id='word_1_282' title='bbox 1153 3845 1187 3894; x_wconf 88' lang='lat' dir='ltr'><strong>et</strong></span> <span class='ocrx_word' id='word_1_283' title='bbox 1201 3831 1388 3914; x_wconf 80' lang='lat' dir='ltr'><strong>Pamphylio</strong></span> 
     </span>
     <span class='ocr_line' id='line_1_34' title="bbox 359 3930 1389 4018; baseline -0.006 -22"><span class='ocrx_word' id='word_1_284' title='bbox 359 3935 438 3996; x_wconf 88' lang='lat' dir='ltr'><strong>nrari</strong></span> <span class='ocrx_word' id='word_1_285' title='bbox 461 3933 677 4018; x_wconf 84' lang='lat' dir='ltr'><strong>distinguatur.</strong></span> <span class='ocrx_word' id='word_1_286' title='bbox 731 3934 804 3994; x_wconf 86' lang='lat' dir='ltr'><strong>Hoc</strong></span> <span class='ocrx_word' id='word_1_287' title='bbox 825 3951 901 3994; x_wconf 79' lang='lat' dir='ltr'><strong>aero</strong></span> <span class='ocrx_word' id='word_1_288' title='bbox 920 3934 1028 3996; x_wconf 90' lang='lat' dir='ltr'><strong>artiori</strong></span> <span class='ocrx_word' id='word_1_289' title='bbox 1050 3930 1137 3994; x_wconf 90' lang='lat' dir='ltr'><strong>sensu</strong></span> <span class='ocrx_word' id='word_1_290' title='bbox 1160 3933 1278 3994; x_wconf 86' lang='lat' dir='ltr'><strong>dicitur</strong></span> <span class='ocrx_word' id='word_1_291' title='bbox 1298 3934 1389 3994; x_wconf 87' lang='lat' dir='ltr'><strong>etiam</strong></span> 
     </span>
     <span class='ocr_line' id='line_1_35' title="bbox 359 4030 1389 4117; baseline -0.007 -20"><span class='ocrx_word' id='word_1_292' title='bbox 359 4033 601 4116; x_wconf 81' lang='lat' dir='ltr'><strong>Myriorralrr&#39;cur</strong></span> <span class='ocrx_word' id='word_1_293' title='bbox 615 4033 636 4097; x_wconf 90' lang='lat' dir='ltr'><strong>s.</strong></span> <span class='ocrx_word' id='word_1_294' title='bbox 653 4033 882 4117; x_wconf 80' lang='lat' dir='ltr'><strong>lllyriarrderuts</strong></span> <span class='ocrx_word' id='word_1_295' title='bbox 904 4035 986 4115; x_wconf 86' lang='lat' dir='ltr'><strong>apud</strong></span> <span class='ocrx_word' id='word_1_296' title='bbox 1007 4034 1204 4115; x_wconf 88' lang='lat' dir='ltr'><strong>Stephanum</strong></span> <span class='ocrx_word' id='word_1_297' title='bbox 1223 4030 1243 4096; x_wconf 92' lang='lat' dir='ltr'><strong>s.</strong></span> <span class='ocrx_word' id='word_1_298' title='bbox 1267 4053 1299 4094; x_wconf 81' lang='lat' dir='ltr'><strong>v.</strong></span> <span class='ocrx_word' id='word_1_299' title='bbox 1325 4031 1389 4092; x_wconf 74' lang='lat' dir='ltr'><strong>uta</strong></span> 
     </span>
     <span class='ocr_line' id='line_1_36' title="bbox 359 4130 1390 4226; baseline -0.007 -28"><span class='ocrx_word' id='word_1_300' title='bbox 359 4131 512 4226; x_wconf 75' lang='lat' dir='ltr'><strong>pluriper,</strong></span> <span class='ocrx_word' id='word_1_301' title='bbox 534 4135 590 4197; x_wconf 90' lang='lat' dir='ltr'><strong>ubi</strong></span> <span class='ocrx_word' id='word_1_302' title='bbox 606 4137 853 4216; x_wconf 73' lang='lat' dir='ltr'><strong>Herodotumlp.</strong></span> <span class='ocrx_word' id='word_1_303' title='bbox 870 4147 928 4216; x_wconf 78' lang='lat'><strong>58.</strong></span> <span class='ocrx_word' id='word_1_304' title='bbox 951 4133 1101 4220; x_wconf 85' lang='lat' dir='ltr'><strong>respicere</strong></span> <span class='ocrx_word' id='word_1_305' title='bbox 1117 4135 1254 4206; x_wconf 85' lang='lat' dir='ltr'><strong>videtur,</strong></span> <span class='ocrx_word' id='word_1_306' title='bbox 1278 4133 1334 4196; x_wconf 86' lang='lat' dir='ltr'><strong>etti</strong></span> <span class='ocrx_word' id='word_1_307' title='bbox 1349 4130 1390 4192; x_wconf 89' lang='lat' dir='ltr'><strong>ibi</strong></span> 
     </span>
    </p>
   </div>
   <div class='ocr_carea' id='block_1_4' title="bbox 0 0 1430 4946">
    <p class='ocr_par' dir='ltr' id='par_1_4' title="bbox 0 0 1430 4946">
     <span class='ocr_line' id='line_1_37' title="bbox 0 0 1430 4946; baseline 0 0"><span class='ocrx_word' id='word_1_308' title='bbox 0 0 1430 4946; x_wconf 95' lang='lat' dir='ltr'><strong> </strong></span> 
     </span>
    </p>
   </div>
  </div>
 </body>
</html>
