2756 4964
297 395 340 463 9⁸
565 387 726 446 uortr.
766 387 1066 448 uxoourtcaa

296 559 454 622 rationem
477 571 608 642 propter
627 561 694 642 poli
716 559 812 623 nollri
834 561 1045 624 elevationem
1071 574 1104 622 et
1125 557 1323 643 frequentiffi·

297 681 350 724 me
371 659 550 732 habitatum
573 661 654 724 latua
681 661 821 724 nostrum
844 663 886 723 ita
907 660 1033 724 mensur
1055 663 1115 733 est.
1150 677 1186 724 ut
1209 660 1322 723 sursum

297 759 405 826 verius
420 761 543 832 abeant,
568 782 647 844 quae
666 765 701 824 in
718 761 976 844 septemtrionem
992 777 1140 847 vergunt.
1164 781 1203 824 eo
1217 763 1322 833 morlo.

295 883 360 948 quo
376 863 576 936 Ptolemaeus
591 877 623 924 et
643 863 774 926 indubie
790 864 975 927 vetustiores
991 863 1226 948 descripserunt.
1252 863 1322 946 polo

296 961 412 1026 scilicet
428 961 533 1026 nostro
548 965 683 1026 elevato.
721 965 752 1026 H
756 966 807 1026 iuc
821 979 853 1026 et
866 985 947 1034 eam.
969 983 1047 1046 quae
1065 967 1209 1050 Aegypto
1224 964 1325 1048 proxi·

294 1085 347 1127 ma
372 1064 430 1134 est.
464 1066 498 1124 in
525 1066 708 1139 meridiem,
742 1065 943 1152 Aethiopiam
971 1065 1025 1127 iub
1051 1068 1198 1151 Aegypto
1224 1065 1324 1128 Ptole·

293 1185 403 1228 maeue
428 1161 484 1254 [4,
505 1159 560 1252 7.]
585 1169 741 1230 nominat.
775 1186 961 1233 vriulcurt.
1021 1167 1134 1234 Fuerat
1157 1168 1208 1228 bic
1229 1165 1326 1250 magi!

293 1267 484 1336 dicendum,
510 1257 602 1357 iufra
622 1269 799 1350 Aethiopas
821 1269 907 1332 litam
922 1269 1112 1354 Aegyptum,
1139 1289 1212 1330 curu
1232 1266 1323 1328 Nilus

292 1387 333 1432 ex
359 1368 526 1450 Aethiopia
552 1367 727 1432 descendat.
788 1369 852 1432 Sed
879 1371 1008 1432 videtur
1043 1369 1126 1432 Mela
1151 1366 1326 1450 respectum

188 1503 192 1514 ·
291 1467 432 1532 habuille
446 1471 482 1530 ad
498 1469 609 1552 polum
623 1473 791 1541 arcticum.
816 1485 853 1532 ut
868 1491 904 1533 ea
925 1469 1079 1554 superiora
1096 1469 1155 1532 elle
1171 1471 1324 1538 dicantur.

290 1591 371 1654 quae
386 1571 431 1631 illi
450 1569 519 1630 lunt
538 1571 778 1656 propinquiora.
806 1591 1018 1634 urutrauva.
1060 1573 1164 1634 Docte
1186 1569 1326 1652 quidem,

290 1674 400 1734 minue
415 1685 523 1733 tamen
539 1691 625 1736 vere.
678 1673 748 1736 Vid.
772 1671 860 1755 [upra
881 1673 921 1735 de
942 1671 1005 1734 hoc
1026 1672 1195 1754 particulae
1212 1670 1271 1732 uiu
1293 1670 1326 1730 in

290 1776 402 1856 quavis
434 1768 648 1857 progreffione
676 1773 859 1858 [impliciter
889 1771 1100 1857 frequentato.
1152 1775 1204 1836 De
1230 1771 1330 1854 Ripis

290 1875 360 1939 vid.
381 1887 451 1937 not.
473 1875 541 1940 crit.

365 2077 566 2160 Aegyptii
600 2067 845 2173 possident)
896 2079 980 2163 Quia
1006 2097 1022 2139 a
1048 2075 1201 2141 litoribut
1234 2076 1330 2139 marie

288 2180 386 2244 nollri
403 2193 534 2262 utraque
552 2179 619 2243 Nili
640 2171 706 2260 ripa
727 2181 764 2242 ad
781 2199 882 2262 utque
894 2183 962 2242 eiua
978 2179 1150 2244 Cataractae
1167 2181 1330 2263 Aegypton

288 2283 443 2351 tenditur.
475 2295 512 2342 ut
532 2277 613 2342 iufra
628 2281 827 2363 Pomponius
844 2279 954 2344 allerit.
1004 2281 1092 2342 Beue
1114 2297 1193 2365 ergo
1213 2280 1330 2362 inquit,

289 2381 359 2445 Nili
375 2383 451 2464 ripis
466 2397 499 2442 et
514 2383 592 2442 mari
615 2382 679 2442 illic
695 2381 836 2463 proxima
851 2378 1004 2464 possidere
1022 2383 1210 2466 Aegyptios.
1245 2380 1330 2442 Nam

288 2483 386 2567 paulo
411 2483 567 2544 remotius
592 2481 694 2544 Asiam
718 2481 824 2546 verius
850 2485 964 2546 Arabes
997 2481 1067 2557 lunt
1092 2496 1125 2544 et
1151 2481 1331 2553 Palaestini,

291 2583 415 2664 Libyen
430 2579 538 2646 verius
555 2583 720 2664 Cyrenaici
739 2583 796 2647 liti.
830 2601 1016 2648 vtortuva.
1158 2567 1160 2576 ’

365 2781 549 2867 Arabio)
598 2785 746 2857 Petraea,
776 2803 856 2866 quae
886 2803 986 2870 propa
1015 2786 1204 2849 Idumaeam
1242 2789 1334 2850 tenui

289 2885 397 2953 ironia
429 2905 515 2948 mare
556 2885 697 2950 uollrurn
735 2883 901 2970 prospicit,
943 2889 991 2948 uti
1023 2887 1235 2952 Ptolemaeue
1268 2889 1333 2951 tab.

289 2989 377 3052 Aliae
393 2995 428 3066 4.
448 2987 577 3050 indicat.
602 3005 789 3050 vrotauva.
824 2987 895 3054 Poll
910 2987 1108 3070 Canopicum
1125 2988 1195 3050 Nili
1213 2989 1333 3052 ollium

290 3087 380 3172 supra
401 3108 487 3150 mare
506 3089 639 3148 rubrum
661 3089 824 3170 prominet
840 3087 927 3152 irons
949 3090 1102 3172 quaedam
1126 3091 1266 3153 Arabiae
1284 3111 1335 3152 ua·

290 3211 353 3274 que
374 3193 407 3252 in
430 3208 515 3252 mare
536 3191 803 3252 mediterraneum
810 3231 821 3262 ‚
854 3191 906 3252 cui
929 3191 963 3252 in
985 3191 1069 3254 flexu
1089 3189 1157 3274 ipio
1182 3193 1334 3278 iungitur

289 3293 387 3372 Syria.
423 3308 637 3358 irrueranvt.

358 3484 558 3585 sequenti
565 3515 585 3555 o
592 3491 611 3574 )
661 3493 733 3558 Hoc
748 3495 840 3558 elien
855 3497 964 3564 litora,
988 3513 1069 3575 quae
1085 3492 1238 3578 Aegypto
1259 3515 1337 3560 con·

290 3595 396 3656 iuncta
420 3594 500 3656 litut.
559 3596 612 3658 Sic
632 3613 699 3678 cap.
727 3615 780 3678 ¹9·
806 3611 839 3676 3.
867 3599 904 3658 Is
919 3589 1036 3680 flumen
1056 3595 1280 3677 Rhyndacum
1302 3601 1337 3660 irt

290 3716 345 3770 eo,
378 3717 459 3779 quoe
485 3685 681 3788 sequuntur,
714 3699 841 3762 emittit.
902 3693 952 3759 ef.
979 3712 1011 3764 a.
1042 3715 1070 3768 t,
1094 3707 1128 3774 8.
1175 3713 1216 3770 Ω,
1241 3714 1276 3780 5.
1298 3717 1335 3778 9.

240 3847 242 3858 .
293 3809 327 3877 5.
349 3807 384 3876 4.
400 3799 444 3861 in.
476 3813 687 3860 craecoutve.
740 3798 869 3868 isthmo,
893 3799 945 3880 qui
963 3797 1006 3859 eil
1025 3797 1107 3858 inter
1122 3817 1213 3862 mare
1230 3803 1337 3863 medi·

290 3909 468 3960 terraueum
484 3897 634 3960 et'linum
650 3897 830 3971 Arabicum,
857 3896 1037 3986 (augustam
1051 3889 1198 3988 frontem
1223 3903 1335 3980 vocar)

291 4019 369 4080 quae
387 3997 456 4060 irtnt
477 4001 560 4060 inter
572 3999 752 4080 Aegyptum
773 4013 807 4064 et
825 4001 1032 4089 llboeoiciam
1046 4001 1189 4086 attingit.
1225 4021 1337 4066 cuan-

293 4119 371 4164 vtvt
389 4099 466 4166 Mu.
502 4099 551 4162 lta
571 4112 667 4164 recte.
