2764 4954
345 399 408 468 aaa
616 387 778 450 Norae
818 389 1121 449 axaunrrcan

348 562 397 626 illi
414 563 523 648 vulgo.
545 561 632 645 quod
649 558 821 625 moenibua
838 563 952 626 urbem
966 565 1077 636 cinxit.
1098 582 1233 648 quorum
1247 561 1369 628 latitudo

348 663 416 730 sere
442 665 557 727 dicitur
582 661 672 726 fuisse
697 673 742 741 50
769 664 969 736 cubitorum.
990 647 1136 730 ‘altitudo
1158 679 1266 750 quater
1285 679 1370 737 tanta.

349 765 488 831 ambitua
503 775 576 848 450
593 765 781 836 stadiorum.
808 785 884 828 cum
906 764 970 848 ipsa
989 769 1095 829 coctili
1119 769 1214 831 latere
1235 781 1268 830 et
1288 768 1371 828 inter·

349 867 417 930 suso
441 868 601 929 bitumine
627 879 789 948 compacta
815 865 923 928 essent.
976 869 1015 929 ln
1040 870 1183 932 notando
1209 867 1273 952 ipio
1295 867 1369 928 urbia

349 969 492 1042 ambitu,
518 985 616 1050 quern
636 965 748 1046 Noiier
768 969 865 1030 etiam
885 968 1035 1054 adtingit,
1063 967 1187 1034 secutus
1203 969 1269 1031 lum
1283 969 1369 1031 Hero·

349 1073 464 1133 dotum
486 1092 514 1140 ι.
535 1082 616 1146 173.
668 1069 867 1149 simpliorem
888 1071 976 1133 enirn
998 1071 1052 1132 alii
1071 1068 1208 1142 faciunt.
1239 1071 1290 1132 alii
1309 1089 1369 1132 con·

348 1173 541 1241 tractiorem.
561 1188 701 1251 quorum
716 1163 876 1232 diacordea
891 1172 1060 1253 opiniones
1074 1173 1241 1235 conciliare
1255 1185 1370 1233 conatur

350 1273 394 1336 est
412 1272 556 1334 Oleariue
571 1273 607 1332 ad
623 1269 802 1332 Philostrati
816 1271 964 1352 Apollon.
984 1292 1014 1344 a,
1030 1283 1088 1350 95.
1116 1270 1169 1336 Cf.
1185 1275 1290 1343 etiam.
1304 1289 1371 1354 quoa

348 1373 457 1436 laudat
480 1371 659 1456 wesseling.
682 1373 720 1432 ad
744 1372 878 1433 Diodor.
898 1387 931 1443 9,
949 1387 984 1449 7.
1019 1373 1190 1438 Muncker.
1206 1375 1244 1436 ad
1265 1374 1370 1459 Hygia.

348 1472 412 1538 sab.
437 1485 521 1550 224.
549 1502 594 1516 -
633 1472 739 1534 Maior
759 1470 924 1536 consensus
945 1473 1043 1536 estin
1068 1476 1175 1538 coctili
1194 1476 1301 1546 latere.
1324 1491 1372 1535 nec

349 1575 409 1640 nist
432 1578 466 1638 in
491 1573 596 1636 verbio
615 1593 711 1656 parva
731 1573 936 1655 discrepantia
952 1575 1117 1648 obiicitur.
1144 1591 1182 1638 ut
1197 1577 1288 1640 docet
1302 1577 1373 1636 loco·

348 1697 421 1740 rum
440 1659 634 1757 comparatio
652 1695 669 1736 a
685 1673 865 1736 Nluncitero
886 1675 1025 1738 instituta
1041 1677 1107 1740 01.
1159 1679 1247 1739 Hinc
1265 1687 1372 1738 coctam

349 1775 520 1860 Babylona
543 1789 653 1861 argute
676 1770 778 1838 nimie
800 1789 895 1837 vocat
921 1777 1073 1841 sidonius
1094 1777 1271 1861 Apollinea.
1290 1795 1371 1838 carru.

350 1897 387 1961 9,
405 1879 464 1942 26.
504 1878 566 1940 Pro
582 1875 733 1940 bitumine
750 1877 803 1938 aiii
821 1875 952 1961 sulphur
969 1893 1235 1950 commemorant.
1258 1889 1373 1962 propter

350 1981 516 2060 utriusque
543 1979 681 2040 vicinam
709 1991 865 2042 naturam.
901 1979 1005 2058 (Plio.
1029 1993 1088 2060 35.
1112 1993 1174 2057 51.
1197 1983 1242 2044 iu.
1264 1978 1284 2041 s.
1310 1978 1373 2056 15.)

344 2074 545 2164 ’Δσφαλτον
567 2079 664 2142 habet
684 2079 869 2142 Herodotua
897 2101 924 2151 r.
951 2095 1033 2160 179.
1066 2079 1219 2146 Aristidea
1241 2083 1372 2144 Torua.

349 2204 383 2268 p.
396 2199 480 2262 219.
490 2179 579 2244 lebb.
600 2182 725 2262 aliique.
745 2197 827 2262 quot
841 2183 1022 2264 producunt
1032 2180 1205 2246 Muncker.
1220 2183 1258 2244 ad
1271 2180 1373 2264 Hygia.

351 2298 385 2348 et
396 2283 593 2346 Freioahenu
608 2283 647 2342 ad
658 2281 809 2344 Curtium
824 2301 868 2345 cc.
884 2283 918 2346 ll.
945 2283 1113 2346 Alteneum
1127 2303 1258 2346 murum
1271 2303 1307 2345 ex
1320 2279 1374 2340 aliia

353 2387 446 2446 iactat
462 2383 601 2446 Euslath.
615 2383 653 2444 nd
668 2379 802 2461 Dionys.
812 2403 844 2444 v.
860 2396 966 2462 ¹⁰⁰5·
988 2385 1077 2466 quod
1092 2397 1220 2478 tantum
1234 2384 1270 2446 ad
1287 2391 1374 2466 portat

353 2487 406 2548 alii
430 2499 592 2546 revocant.
644 2484 809 2544 Bituntine
832 2503 908 2546 vero
930 2483 1017 2546 iilam
1038 2486 1207 2569 regionem
1226 2477 1374 2548 abundasse

352 2599 440 2670 patet
459 2606 497 2647 ex
516 2583 681 2646 Herodoto
702 2603 729 2653 r.
752 2599 831 2664 179.
859 2585 1015 2648 Strabone
1034 2587 1089 2650 16.
1111 2605 1144 2668 p.
1163 2598 1249 2665 5⁰8·
1265 2584 1286 2649 l.
1303 2597 1372 2660 759·

354 2687 472 2750 Iustino
496 2707 523 2756 r.
545 2701 576 2755 9,
594 2699 627 2761 7.
655 2685 802 2746 Vitruvio
819 2697 852 2764 8.
870 2700 903 2764 3.
920 2687 998 2750 aliia.
1036 2689 1087 2750 De
1099 2700 1247 2770 utroque.
1262 2700 1294 2750 et
1307 2684 1375 2745 bitu·

353 2790 443 2850 mine
459 2802 491 2850 et
506 2789 600 2848 latere
617 2798 718 2857 cocto.
737 2788 837 2848 multa
854 2787 1109 2850 adtulitSalmal.
1124 2790 1163 2848 ad
1183 2790 1284 2851 Solio.
1298 2807 1326 2869 p.
1339 2803 1373 2844 aa

356 2892 441 2969 867.
475 2889 690 2952 Celebraotur¹
712 2907 805 2969 porro
828 2887 914 2950 lwrti
940 2885 1081 2976 pensiles.
1111 2889 1189 2966 (Gr.
1213 2875 1375 2978 κρεμαστὸς

355 2985 577 3079 παράδεισος.)
629 2987 710 3058 Post.
740 3003 869 3050 auctore
895 2988 1231 3061 Nabuchodonosoro.
1261 2990 1316 3051 alia
1337 3001 1375 3047 or·

355 3083 504 3156 aramenta
531 3088 731 3158 accesserant.
764 3091 853 3152 unde
878 3091 1079 3152 conditorem
1105 3089 1135 3154 se
1162 3093 1238 3154 eiua·
1261 3085 1374 3173 superbe

357 3194 491 3258 olieutat
513 3191 595 3274 apud
621 3190 745 3252 Daniel.
761 3198 796 3268 lp.
819 3205 877 3264 97.
913 3189 967 3252 etti
991 3191 1070 3253 adeo
1095 3194 1255 3276 originem
1275 3192 1318 3252 illi
1335 3183 1376 3248 ad·

356 3295 473 3358 struere
506 3289 638 3374 operoso
671 3289 771 3353 studio
807 3292 921 3352 nititur
951 3293 1093 3375 Vitringa
1118 3294 1159 3353 ad
1186 3291 1312 3378 lesaiant
1332 3301 1374 3365 19·

356 3415 390 3478 p.
406 3408 491 3473 553.
544 3393 639 3456 Certe
654 3393 723 3454 eiua
740 3407 834 3473 opera
853 3389 993 3455 recenset
1008 3392 1142 3457 Berosus
1163 3396 1248 3477 apud
1266 3387 1373 3470 ioseph·

358 3498 393 3558 in
417 3496 537 3576 antiqu.
560 3493 632 3558 lud.
656 3512 710 3563 to.
730 3493 845 3555 auin.
876 3507 909 3556 et
930 3495 964 3554 in
982 3494 1098 3576 Apion.
1117 3515 1147 3566 t,
1174 3513 1230 3574 ¹9·
1281 3483 1378 3557 etad

360 3597 496 3659 Guthrie
517 3593 587 3656 hist.
604 3591 790 3656 universalia
804 3595 845 3656 T.
863 3610 896 3658 9.
918 3615 950 3676 p.
971 3609 1029 3670 77.
1068 3597 1170 3658 Tanta
1187 3596 1271 3664 urbe.
1295 3603 1375 3654 aeter·

359 3699 451 3758 nitati
466 3697 593 3766 devota.
613 3693 722 3758 sensim
741 3693 912 3776 sensimque
928 3697 1074 3758 exhausta
1089 3699 1217 3761 corruit.
1246 3697 1290 3758 Ad
1303 3683 1375 3774 quod

359 3799 589 3882 perficiendum
619 3797 786 3858 valuerunt
815 3795 976 3859 Persarum
1000 3801 1213 3883 expugnatio.
1240 3787 1375 3874 tempori!

360 3901 492 3968 iniuria.
527 3897 740 3960 Macedonum
763 3899 958 3982 negligentia
979 3911 1012 3960 et
1032 3919 1135 3962 arovae
1154 3900 1260 3969 urbia,
1286 3893 1376 3956 Seleu·

363 4005 445 4070 ciae.
482 4013 551 4078 500
578 3999 693 4060 abhinc
715 3997 819 4061 siediia
840 4019 857 4060 a
880 3999 1014 4062 Seleuco
1044 3999 1195 4064 Nicatore
1217 3991 1374 4061 exstructio·

362 4120 438 4185 quaa
460 4097 562 4164 caulae
590 4111 756 4164 enumerat
776 4100 888 4166 Strabo
916 4101 971 4165 16.
997 4121 1030 4187 p.
1055 4113 1140 4182 508.
1157 4099 1178 4164 t
1198 4109 1280 4187 758.
1304 4087 1374 4156 toul·
