2828 4966
362 411 405 492 64
442 367 446 384 ⁸
633 415 792 477 norae
833 415 1134 473 axaonrrcaa

361 601 448 652 totus
465 589 555 652 locut
571 587 611 650 de
626 575 729 650 forma
743 588 842 660 auae,
861 585 1045 652 artificiosus
1061 601 1094 649 et
1112 586 1236 653 subtilis
1254 590 1315 654 esi.
1354 593 1381 652 Ε

363 689 469 752 scribit
492 690 580 752 euim
604 709 622 750 a
648 688 725 752 Nilo
757 690 797 752 ati
831 691 967 752 Tanaim
1001 689 1084 750 sinuo
1110 703 1142 752 et
1167 695 1381 772 promontors

359 792 513 872 'Porrigit
533 791 638 863 litora,
665 811 767 873 quum
782 792 862 854 iacet
881 791 1043 871 utrimque
1059 789 1173 875 pelago
1191 790 1381 856 submoveri

363 895 458 956 latera
474 906 506 954 et
522 892 743 976 disiungentet
758 889 808 984 fit
820 893 961 954 venienti
972 889 1109 965 obviam,
1132 913 1236 975 quum
1256 895 1381 958 finuca

363 995 583 1081 promontoria
598 991 682 1058 iacit.
710 1011 843 1058 eoouve.
906 1051 909 1058 .

383 1164 386 1170 Ι
439 1193 663 1277 incurvat)
713 1197 796 1277 Apte
816 1209 850 1258 et
873 1195 913 1257 ad
937 1194 1079 1270 sensum,
1112 1198 1163 1259 uti
1187 1196 1274 1261 solet
1298 1197 1381 1262 noslt

363 1299 522 1382 poeticam
535 1295 671 1358 sormam
691 1297 851 1369 imitatus,
877 1315 935 1380 pro
949 1295 1023 1360 satit
1040 1298 1212 1363 ambitum.

433 1491 614 1590 fronte)
665 1500 769 1584 Igitur.
795 1499 852 1560 ubi
875 1500 959 1563 larue
983 1514 1092 1562 contra
1118 1499 1292 1562 obiectum
1330 1519 1381 1560 rna

365 1613 399 1664 et
429 1600 550 1662 diversa
583 1597 797 1685 progressione
832 1601 976 1664 trahitur.
1026 1603 1080 1664 Sic
1102 1593 1250 1693 diuersas
1277 1593 1381 1688 frent

365 1700 535 1784 Hispaniae
551 1701 604 1763 dat
626 1723 654 1772 ι,
673 1717 705 1781 3,
724 1715 757 1781 5.
796 1701 904 1764 Lotus
923 1714 1048 1784 poterat
1069 1703 1182 1772 dicere,
1209 1716 1244 1764 at
1259 1693 1381 1792 fronte

365 1803 541 1887 praetulisse
571 1805 699 1866 videtur
725 1817 854 1886 propter
882 1803 1064 1887 longiorem
1086 1801 1332 1872 extensionem,
1368 1819 1381 1860 u

366 1918 476 1968 contra
492 1905 663 1966 Ponticum
680 1907 773 1969 latus.
807 1905 893 1988 Quia
907 1923 985 1966 vero
999 1905 1033 1965 in
1045 1904 1225 1966 definienda
1245 1904 1309 1964 hac
1327 1923 1381 1984 par

367 2008 406 2067 ad
431 2003 673 2088 Hellespontum
694 1995 848 2072 subsistit.
882 2025 956 2066 cum
982 2023 1081 2087 prope
1107 2005 1234 2068 Cariam
1262 2005 1344 2066 lituo
1369 2005 1381 2062 i

367 2107 525 2179 flectatur,
553 2107 696 2170 extendit
711 2109 844 2169 omnino
859 2105 899 2167 de
917 2106 1015 2190 longo
1034 2119 1133 2167 tractu
1149 2119 1181 2168 et
1196 2105 1309 2168 latiori
1325 2103 1381 2165 sens

367 2207 483 2291 posuit.
537 2207 664 2292 Nempe
683 2209 725 2270 fio
745 2209 785 2270 ad
798 2209 925 2270 Troade
939 2227 1039 2290 usque
1057 2207 1211 2292 procedit,
1238 2219 1280 2268 ut
1297 2203 1381 2268 diser

367 2307 473 2371 scribit
497 2313 526 2389 §.
552 2309 585 2372 6.

443 2501 833 2603 Hellesponticum)
885 2511 956 2574 vid.
976 2513 1011 2572 in
1033 2511 1121 2574 notio
1141 2511 1260 2576 criticis
1278 2507 1381 2572 adin

349 2771 353 2780 .
445 2705 690 2805 transverso
717 2712 923 2796 margine)
973 2715 1104 2777 Leniter
1117 2715 1234 2777 reflexo
1258 2715 1381 2774 litorea

369 2831 408 2876 eo
430 2815 567 2898 angulo,
598 2816 653 2898 qui
676 2814 757 2876 insta
772 2815 963 2878 Colchidem
985 2815 1028 2878 est
1047 2817 1084 2878 ad
1107 2837 1206 2898 usque
1227 2813 1381 2895 Bosporus

370 2913 595 2979 Cimmerium.
621 2935 808 2978 vunmnva.
861 2917 1015 2997 Margine
1035 2915 1140 2998 posuit
1158 2936 1217 3000 pro
1240 2917 1346 2983 litore,
1372 2931 1381 2972 t

368 3015 403 3074 in
419 3013 567 3097 Hispania
586 3032 617 3096 3.
640 3037 668 3088 1,
686 3033 718 3092 7.
743 3031 775 3079 et
797 3007 979 3108 transverso
995 3037 1053 3099 pro
1071 3019 1213 3100 obliquo.
1267 3007 1381 3078 Natus

368 3115 432 3178 hoc
454 3117 542 3178 aditu
570 3119 742 3180 Maeotidis
764 3119 804 3180 stc
827 3117 932 3180 scribit
957 3138 983 3180 c.
1010 3137 1064 3197 19,
1094 3132 1148 3196 15.
1181 3115 1308 3199 obliqua
1334 3125 1381 3173 tou

371 3223 455 3298 regio
474 3231 506 3279 et
526 3220 560 3279 iu
583 3219 685 3279 sattim
704 3219 823 3280 modice
838 3233 967 3300 patens,
994 3219 1076 3280 inter
1090 3221 1227 3282 Pontum
1242 3213 1381 3280 Paludes

373 3339 433 3403 que
454 3318 498 3381 ad
518 3309 695 3410 Bosporum
716 3321 865 3384 excurrit.
905 3339 1109 3384 craecourvs.
1174 3319 1303 3403 Nempe
1326 3316 1381 3376 lint

378 3419 504 3502 obliqua
526 3421 589 3492 illi,
623 3441 716 3504 quam
732 3422 765 3482 in
782 3422 850 3484 Afia
868 3423 960 3484 litore
982 3419 1160 3506 supposuit,
1185 3441 1203 3482 a
1220 3420 1352 3483 meridie
1371 3413 1381 3470 i

378 3519 654 3603 septemtrionem;
688 3543 774 3584 nunc
797 3523 936 3604 opposita
960 3523 1077 3586 lineam
1097 3523 1135 3585 ab
1158 3525 1282 3586 oriente
1306 3509 1381 3578 versi

378 3623 577 3684 occidentem
600 3624 745 3694 exhibet,
784 3625 878 3708 plane
901 3637 940 3684 ut
965 3623 1000 3684 in
1030 3625 1135 3686 charte
1156 3621 1298 3708 agnoscit
1319 3621 1381 3678 luvt

379 3723 458 3786 nasio
481 3717 533 3810 [6,
551 3721 658 3812 483.]
681 3725 767 3809 longi
785 3725 890 3806 relegit
909 3717 1093 3816 transversa
1110 3725 1231 3792 diurni.
1258 3739 1336 3804 quae
1356 3712 1381 3774 ss

380 3825 453 3885 licet
469 3825 501 3886 in
521 3829 662 3910 margine
679 3846 734 3907 per
749 3827 839 3887 aliter
855 3829 982 3888 ductam
1002 3827 1118 3888 lineam
1133 3825 1294 3888 interdum
1310 3817 1381 3880 soler

381 3926 464 3988 addi.
500 3946 524 3988 1.
549 3946 745 3988 ououovrve
761 3927 838 3988 MS.
887 3929 1076 4010 Discrepant
1092 3929 1144 3989 hic
1161 3927 1295 3988 omnino
1315 3924 1381 3981 intes

381 4040 486 4108 pretee
511 4029 545 4088 in
569 4027 789 4089 constituendo
814 4028 909 4088 initio
934 4031 1099 4092 transversi
1123 4023 1274 4110 maigiuie
1294 4036 1325 4085 et
1345 4009 1381 4096 ips

381 4129 484 4191 lirieae
507 4130 575 4191 eius
595 4125 822 4214 progressione.
869 4122 1077 4223 Transversus
1093 4130 1281 4214 intelligitur
1298 4141 1335 4188 ex
1356 4117 1381 4176 ii
