2892 4950
340 395 404 472 4⁹⁰
610 383 773 446 Nom
812 382 1114 444 exeuntem
1149 397 1153 405 ·

337 583 408 627 rem
437 553 530 623 urbia
560 573 688 644 partem
721 553 930 640 incolebant,
961 554 1106 642 expulit,
1141 577 1236 622 areae
1266 555 1363 622 sacrae

338 663 485 736 accolas,
521 659 655 723 foedere
676 656 763 732 icto,
788 674 878 724 tutor
902 657 1056 745 reliquit,
1082 675 1117 723 et
1137 675 1291 723 montem
1309 656 1362 722 cir·

337 785 415 830 cum
436 767 510 827 loca
536 757 722 846 occupavit.
773 761 883 824 Croesr
908 776 1057 846 tempore
1086 759 1206 846 posteri
1230 759 1264 824 in
1287 781 1362 826 cam·

335 862 453 953 pestria
479 863 735 934 descenderunt,
777 877 811 925 et
836 859 925 926 circa
950 865 1112 947 templum
1144 862 1362 926 consederunt.

337 969 491 1048 (Strabo,
522 960 698 1027 Pausaniae
721 981 749 1026 c.
766 983 795 1026 c.
819 965 840 1026 1.
858 967 900 1043 l.)
950 964 1025 1026 Post
1044 965 1268 1026 Alexandrum
1289 966 1364 1044 Lysi·

335 1070 473 1134 machus
508 1087 586 1130 cum
616 1065 751 1137 urbem,
790 1061 897 1152 qualis
923 1063 988 1129 suit
1013 1064 1186 1130 Strabonis
1214 1081 1362 1150 tempore,

283 1165 285 1170 ’
334 1167 510 1240 moenibus
534 1165 667 1251 cingere
689 1169 806 1239 vellet,
837 1187 901 1230 uec
923 1166 1036 1251 sponte
1055 1167 1124 1230 solo
1147 1168 1303 1232 cederent
1319 1163 1362 1228 iu·

241 1327 244 1334 .
333 1274 444 1342 colae,
471 1266 608 1332 deiectis
631 1263 793 1330 imbribus
811 1265 1000 1354 cloacisque
1016 1267 1207 1342 obstructio,
1236 1289 1290 1332 eos
1308 1265 1361 1330 mi·

332 1393 426 1458 grate
453 1367 580 1454 coegit,
603 1369 761 1448 (Strabo)
792 1367 956 1455 novisque
981 1367 1119 1443 incolit,
1153 1367 1308 1434 Lebediie
1333 1383 1361 1431 tt

333 1469 572 1558 Colophoniis,
613 1473 768 1533 lacunam
801 1469 956 1555 explevit.
1003 1471 1160 1550 (Pausan.
1195 1495 1226 1545 a,
1252 1491 1286 1554 9,
1312 1473 1359 1547 8.)

330 1572 426 1638 Varia
447 1571 518 1636 eiue
540 1569 676 1634 nomina
697 1573 843 1634 recenset
864 1569 992 1635 Plinius
1009 1585 1043 1649 5,
1062 1589 1119 1650 31.
1139 1574 1159 1637 Γ.
1178 1593 1235 1654 29.
1285 1574 1360 1636 Sunt

331 1692 442 1741 autem
464 1675 563 1736 baec:
603 1677 634 1752 ι)
657 1675 791 1753 Alopes,
819 1695 895 1735 cum
916 1673 1002 1757 apud
1024 1672 1163 1736 Troiam
1184 1689 1358 1760 pugnatum

330 1777 383 1842 alt.
408 1773 542 1860 (Hygia.
558 1774 622 1837 sab.
645 1780 716 1854 ι4.)
763 1779 797 1854 a)
815 1773 962 1858 Ortygia,
985 1776 1203 1859 (Stephanus)
1222 1796 1288 1861 quo
1307 1791 1358 1837 no·

328 1877 420 1943 mitte
443 1880 557 1941 lucum
579 1895 683 1961 prope
705 1874 888 1960 Ephesum,
924 1873 983 1938 ubi
1008 1879 1135 1941 Latona
1159 1895 1275 1962 partus
1298 1871 1357 1938 edi·

328 1978 426 2052 derit,
449 1992 686 2042 commemorat
701 1977 817 2040 Strabo
833 1988 886 2055 ι4.
903 1999 935 2062 p.
944 1987 1029 2057 440.
1047 1979 1068 2041 Γ.
1084 1981 1171 2059 64ο.
1200 1979 1252 2043 Cf.
1268 1975 1357 2042 etiarn

327 2077 515 2147 Eustetbiua
531 2079 572 2142 ad
586 2075 719 2158 Dionys.
734 2101 766 2142 v.
785 2089 867 2156 823.
895 2092 928 2140 et
942 2099 1024 2164 quoa
1048 2079 1141 2143 addit
1158 2081 1303 2144 Holsten.
1320 2075 1356 2139 ad

329 2183 485 2268 Stephon.
508 2203 541 2267 p.
563 2195 642 2258 123.
696 2183 732 2260 3)
756 2182 907 2261 Margo,
939 2183 977 2260 4)
1003 2181 1155 2264 Smyrna,
1183 2181 1356 2266 cognomina

330 2287 491 2357 Tracheo3
515 2283 556 2345 de
571 2300 637 2368 quo
654 2277 793 2344 nomine
816 2279 857 2344 cs.
874 2283 990 2343 Strabo
1010 2293 1065 2364 ι4.
1089 2305 1121 2367 p.
1136 2293 1225 2364 438.
1242 2283 1263 2348 Γ.
1280 2284 1354 2358 633.

326 2386 524 2470 Stephanus,
549 2381 691 2446 Eustath.
708 2381 750 2444 ad
764 2378 897 2462 Dionys.
913 2405 944 2445 v.
959 2393 1044 2461 828.
1095 2390 1132 2465 5)
1153 2385 1354 2454 Sarnomiont

325 2488 503 2570 (Stephon.
529 2485 702 2554 Sumomo,
736 2481 916 2563 Hesychius
943 2485 1133 2566 Somomt'u)
1177 2489 1215 2568 6)
1241 2485 1354 2548 Ptelea.

325 2587 535 2668 (Stephanus,
556 2580 767 2662 Eustathiue.)
817 2585 915 2646 Plura
939 2585 980 2646 de
1004 2582 1046 2646 iis
1069 2585 1197 2650 dabunt
1216 2585 1351 2650 Holsteu.

251 2751 257 2768 ,
323 2689 366 2752 ad
381 2687 494 2770 Steph.
511 2705 539 2748 c.
554 2687 576 2746 l.
603 2699 636 2747 et
651 2684 782 2747 Salmas.
798 2684 839 2746 ad
855 2683 958 2752 Solin.
975 2709 1007 2770 p.
1027 2707 1071 2752 m.
1090 2691 1162 2766 568
1180 2687 1248 2775 sqq.
1279 2689 1351 2750 Fue·

322 2805 401 2853 runt
423 2790 505 2850 haec
526 2787 593 2848 sere
617 2783 709 2848 urbia
728 2783 872 2869 partium
895 2785 1042 2850 nomina.
1094 2790 1214 2872 Ephesi
1238 2807 1350 2852 nomen

322 2894 363 2954 ab
385 2888 531 2974 Epheso,
564 2883 677 2971 templi
698 2885 870 2952 conditore
895 2887 989 2952 ducit
1011 2889 1188 2953 Pausanias
1208 2909 1242 2970 7,
1270 2909 1300 2963 e,
1319 2897 1348 2968 4

321 2995 362 3056 ab
379 2994 547 3055 Amazone
567 2986 758 3051 Heraclides
775 2987 935 3052 Ponticus
957 2990 998 3052 de
1017 2988 1145 3075 politiis
1160 2993 1182 3057 Γ.
1204 3017 1236 3056 v.
1252 2985 1348 3074 Ἕφε·

321 3115 392 3168 σος,
420 3088 476 3155 ubi
497 3105 531 3153 et
552 3087 615 3152 alia
637 3085 834 3174 etymologia
857 3087 999 3153 additur.
1043 3091 1094 3156 Cs.
1116 3091 1291 3158 berkeliuo
1312 3089 1349 3153 ad

320 3194 475 3284 Stephon=
492 3212 564 3276 pag.
582 3193 665 3268 366.
698 3193 737 3253 ab
755 3181 894 3275 Ephesti,
926 3189 1077 3266 muliere,
1103 3193 1290 3257 Euslathiua
1310 3191 1348 3253 ad

317 3294 451 3375 Dionys.
467 3315 498 3356 v.
516 3303 600 3370 828.
641 3288 839 3356 conditores
855 3293 1007 3354 seruntur
1023 3292 1126 3368 varii;
1152 3317 1170 3358 a
1192 3297 1346 3360 Strabone

323 3407 378 3476 ¹4·
395 3394 441 3458 in.
463 3409 496 3456 et
514 3389 587 3455 aliie
606 3393 809 3468 Androclus,
837 3394 927 3480 quod
950 3395 991 3458 de
1013 3393 1144 3458 colonia
1167 3395 1346 3480 intelligen-

317 3498 398 3560 dum
419 3495 497 3566 eise,
532 3491 698 3579 superiora
721 3494 905 3571 declarant3
940 3502 1131 3560 Atttuzottrtm
1153 3521 1234 3578 opus
1256 3509 1345 3560 vocet

316 3595 445 3662 Plinius
464 3617 492 3660 c.
508 3597 528 3658 l.
554 3611 639 3657 etex
654 3614 694 3658 eo
709 3589 1080 3687 Amazomonsabrieom
1096 3596 1229 3662 Solinus
1246 3621 1274 3662 e.
1287 3611 1342 3678 4ο.

317 3702 339 3763 Γ.
357 3711 417 3779 43.
457 3694 816 3776 Cs.1ustin.e,4,15.
852 3701 983 3762 Orosius
1005 3723 1034 3772 1,
1057 3713 1109 3778 ¹5·
1149 3701 1341 3765 Resutatta·

313 3822 392 3864 men
407 3797 542 3862 Pausan.
561 3813 594 3874 7,
614 3815 646 3868 o,
661 3805 696 3878 4.
719 3812 752 3858 et
770 3791 941 3891 Eplufinm
969 3817 1056 3863 certe
1074 3799 1220 3866 neminie
1238 3815 1341 3864 aucto·

314 3923 398 3974 rem,
418 3896 589 3984 producit;
613 3892 843 3991 Aradroniscum
855 3901 910 3964 dat
921 3903 1090 3980 Syncellue
1099 3925 1130 3988 p.
1146 3905 1254 3983 ι44.Γ.
1267 3913 1338 3978 ι8ι.

312 4005 376 4070 Per
396 3997 621 4064 adulationem
644 3997 738 4062 numi
752 4001 931 4088 Augustum
954 4002 1087 4094 κτίστην
1110 4021 1240 4068 vocant.
1272 4001 1338 4066 Vid.

312 4103 440 4170 Ecltbel
456 4103 497 4167 de
514 4102 617 4170 doctr.
634 4121 725 4168 num.
738 4105 775 4172 P.
796 4127 826 4172 ι.
843 4105 914 4173 Vol.
926 4123 957 4170 a.
971 4127 1004 4194 p.
1020 4117 1106 4190 514.
1140 4109 1190 4174 Aa
1207 4099 1335 4172 Troiani
