2828 4966
175 409 451 470 tumtur.
503 415 681 470 mut..
736 415 820 472 1.r.
862 413 952 473 en.
994 415 1073 488 to
1183 433 1226 498 79

75 573 121 640 [6.
140 593 206 664 Μ.
225 585 385 666 ¹03·f·
418 599 556 669 ¹49·
636 591 712 652 De
731 587 871 674 Phrygia
892 609 932 652 ex
952 589 1225 656 aliiridemtessr·

76 684 274 766 tuStephanus
299 689 331 754 i'.
356 711 411 754 v.
446 683 709 765 Σὺασσος.
766 690 818 752 Sic
837 691 1055 752 inhabitarunt
1068 711 1123 774 per
1143 711 1224 758 too.

77 787 395 864 notrunomm.
433 814 567 877 quae
605 791 870 856 indedictaeit
885 793 1067 864 Cimmerio,
1091 793 1225 876 (Aristo

79 888 377 976 tietpstephan.
403 893 436 960 f.
461 917 516 960 v.
547 888 800 981 Ἄντανδρος
823 907 854 954 et
872 895 956 959 Plio.
976 909 1010 972 5,
1033 907 1091 976 32.
1108 892 1128 958 s.
1144 891 1227 978 5ο.)

81 991 209 1059 atarto.
240 997 425 1076 (Strabo
467 1011 558 1078 15.
592 1017 644 1078 p.
676 1008 771 1074 431.
794 994 813 1057 s.
834 997 919 1070 627.
946 1009 977 1058 et
999 1005 1055 1075 ¹4·
1082 1015 1114 1077 p.
1138 997 1226 1076 446.

83 1091 186 1174 iutra.)
218 1101 294 1161 Atti
323 1101 541 1162 colonias
580 1100 713 1158 etiam
738 1097 771 1156 in
796 1099 995 1160 occidentem
1015 1095 1146 1160 eurifiss'e
1169 1117 1227 1180 pu·

82 1209 136 1266 unt,
152 1213 179 1260 et
192 1201 280 1263 hinc
301 1205 353 1262 in
377 1201 645 1288 Campania
665 1197 755 1278 apud
773 1199 906 1260 Homer.
924 1197 1030 1278 Odyff.
1048 1219 1102 1272 ιι.
1125 1209 1169 1279 14
1183 1197 1226 1282 sq.

83 1314 187 1380 porrum.
221 1305 315 1366 virt.
333 1305 532 1366 Serviuo
556 1303 619 1363 nd
638 1292 761 1382 virgil.
779 1303 859 1362 Aen.
878 1300 910 1368 6.
929 1314 1009 1376 107.
1036 1320 1133 1382 quem
1151 1319 1227 1364 vert

83 1402 207 1466 tndidisse
228 1407 457 1468 contendit
480 1404 673 1468 Cluver.
694 1401 730 1460 in
744 1401 812 1464 Ital.
825 1413 889 1463 ant
906 1409 940 1480 4,
958 1415 991 1464 n.
1042 1401 1116 1464 Huc
1128 1403 1226 1464 etiam

82 1500 198 1567 rehrunt
212 1505 510 1570 Cimmerium
534 1503 743 1586 oppidum,
766 1503 844 1562 olim
861 1504 946 1563 iuxta
959 1503 1123 1566 Avernum
1140 1503 1225 1586 apud

84 1603 263 1686 Plin.5.9.
291 1607 322 1672 ῐ.
346 1622 393 1686 5.
452 1606 532 1671 ef.
569 1599 776 1666 Brouhhui.
799 1603 962 1684 etHryne
983 1606 1021 1668 ad
1044 1603 1165 1670 Tibull.
1188 1615 1224 1685 4.

91 1708 186 1786 uhu.
218 1712 349 1792 Atque
367 1711 435 1771 ibi
455 1729 515 1771 ex
535 1703 732 1770 veterihur
750 1717 875 1785 ponunt
891 1705 1083 1788 Lycophron
1096 1727 1129 1770 v.
1139 1704 1225 1786 695.

92 1808 272 1874 hunstrot.
292 1827 366 1882 ια,
401 1825 519 1891 132.
571 1805 697 1869 Festus
718 1804 751 1868 h.
772 1826 805 1868 v.
826 1819 858 1868 et
878 1822 998 1888 praeter
1019 1809 1097 1869 alios
1117 1809 1226 1890 Epho-

98 1929 159 1980 rus,
191 1912 266 1994 ipie
291 1913 534 1981 Cumanus,
579 1907 676 1989 apud
700 1906 846 1970 strabon.
873 1919 905 1984 5.
933 1929 965 1990 p.
989 1910 1070 1990 269.
1095 1905 1116 1970 s.
1142 1917 1226 1988 244.

105 2011 148 2072 hh
162 2015 204 2072 iis
216 2031 330 2094 porro
346 2013 537 2076 Umbros
556 2023 595 2070 et
615 2008 692 2069 aliar
710 2011 858 2088 quasdam
875 2023 987 2092 genter
1005 2011 1126 2070 italicar
1146 2009 1226 2070 deri·

108 2127 158 2173 rat
173 2115 354 2198 Uphzgen
379 2135 424 2196 p.
451 2127 530 2174 Ωιι.
549 2130 583 2171 c.
602 2109 627 2170 l.
667 2109 752 2170 Hinc
769 2129 846 2172 vero
869 2108 1009 2184 fabulam
1027 2111 1067 2172 de
1085 2109 1227 2173 Cimme-

102 2215 164 2274 riis
188 2217 354 2278 teuehrie
383 2212 649 2297 explicandam
669 2209 773 2272 censet
794 2213 827 2272 in
845 2213 989 2274 Homero
1005 2226 1037 2273 et
1054 2213 1133 2274 aliie.
1174 2207 1226 2276 Cf·

99 2315 143 2374 ud
171 2306 334 2378 Homer.
360 2335 397 2377 c.
419 2316 451 2378 l.
512 2312 614 2374 Hinc
633 2312 745 2373 Somni
769 2313 902 2373 domum
929 2323 1030 2395 prope¹
1055 2333 1110 2376 rot
1133 2315 1226 2395 ponit

95 2415 272 2501 Ovidius
304 2418 473 2478 Metam.
507 2433 571 2484 ιι,
604 2423 689 2492 592.
725 2411 806 2494 ipfoo
836 2411 987 2499 ἀνηλίοις
1017 2429 1110 2476 vocat
1139 2414 1225 2478 Max.

95 2517 255 2596 Tyrius
280 2533 352 2587 αα,
377 2519 422 2580 6.
484 2515 623 2596 Nempe
643 2533 789 2576 cavetttts
805 2535 863 2597 pro
881 2517 1030 2578 domibus
1046 2517 1122 2579 olim
1137 2516 1226 2579 inha-

88 2617 247 2679 bitasse
263 2621 440 2680 adfirmat
458 2616 617 2698 Ephorus
634 2616 670 2676 ad
688 2615 833 2679 Strabon.
848 2638 874 2679 c.
892 2619 914 2680 l.
939 2619 994 2699 qui
1013 2619 1144 2700 quidem
1161 2617 1226 2700 ipse

91 2717 340 2780 fabulosum
359 2720 401 2778 iri
428 2717 496 2777 effe
521 2737 556 2778 re
572 2717 730 2798 explorata
750 2719 878 2782 indicat.
930 2717 981 2782 Cf.
1003 2733 1120 2788 tamen,
1146 2737 1226 2801 quae

92 2823 156 2882 de
178 2821 384 2902 specubus
400 2820 443 2878 in
460 2819 520 2878 itto
541 2832 640 2879 tractu
663 2818 779 2878 adtulit
793 2819 908 2899 Heyne
924 2821 957 2880 in
980 2819 1108 2882 excursu
1127 2835 1159 2883 ιι.
1185 2820 1226 2882 ud

92 2923 238 3006 virg.
258 2924 358 2984 Aen.
382 2919 449 2980 tib.
466 2920 504 2981 6.
542 2921 671 3000 Ephoro
689 2917 872 3004 suffragatur
893 2923 989 2982 etiam
1011 2921 1118 2984 Feihrr
1139 2921 1173 2982 h.
1191 2941 1225 2982 v.

99 3021 308 3103 hyems
332 3036 459 3081 temen
485 3040 518 3100 p.
547 3021 627 3084 126.
650 3040 677 3082 c.
701 3021 722 3083 l.
754 3022 787 3081 id
816 3023 892 3083 inde
913 3037 1022 3108 ortum
1044 3021 1103 3084 ess'e
1124 3035 1226 3104 potat,

103 3126 247 3205 quod
268 3117 485 3209 χειμερίους
507 3139 562 3183 eos
585 3123 748 3184 crederent
768 3123 820 3184 vel
843 3121 995 3194 facerent,
1028 3125 1077 3184 uti
1100 3125 1132 3184 in
1159 3124 1228 3186 Ho-

107 3244 252 3287 mem
275 3226 431 3307 quidam
455 3221 611 3305 legerunt.
662 3225 734 3286 virt.
755 3225 896 3288 Eussath.
920 3239 952 3286 et
976 3224 1072 3287 schol.
1092 3227 1131 3285 ud
1154 3243 1182 3286 c.
1203 3225 1225 3286 l.

113 3328 344 3388 Veriorem
363 3319 494 3384 carrium
516 3323 656 3404 Bayerur
673 3326 706 3385 in
727 3323 854 3387 nebulis
876 3359 925 3373 -
948 3327 1083 3408 quaerit,
1110 3323 1227 3406 quibus

117 3425 342 3490 intestatus
373 3423 521 3497 Porrtur;
554 3425 757 3510 (Hippocrat.
778 3427 817 3488 de
838 3445 909 3488 aere
930 3447 957 3490 c.
976 3437 1036 3506 45.
1073 3427 1168 3506 Hyde
1192 3429 1226 3487 in

120 3531 278 3590 itiner.
300 3527 434 3586 mundi
456 3546 488 3606 p.
514 3529 605 3608 57.).
627 3547 703 3608 quae
722 3547 795 3589 cum
812 3527 922 3590 Graeci
936 3549 1000 3590 non
1023 3525 1225 3600 inveniffent,

125 3631 264 3690 altius
291 3645 360 3690 eos
387 3623 522 3708 posuiffe
547 3623 603 3688 iub
628 3627 868 3710 septemtrione,
908 3631 960 3691 vel
986 3631 1024 3690 ad
1048 3631 1225 3702 Tartarum,

127 3731 358 3792 Plutonioe
385 3746 525 3809 campos,
558 3727 781 3802 Acherontem,
815 3743 848 3791 et
872 3745 1002 3812 propter
1024 3729 1225 3792 Acherusram

129 3832 332 3915 paludem
348 3830 390 3890 ad
406 3828 612 3908 Tyrrhenum
628 3850 713 3892 ruere
727 3829 873 3894 reieciffe.
902 3831 1029 3916 (Strabo
1046 3843 1078 3908 5.
1095 3852 1127 3914 p.
1143 3833 1224 3912 169.

137 3933 170 3995 t.
196 3931 325 4014 244)
381 3930 482 4013 Quod
504 3929 542 3991 ab
560 3931 599 3994 iio
616 3929 765 3994 Cimbros
781 3945 869 3995 ortoe
885 3933 945 3994 effe
964 3946 1110 3994 veterum
1132 3945 1164 3994 et
1179 3953 1227 3994 re·

140 4038 367 4097 centiorum
389 4031 489 4113 aliqui
510 4045 676 4112 putarunt,
703 4034 850 4115 disquirit
870 4047 903 4096 et
922 4035 1066 4118 explodit
1084 4033 1225 4114 Bttyerut

33 4186 40 4225 2
140 4155 189 4219 p.
220 4132 463 4217 1301q.c.1.
504 4131 557 4197 Cf.
573 4134 669 4199 etiam
682 4135 722 4200 td
744 4149 777 4214 3,
797 4149 829 4214 3.
846 4133 871 4202 f.
