2892 4950
191 387 243 444 IN
270 385 407 442 POMP.
438 381 545 442 MEL.
586 382 621 442 L.
646 383 668 438 1.
711 381 857 444 GKVH.
900 383 978 456 §.n
1041 395 1107 466 499.

60 555 228 658 sacerdos,
280 577 439 620 numerum
480 552 573 616 modo
612 545 860 646 consultantium
901 571 933 619 et
972 561 1101 622 nomina

66 667 177 728 audit.-
211 675 278 724 trtm
300 661 335 720 irr
354 651 486 752 specum
512 647 683 744 degreffns,
718 657 834 750 bansta
858 649 966 746 fontis
990 663 1102 742 arenul

65 789 168 850 aqna,
204 765 335 843 ignarus
357 761 535 840 plerumque
565 757 724 818 literarum
751 771 782 819 et
810 762 1000 830 carminum.
1034 761 1101 822 edit

67 855 215 960 responsa
229 858 368 950 vorstius
383 855 561 948 compostell
602 879 679 934 uper
693 857 790 926 rebus,
816 881 897 942 quer
914 863 984 942 quis
999 873 1100 922 mento

66 967 220 1044 concepit.
274 963 365 1024 Plura
387 963 427 1023 de
450 963 510 1020 ltoc
530 960 656 1020 oraculo
679 961 820 1022 conlecta
837 961 924 1022 dabit
944 981 1004 1023 vnn
1025 964 1100 1038 Dale

67 1071 104 1130 de
129 1065 263 1128 oraculis
286 1062 353 1124 dili.
373 1081 402 1124 ι.
423 1082 455 1143 p.
476 1074 553 1138 133.
590 1059 685 1121 Clarii
710 1062 804 1121 etiam
828 1063 915 1122 lovis
937 1064 1102 1124 oraculum

67 1191 103 1232 ex
129 1169 197 1228 aliie
221 1161 317 1226 refert
337 1162 514 1224 Eullnthiue
533 1181 559 1222 c.
583 1160 605 1223 l.
656 1163 705 1222 De
729 1163 888 1224 adiectlvo
911 1165 1101 1235 notandum,

67 1271 152 1352 qnod
175 1269 209 1326 in
225 1266 333 1326 numie
349 1259 523 1348 Klnppvwv
545 1259 640 1322 etiem
657 1263 784 1346 legitur.
819 1263 862 1325 H.
882 1263 972 1336 Zilil,
995 1267 1102 1330 tenuie

66 1389 179 1455 pagus.
205 1365 387 1447 (Chandler
407 1385 439 1447 p.
462 1373 529 1446 ¹48
547 1361 608 1444 sqq.
629 1381 654 1426 c.
671 1364 711 1441 l.)

144 1569 191 1632 Μ
195 1558 334 1648 tereto)¹
377 1565 459 1626 Sata
487 1561 619 1655 Tiresia,
651 1567 778 1626 venturi
805 1557 948 1657 praescia
973 1569 1103 1642 Manto.

70 1672 169 1735 ovid.
195 1669 327 1730 Metam.
346 1667 378 1737 6.
403 1679 480 1744 ¹57·
507 1679 539 1728 et
562 1667 600 1726 lic
620 1667 672 1726 alii
693 1667 827 1728 'l'irellne
858 1669 954 1730 liliam
977 1686 1104 1734 vocant.

70 1777 173 1842 Unus,
199 1771 286 1851 quod
306 1767 407 1835 iciam.
436 1767 569 1829 Diodor.
584 1767 644 1829 Sic.
661 1778 695 1846 4,
715 1771 772 1831 66.
799 1772 832 1828 in
849 1771 957 1829 eedem
982 1771 1110 1834 historie

69 1874 231 1955 Daphnen
244 1869 380 1930 Tirelme
401 1867 497 1930 filiam
520 1869 659 1937 inducit,
686 1870 770 1950 quod
792 1889 952 1950 perperam
976 1869 1014 1930 nb
1038 1876 1108 1935 eine

71 1973 238 2037 codicibus
263 1969 379 2030 factum
405 1969 532 2030 monuit
554 1969 662 2030 Barth.
679 1969 716 2030 ad
733 1971 825 2032 Statii
847 1969 950 2031 Theb.
968 1983 1002 2050 4,
1019 1975 1105 2055 464.

71 2075 244 2137 Hillorinm
269 2071 418 2152 prolixius
440 2083 542 2130 narret
566 2067 696 2130 Penien.
714 2085 746 2142 7,
766 2084 797 2148 5.
823 2091 850 2131 ι.
903 2071 986 2132 Cum
1008 2073 1109 2134 Ther·

72 2175 185 2238 landet
217 2186 251 2234 et
283 2173 395 2254 Argivi
422 2171 451 2230 Τ
454 2171 549 2231 hebes
579 2169 743 2250 copillent‚
788 2173 871 2232 inter
902 2175 1043 2251 captivos
1069 2176 1111 2237 ad

71 2277 259 2360 Apollinem
277 2272 418 2352 Delphos
440 2271 572 2332 abducta
589 2271 632 2332 ell
648 2272 776 2340 Manto,
804 2285 962 2352 tamqnam
987 2289 1110 2354 optima

71 2379 189 2462 praeda
212 2374 352 2454 Apollini
375 2370 594 2434 consecranda.
639 2371 688 2434 cf.
712 2375 807 2434 etiam
831 2375 936 2436 Schol.
961 2375 1109 2455 Apellen.

72 2483 111 2540 ad
137 2487 270 2555 r.,308.
298 2474 480 2555 Apollodor.
502 2487 534 2552 5,
551 2487 583 2544 7·
599 2484 633 2552 4.
663 2475 797 2535 Diodor.
813 2493 840 2536 c.
856 2475 877 2536 l.
923 2475 1051 2558 Captivi
1071 2497 1112 2538 ex

72 2580 205 2640 monito
220 2577 355 2644 oraculi,
382 2587 417 2634 nt
441 2574 602 2636 coloniam
623 2589 824 2654 quaererent,
851 2577 884 2636 in
910 2577 1007 2637 Asmm
1024 2581 1115 2640 treie-

74 2693 206 2746 cernnt,
238 2691 271 2736 et
296 2677 333 2735 nl
363 2675 491 2736 Clarum
516 2675 632 2756 adpulli
663 2673 743 2738 lunt.
774 2677 922 2746 ¹Creten.
955 2681 1008 2758 qni
1037 2692 1114 2740 tunc

74 2783 201 2843 Rhncio
225 2779 304 2836 duce
329 2777 381 2836 illa
411 2777 477 2836 loca
500 2789 703 2856 occuparant,
737 2779 847 2837 armati
867 2791 1050 2848 accurrunt,
1081 2793 1114 2840 et

74 2885 115 2943 ed
135 2879 295 2942 abaciam
318 2897 373 2938 eos
393 2877 524 2938 ducunt.
577 2877 736 2958 Quicum
758 2875 798 2938 ex*
823 2877 948 2937 Mamm
969 2881 1113 2942 oratione

75 2987 239 3045 adventuo
262 2977 381 3038 ceulam
405 2976 615 3058 cognovisset,
642 2997 711 3037 eam
734 2997 866 3038 uxorem
888 2979 993 3046 duxit,
1018 2981 1116 3038 comi·
1235 2999 1243 3014 ·

74 3099 124 3146 tes
148 3082 250 3142 locine
268 3079 320 3138 libi
338 3079 491 3138 adiunxit.
527 3075 577 3138 Cf.
595 3075 722 3138 Paulam.
741 3095 773 3156 9,
794 3092 851 3156 35.
866 3079 909 3140 in.
934 3077 989 3138 ubi
1006 3079 1117 3140 endem

74 3183 198 3250 refert,
226 3179 275 3240 lect
298 3182 338 3239 de
356 3181 480 3239 oraculo
499 3178 597 3248 nllril;
623 3179 724 3238 immo
746 3181 777 3237 in
801 3179 897 3259 priori
917 3179 988 3239 loco
1005 3197 1117 3240 eornm

76 3288 227 3348 adventu
241 3281 369 3341 Clarum
387 3281 449 3339 iam
467 3277 565 3349 inille,
591 3279 708 3341 innuit.
747 3281 832 3340 Haec
847 3281 884 3339 ad
901 3281 1118 3360 explicandam

74 3380 202 3476 fugam
228 3383 399 3462 pertinent.
446 3377 556 3440 Manto
589 3392 695 3439 antem
730 3379 785 3460 ipli
813 3381 970 3463 originem
1003 3381 1120 3441 oraculi

77 3491 183 3549 etiam
201 3485 278 3544 alios
292 3479 440 3548 tribuille,
465 3480 654 3563 intelligitur
671 3500 709 3540 ex
727 3480 834 3543 Schol.
853 3481 952 3561 Apoll.
970 3500 996 3540 c.
1016 3482 1034 3540 l.
1064 3483 1119 3562 qni

76 3600 246 3672 praeterea
269 3581 391 3642 fontem
417 3579 504 3660 [upra
528 3594 673 3640 notatum
696 3601 733 3641 ex
757 3583 822 3643 eine
846 3583 990 3660 lacrymis
1013 3597 1121 3644 ortnm

78 3691 196 3750 tradit.
247 3686 298 3744 De
312 3681 429 3742 Tirelie
452 3682 538 3742 locus
559 3675 698 3742 clafficue
720 3683 813 3743 exiiet
836 3685 917 3764 apud
937 3683 1121 3764 Apollodor.

80 3805 118 3870 5.
141 3791 175 3856 6,
196 3799 228 3858 7.
263 3781 314 3846 Cf.
331 3784 426 3844 etiam
442 3769 614 3862 Spanhem.
629 3781 666 3842 ad
678 3783 801 3860 Callim.
818 3785 851 3843 in
868 3783 983 3846 Pellnd.
1003 3801 1065 3848 121
1083 3783 1123 3864 lq.

77 3889 240 3953 Barthiue
265 3887 304 3945 nd
327 3883 418 3945 statii
444 3881 548 3944 Theb.
575 3899 607 3954 2,
633 3897 689 3962 95.
716 3897 748 3944 et
770 3885 859 3951 alibi,
892 3885 1065 3945 Burnmnn.
1086 3885 1125 3946 nd

78 3991 191 4055 Ovid.
209 3987 339 4048 Metam.
363 4000 391 4058 ς,
411 3997 493 4060 322.
520 4003 599 4064 quoe
615 3985 677 4044 iem
692 3983 831 4046 laudavit
847 3984 960 4062 lleyne
977 3987 1016 4044 ad
1032 3987 1127 4066 Apol·

76 4094 194 4158 leder.
215 4107 244 4152 c.
268 4087 292 4150 l.
337 4084 560 4149 Narrationem
585 4085 626 4148 de
656 4083 772 4147 Tirefia
799 4084 895 4147 habes
919 4087 1016 4146 etiam
1041 4087 1126 4168 apud

712 4186 749 4246 li
777 4201 797 4248 e
