2892 4950
199 413 254 470 rx
284 413 420 474 conr.
449 413 559 470 ner.
602 383 871 474 orscxvn.
909 413 988 486 te.
1051 425 1113 496 497

71 589 227 654 Horatius
248 609 276 650 ι.
291 586 382 670 epist.
404 604 459 657 ιι,
476 601 510 662 7.
534 587 613 658 Seis.
640 587 754 670 inquit,
784 584 925 649 lebedos
947 611 1042 672 quom
1056 589 1111 682 stt

74 689 189 752 Gabiis
205 680 357 779 desertior
378 701 474 770 atque
490 687 621 750 Fidenis
635 691 724 750 vicis.
779 689 975 751 Numerotur
996 692 1029 752 in
1052 709 1107 756 ι9.

70 793 203 853 urbibus
224 789 383 858 Ponionii.
407 789 634 866 (Herodot.1,
657 801 735 868 142.
759 791 885 867 etalii)
909 793 1107 874 omninoque

72 894 198 962 floruit,
232 889 449 971 lolemneeque
477 895 602 974 excepit
626 905 807 952 conventue
830 905 862 952 et
882 913 987 954 annua
1009 909 1110 955 certa·

70 995 209 1056 minoio
231 991 388 1054 honorem
410 991 536 1053 Bocchi.
568 993 698 1070 (Strabo
722 1005 775 1073 ιλ.
798 1013 830 1073 p.
847 1001 933 1072 44¹2.
957 991 977 1054 i.
998 995 1104 1072 643.)

70 1097 111 1158 At
124 1077 392 1156 ordinemtnrbit
409 1093 504 1161 Melo.
527 1093 580 1173 qui
598 1093 649 1153 hic
664 1092 724 1154 est:
750 1087 907 1183 Ephesos,
929 1095 1104 1174 Colophon,

69 1194 224 1265 Lebedos,
251 1193 327 1254 Teos
351 1225 399 1240 -
425 1204 461 1252 ut
475 1195 602 1276 adparet
622 1212 660 1254 ex
681 1193 835 1256 Strabone
853 1213 880 1256 c.
896 1195 917 1256 l.
945 1209 978 1256 et
999 1195 1106 1259 Ptole·

69 1317 161 1358 mreo
179 1309 212 1372 5,
234 1310 267 1357 9.
295 1294 357 1354 teb.
375 1293 560 1378 Peotinger.
589 1293 706 1378 (ieogr.
718 1295 863 1356 Ravenn.
877 1307 908 1372 5.
922 1307 1042 1375 8.et9.
1062 1327 1107 1342 -

69 1399 127 1458 nist
146 1397 266 1458 Melam
284 1393 366 1456 forte
382 1392 620 1456 defendendum
640 1409 733 1477 pntee
752 1399 785 1456 in
804 1410 922 1458 mutate
941 1397 1106 1480 Colopho·

68 1501 119 1560 nie
138 1496 226 1566 fede,
253 1498 293 1558 de
308 1516 368 1576 qua
384 1493 475 1556 infre.
516 1496 659 1557 Aliorum
677 1509 783 1557 temen
799 1516 938 1578 eumque
959 1499 1106 1581 probabi·

68 1601 185 1662 liorem
201 1599 360 1666 ordinem.
377 1597 488 1658 relicto
505 1597 600 1666 Mela.
618 1609 706 1658 tenet
721 1600 817 1658 etiem
833 1597 969 1662 Plinius.
1005 1600 1105 1664 Lebe-

70 1703 199 1762 diorum
233 1719 305 1759 cum
333 1699 449 1758 vicinis
474 1699 514 1759 de
535 1697 741 1760 Camandodo
767 1702 832 1778 (or)
858 1702 1104 1762 controversiam

68 1805 246 1884 productus
268 1799 478 1881 Hipponactis
504 1797 610 1860 verine
632 1799 772 1862 diremit.
797 1797 905 1882 (Sext.
929 1801 1051 1882 Empir.
1076 1825 1104 1873 ι,

76 1917 130 1984 15,
147 1914 234 1980 975.
250 1913 284 1962 et
302 1896 408 1984 293.)
449 1900 540 1962 Civie
555 1895 717 1966 Lebedins.
741 1900 827 1979 qnod
844 1901 940 1962 etiam
955 1902 1106 1962 testentur

68 2006 183 2074 numi,
209 2003 264 2062 etti
291 2003 432 2062 rariores.
476 2001 519 2062 H.
541 1997 728 2061 Lebeditzi·
749 1991 879 2088 Clrisor.
905 2015 942 2062 ut
962 2003 1106 2064 adfirmat

70 2105 285 2166 Leondexiue
312 2105 346 2162 in
367 2103 495 2163 ferrarii
518 2101 635 2162 Lexico
660 2100 774 2182 Geogr.
796 2101 828 2162 h.
851 2121 884 2164 r.
933 2103 994 2164 Sed
1018 2105 1106 2184 quod

70 2205 177 2267 leribit
199 2203 359 2268 Chandler
385 2201 516 2278 (xersen
544 2203 577 2262 in
599 2201 832 2278 Klein-Alton)
861 2223 893 2284 p.
915 2211 993 2281 ¹44·
1016 2203 1105 2267 locue

68 2307 164 2391 plane
188 2301 328 2367 tlelertue
347 2303 389 2364 eo
407 2315 439 2363 et
460 2301 524 2364 fine
543 2303 670 2365 incolis.

148 2505 366 2588 Gloriian
397 2502 635 2585 Apollinis)
686 2503 816 2567 Nomen
842 2505 936 2566 traxit
958 2525 975 2566 e
1000 2505 1105 2579 Claro.

67 2609 121 2672 rel
144 2609 230 2676 luco.
258 2607 309 2667 vel
332 2603 415 2676 feno,
441 2607 494 2666 vel
515 2608 611 2667 etiam
635 2608 766 2688 oppido,
791 2607 874 2668 inter
891 2627 969 2688 quae
989 2597 1106 2674 dubins

66 2711 191 2792 pendet
215 2706 368 2768 Collatino
391 2709 423 2766 in
449 2705 565 2790 Geogr.
591 2721 654 2768 ant.
677 2721 709 2784 3.
735 2722 768 2784 3.
791 2724 851 2787 92.
902 2710 1106 2788 Antiquioree

67 2810 135 2874 lere
159 2827 261 2892 prope
283 2808 508 2888 Colophonem
533 2799 632 2882 ἄλσος
647 2805 708 2871 τοῦ
732 2803 879 2886 Κλαρίου
900 2803 1105 2884 Ἀπόλλωνος

68 2923 269 2979 memorant,
305 2923 342 2968 ut
372 2908 483 2970 Strabo
510 2921 565 2986 14.
597 2928 628 2990 p.
648 2919 734 2986 449.
756 2907 776 2971 l.
801 2907 884 2984 642.
908 2943 953 2954 —-
981 2923 1013 2970 et
1035 2913 1105 2973 eine

70 3011 155 3100 ἱερόν
177 3011 222 3070 ibi
238 3010 349 3089 Scylax
366 3030 395 3092 p.
413 3022 470 3086 58.
490 3007 588 3072 Hudi.
624 3009 769 3089 Plerique
785 3009 963 3090 ompttciter
977 3009 1104 3080 Clamo,
1177 3087 1178 3090 Ἴ

68 3113 234 3176 feminino
256 3131 388 3194 genere,
415 3111 567 3180 efferunt.
593 3124 626 3172 et
646 3107 809 3194 πολίχνην
831 3123 924 3170 vocat
946 3107 1105 3170 Nicander

68 3217 103 3276 in
123 3214 274 3274 Therioc.
296 3229 374 3272 extr.
407 3212 458 3272 vel
483 3207 578 3284 πόλιν
604 3212 790 3292 posteriores
813 3211 845 3269 in
873 3211 983 3290 primis
1008 3211 1106 3271 Scho-

67 3315 186 3382 liollee.
210 3311 263 3389 (cl.
275 3314 312 3372 ed
324 3313 472 3394 Apollon.
487 3332 514 3379 ι,
532 3316 629 3390 508.)
653 3311 706 3372 etlr
722 3314 754 3372 in
772 3312 954 3370 nemoribus
967 3308 1107 3372 recenset

68 3417 190 3478 Vibius
213 3435 243 3495 p.
261 3433 303 3474 m.
321 3426 379 3489 25.
406 3413 588 3475 Enllothiue
607 3413 645 3473 od
667 3410 799 3491 Dionys.
823 3433 854 3472 v.
871 3423 956 3490 449.
979 3403 1106 3496 νεώριον

67 3519 129 3598 τῆς
151 3510 359 3594 Κολοφῶνος
379 3515 473 3584 dicit,
506 3533 688 3594 nomenque
711 3515 791 3595 petit
815 3507 958 3575 ἀπὸτοῦ
983 3507 1106 3596 κλήρου

67 3611 145 3706 ἤτοι
163 3613 225 3679 τοῦ
247 3611 395 3698 λάχους,
421 3616 472 3676 cui
489 3615 563 3675 ellae
581 3615 656 3676 duee
669 3613 770 3675 carries
786 3615 873 3674 addit
889 3612 994 3676 Schol.
1014 3615 1036 3673 A
1043 3613 1108 3692 pol·

66 3720 153 3782 lonii
176 3737 203 3779 ο.
222 3717 243 3778 Ι.
276 3718 328 3778 vel
344 3737 360 3778 ο
378 3717 506 3784 Manto,
531 3716 668 3776 Tiresiae
690 3717 749 3777 fitia
771 3729 804 3776 et
826 3729 899 3775 nato
921 3715 966 3772 ibi
984 3713 1022 3774 ab
1039 3715 1109 3775 einr

67 3819 223 3900 lacrymis
237 3815 345 3889 lente.
372 3818 423 3879 vel
438 3837 455 3878 a
470 3815 563 3878 Claro
585 3817 691 3878 heroe.
743 3817 792 3877 Ex
810 3813 878 3876 aliie
896 3815 993 3882 addit,
1022 3811 1110 3876 lorti-

67 3927 201 3982 tionem
216 3937 232 3978 e
249 3918 443 3999 Neptunoet
454 3917 554 3978 Marte
569 3917 614 3976 ibi
625 3915 746 3978 iactam.
775 3914 825 3978 cf.
842 3929 874 3977 et
887 3916 1058 3996 Spanhem.
1069 3917 1108 3977 ad

66 4019 261 4088 Cellimoch.
283 4019 317 4078 in
341 4019 444 4100 Apoll.
462 4039 494 4080 v.
513 4033 571 4089 σο.
605 4017 733 4079 Oraculi
763 4018 858 4101 igitur
885 4015 1046 4078 celebritas
1070 4035 1110 4078 eo

66 4125 250 4188 aduexerat
265 4119 408 4190 colonoo
431 4133 468 4180 ut
482 4119 558 4181 urbe
573 4121 650 4184 inde
665 4115 849 4180 nosceretur.
886 4117 990 4203 Magis
1004 4131 1110 4180 tomen

122 4239 222 4312 Pomp·
238 4235 333 4292 Mola.
355 4237 472 4311 Eoeoget.
489 4237 567 4292 LI.
814 4220 854 4278 li
