2756 4964
210 407 441 476 rttrorrr.
471 413 580 472 arar.
621 413 700 472 nr.
745 413 836 476 cv.
878 414 956 486 cr.
1052 425 1111 492 ιη

63 585 166 652 mltis
187 591 325 672 repetit.
380 589 511 650 Similes
531 589 664 650 aliorum
685 589 982 672 promontoriorum
1007 587 1113 670 adpel-

64 689 199 752 lationer
215 711 235 750 a
260 693 376 752 vineis
390 693 509 751 ductae
529 704 561 751 et
582 691 656 750 alibi
677 705 862 760 occurrunt,
888 690 988 754 veluti
1012 683 1113 778 ἅμπε·

64 787 115 864 lee
135 785 228 879 ἄκρα
254 793 291 852 in
318 790 426 852 insula
448 793 547 853 Samo
571 793 653 872 apud
674 791 867 853 Strabonem
894 801 950 872 14.
974 811 1006 873 p.
1024 801 1111 870 488.

62 889 181 972 [657.
209 893 433 977 Agathemer.
454 907 534 970 1³4·
558 906 590 954 et
605 893 827 956 Ptolemaeum
844 903 877 970 5,
898 909 928 955 o.
944 890 966 954 f.
993 893 1028 952 in
1044 893 1114 952 Ma·

62 995 194 1054 ordonio
218 996 315 1075 apud
341 993 433 1053 hunc
449 1006 481 1070 5,
504 1006 557 1072 ι5.
571 995 615 1055 in.
648 997 680 1060 io
700 994 794 1057 Creta
814 995 899 1074 apud
921 994 1061 1054 eundern
1079 1005 1113 1074 5,

67 1109 115 1168 17.
132 1098 184 1157 in.
219 1098 255 1155 in
278 1096 464 1156 Toronaeo
483 1095 551 1154 liou
570 1095 779 1158 Macedoniae
800 1097 884 1177 apud
902 1095 1057 1157 ilerodot.
1078 1109 1111 1170 7.

65 1213 139 1258 ιω.
184 1196 289 1258 Plura
306 1197 388 1255 addi
408 1193 534 1276 poliunt
549 1215 587 1256 ex
600 1197 761 1278 Stephano
779 1195 799 1259 l.
817 1217 848 1258 v.
862 1189 1036 1284 Ἀμπελος.
1068 1199 1112 1259 At

61 1293 290 1385 ἂμτελουσὶαν
309 1315 416 1357 nemo
439 1309 563 1377 praeter
577 1297 717 1358 nostrum
734 1311 767 1358 et
782 1299 921 1358 Plinium
939 1297 991 1358 hic
1004 1301 1111 1370 novit,
1202 1333 1206 1346 ·

58 1399 160 1460 immo
181 1417 229 1458 ne
244 1399 403 1459 nominis
425 1397 555 1478 quidem
577 1399 628 1458 illa
651 1397 755 1460 forma
776 1401 808 1460 io
828 1399 955 1460 Graecis
975 1401 1113 1461 auctori·

59 1498 115 1561 bur
136 1501 341 1571 invenitur;
375 1499 591 1580 quodutique
613 1502 731 1560 mirum
751 1496 909 1562 videatur.
948 1497 998 1564 Cl.
1017 1501 1057 1560 ad
1077 1513 1110 1579 5,

61 1621 112 1662 ro.
128 1615 214 1662 extr.
242 1615 354 1662 notae
377 1601 517 1661 criticae.
570 1601 691 1661 Vitium
710 1601 897 1685 singularem
918 1602 1112 1685 magnitudi-

56 1723 128 1764 nem
142 1705 180 1764 in
196 1701 422 1766 Mauretania
437 1701 697 1765 celebratStrabo
712 1702 769 1764 lib.
783 1719 838 1779 17.
854 1723 884 1784 p.
898 1703 980 1780 568.
995 1701 1110 1782 [896.

124 1897 242 1998 Afri
271 1902 434 1985 aliter)
484 1903 595 1986 Syloen
617 1905 813 1988 appellatum
836 1903 972 1985 lulpicor
987 1903 1027 1964 ab
1047 1905 1111 1968 He·

55 2010 169 2072 todoto
188 2008 256 2068 lib.
275 2017 316 2085 4„
348 2002 442 2094 [cap.
457 1999 541 2091 45]
575 2025 784 2070 craecorum.
836 2007 936 2068 Valde
958 2021 1041 2068 errat
1061 2007 1112 2068 vir

57 2115 189 2192 quidem
218 2109 369 2178 doctus,
402 2107 456 2188 qui
472 2107 620 2168 soloenra
644 2109 696 2168 vel
719 2107 869 2189 Syloentct
887 2127 926 2168 ex
944 2107 1111 2172 Herodoto

56 2213 105 2274 lric
124 2215 252 2290 locum
275 2209 402 2269 habere
422 2222 524 2290 putat.
561 2207 653 2269 Abell
671 2210 750 2269 illud
767 2209 842 2281 hinc
860 2229 957 2290 quam
970 2204 1111 2291 longill'r·

57 2334 115 2377 me.
153 2315 231 2376 Sed
254 2310 350 2391 qnod
373 2305 585 2399 Ampelnfiam
611 2299 913 2380 Graeoi'uocaverm
940 2311 973 2371 id
996 2304 1113 2396 Kt'urnr

58 2415 123 2478 otri
143 2412 381 2495 appellarunt.
419 2409 562 2472 Cotaest
582 2411 699 2474 Plinio.
726 2404 781 2496 [5‚
799 2405 851 2496 r.]
891 2413 1110 2494 lieddaoquo·

57 2537 116 2597 qne
146 2517 201 2576 illi
245 2513 316 2573 lroc
345 2510 620 2574 vocabnlnmlib.
646 2526 703 2591 52.
729 2531 760 2576 o.
791 2509 836 2600 [l.
860 2507 915 2597 6.]
967 2533 1109 2578 votrrve.

59 2617 193 2698 Nempe
209 2616 252 2674 in
272 2613 435 2674 Herodoti
453 2613 525 2674 loco
542 2613 620 2674 olim
639 2629 714 2675 ante
729 2610 968 2697 Wellelingium
983 2615 1109 2700 legeba-

57 2730 106 2778 tur
128 2709 311 2788 Συλόεις,
342 2715 398 2794 qui
422 2715 549 2775 adiutus
567 2713 690 2776 MSStiu
712 2727 743 2776 et
766 2715 822 2777 lib.
840 2731 871 2785 o,
890 2728 947 2793 32.
970 2715 1109 2798 reposuit

57 2815 225 2897 tettae,
254 2835 322 2896 qua
338 2807 440 2875 forma
456 2815 554 2899 etiarn
570 2815 714 2876 redditur
729 2815 813 2896 apud
827 2817 989 2894 Scylacem
1005 2837 1034 2898 p.
1050 2829 1108 2896 53.
1206 2843 1210 2851 ‚

56 2920 160 2983 fluat
196 2917 409 2979 Hannonem
425 2936 457 2996 p.
469 2931 501 2978 o.
519 2915 615 2977 Hudl'.
635 2929 667 2978 et
684 2915 772 2978 alioe.
809 2917 850 2980 At
864 2935 966 2978 errare
981 2919 1109 2980 Ciacco·

57 3027 152 3082 nium
167 3031 268 3082 recte
290 3020 358 3076 iarn
373 3017 499 3078 monuit
513 3011 645 3079 Vollioe.
691 3017 876 3078 Herodotus
896 3021 981 3078 enirn
995 3029 1027 3095 4,
1046 3029 1106 3097 45.

61 3125 126 3206 post
144 3123 345 3203 [operatum
360 3106 477 3178 lretum
493 3119 527 3178 in
545 3117 635 3178 curlo
656 3119 694 3178 ad
711 3119 878 3180 meridiem
898 3121 1008 3200 ponit;
1035 3121 1109 3180 l'to·

60 3225 212 3286 lentaeue
231 3231 270 3299 4.
289 3220 325 3281 6.
347 3221 381 3279 in
397 3219 517 3298 Libyae
534 3220 692 3281 interioria
711 3219 769 3279 satu
790 3235 899 3282 contra
917 3221 1107 3281 Fortunatae

62 3324 202 3394 ursulae,
247 3339 360 3400 aquo
385 3339 452 3381 non
483 3319 625 3382 ditlentit
647 3321 778 3382 Hanno.
824 3321 865 3384 H.
893 3319 1107 3384 videturesse

63 3425 225 3487 Boiador.
280 3421 430 3482 Nollrum
447 3419 557 3482 Album
578 3423 676 3482 etiam
693 3441 710 3480 a
728 3422 833 3483 Plinio
854 3423 908 3485 lib.
929 3436 960 3501 5.
976 3425 1020 3484 io.
1044 3423 1108 3482 dici

64 3540 220 3608 putatur,
254 3523 343 3604 qnod
361 3522 525 3582 Mellariae
542 3524 576 3582 in
601 3524 697 3583 altera
717 3521 788 3583 irati
809 3537 898 3606 parte
921 3523 1105 3605 obponitor.

65 3629 283 3688 Hodiernum
311 3642 447 3692 nomen,
482 3624 515 3682 in
538 3643 601 3704 qno
627 3621 844 3695 consentiunt,
885 3624 928 3686 est
957 3622 1044 3687 cabo
1068 3623 1108 3686 tle

67 3727 215 3808 spartei.
252 3721 307 3786 Cf.
327 3724 466 3785 Clienier
482 3724 666 3786 recherches
689 3759 736 3773 -—
757 3723 807 3785 lut
822 3727 867 3786 les
884 3726 1009 3786 Mauros
1021 3729 1059 3788 Τ.
1076 3747 1104 3788 ι.

67 3849 97 3911 p.
114 3845 178 3904 72.
228 3825 382 3888 Afrorum
405 3843 483 3886 vero
512 3843 630 3886 nomen
654 3827 780 3887 videtur
802 3825 861 3887 elle
885 3821 1014 3908 titivm,
1050 3827 1105 3888 etii

67 3933 219 4012 paullum
235 3930 270 3988 in
292 3924 397 3990 forma
415 3927 565 3988 variatur.
601 3926 687 3986 Nam
704 3928 837 3988 Ptolem.
854 3937 888 4005 4,
908 3949 936 3988 ι.
952 3929 994 3987 in.
1015 3921 1107 3989 Κώτ-

68 4053 138 4118 oye,
165 4029 290 4094 Strabo
310 4043 367 4104 17.
390 4049 421 4111 p.
439 4029 521 4104 568.
541 4025 562 4090 [.
576 4040 659 4105 825.
683 4027 716 4089 ni
738 4021 874 4103 lidron,
901 4028 1106 4112 Agathemer.

71 4153 98 4206 a,
124 4145 183 4214 14.
209 4133 256 4194 in.
282 4129 368 4208 Κῶς.
418 4129 506 4192 Hinc
530 4149 607 4195 vero
636 4131 734 4194 etiam
759 4123 874 4218 Κὼτης
902 4131 987 4193 fiune
1019 4131 1105 4212 apud
