2756 4964
190 385 527 448 retroneum„
569 390 649 446 Li·
691 387 782 447 GV·
825 389 902 458 §.n
997 399 1056 446 nt

79 559 194 641 Equidem
207 564 307 642 pancio
321 575 448 624 tanturn
464 561 517 622 hic
534 558 689 624 summam
712 562 921 646 complectar,
948 561 981 624 in
999 581 1060 644 qua

24 685 25 736 q
80 675 181 722 numer
196 664 357 746 praecipue
372 661 549 726 consentire
570 663 730 728 videntur.
780 665 921 746 Antiqua
936 663 1061 726 Mante-

79 761 344 847 intemeratorum)
381 765 539 848 pertinuit
570 765 610 826 ad
643 761 859 846 Maffaesyloe.
902 767 1063 850 finemque

79 863 154 922 habuit
166 862 200 924 ab
212 865 268 926 hac
280 878 370 948 parte
386 885 514 928 amnem
528 863 691 928 Molochat
709 864 730 928 i.
744 865 944 930 Mulucham.
979 866 1066 927 Haec

24 917 26 1032 i
78 979 150 1023 turen
164 962 218 1026 rur
233 966 429 1030 nemeaea
449 966 586 1038 meent,
610 987 690 1049 quae
710 968 749 1030 ae
768 967 909 1030 euntem
926 967 1066 1028 nuvium

78 1065 204 1145 pertinuit,
225 1067 368 1146 (sanun.
390 1071 463 1152 lug.
485 1087 513 1130 c.
534 1085 590 1148 ¹9·
605 1065 629 1130 i.
656 1087 752 1150 quem
770 1065 908 1150 sequitur
927 1067 1012 1130 Mela
1029 1069 1065 1128 in

78 1167 118 1226 ire
130 1165 202 1249 cap.)
229 1182 262 1230 et
283 1169 477 1230 Numidiam
498 1169 591 1240 inde,
616 1169 673 1230 ubi
691 1167 864 1250 Maiiaeiyli
879 1189 896 1230 a
910 1168 1066 1232 Strabone
1188 1177 1191 1184 '

76 1283 207 1346 ptnuutur,
222 1272 325 1332 tenuit
342 1269 507 1354 Iugurtha.
534 1271 671 1348 (Sallust.
688 1289 715 1334 c.
731 1271 775 1347 1.)
814 1271 856 1332 At
875 1271 921 1330 itti
937 1269 1067 1332 termini

76 1370 158 1427 nunti
171 1367 235 1430 ient
248 1373 282 1432 in
299 1370 460 1432 divisione
478 1370 691 1434 Mauretaniae
705 1371 895 1456 Tingitanae
913 1385 946 1434 et
961 1369 1067 1436 Caesa·

24 1475 25 1488 ¹
74 1467 160 1531 uersu.
205 1469 331 1555 Nempe
356 1471 571 1534 Mauretaniae
588 1475 735 1555 antiquae
755 1491 843 1555 paro,
869 1491 949 1554 qnae
969 1473 1069 1536 etiam

75 1565 147 1630 iuerat
161 1569 290 1644 Bocchi,
323 1574 404 1634 inde
427 1592 444 1634 a
463 1573 596 1636 flumine
621 1571 774 1636 Mulucha
795 1574 832 1636 ari
857 1574 996 1636 Maleam
1016 1573 1070 1636 ad·

74 1665 152 1749 ieipta
169 1671 208 1732 eit
222 1673 442 1736 Mauretaniae
457 1673 660 1744 Caesariensi.
685 1694 725 1738 ex
743 1694 806 1756 quo
824 1675 1011 1738 indicantiua
1027 1672 1071 1736 eti

75 1768 135 1831 ileia
154 1787 183 1833 et
204 1776 268 1838 alii.
322 1777 375 1838 lta
397 1795 475 1838 rere
499 1789 583 1838 recte
606 1777 731 1839 l‘liniua
755 1789 927 1857 utrumqne
952 1777 1073 1837 indicat

75 1882 97 1945 5,
111 1870 210 1938 nia.
235 1875 295 1938 ubi
318 1875 443 1938 icribitt
478 1877 556 1958 Siga
578 1877 708 1940 atrertn
730 1880 795 1938 iem
817 1875 956 1962 (nempe
977 1877 1073 1958 ipiiua

73 1973 161 2057 aetate)
180 1975 413 2040 Mauretaniae
436 1977 479 2061 (i.
497 1996 526 2040 c.
550 1977 762 2050 caesariense,
785 1979 820 2039 in
838 1997 902 2059 quo
919 1975 1076 2039 consentit

75 2071 178 2139 intem
192 2087 226 2156 4,
245 2095 281 2142 o.
295 2075 378 2163 ira.)¹
400 2079 549 2163 Namque
564 2079 618 2141 din
634 2100 739 2162 regum
757 2081 888 2142 nemine
906 2075 1074 2151 obtinuere,

75 2185 99 2232 tt
125 2176 308 2258 &guanero
347 2177 560 2260 adpellere-etur
593 2183 733 2253 extimet
764 2175 807 2266 (i.
830 2200 859 2242 e.
883 2181 1014 2261 propina
1035 2179 1076 2240 ad

75 2273 224 2365 Oceanum)
249 2283 390 2364 itemque
409 2283 467 2357 (nt
480 2281 541 2342 aiio
559 2283 706 2364 exemplo
722 2283 808 2344 idem
824 2282 858 2342 in
875 2281 932 2342 hac
945 2281 1076 2366 regione

74 2374 227 2462 declararet)
246 2381 391 2451 Bocchi,
415 2401 494 2464 quoe
510 2401 594 2443 nuere
609 2373 831 2474 Genesariensts.
859 2383 872 2458 (
881 2379 918 2444 ic.
936 2403 1005 2464 para
1022 2381 1076 2451 et,

74 2493 179 2540 txuora
192 2483 243 2543 itta
262 2482 441 2553 (linitione,
467 2484 564 2564 priori
585 2488 738 2562 mutata.)
780 2483 866 2544 Hinc
885 2499 969 2545 tecte
986 2481 1080 2544 iubii·

74 2579 115 2648 cit,
134 2601 202 2662 quae
217 2585 305 2666 apud
326 2581 468 2645 noſtrum
485 2597 518 2646 et
531 2585 708 2646 Salluntum
730 2585 898 2670 leguntur,
923 2571 1107 2665 simulque·

76 2679 179 2760 tdparet,
202 2686 281 2766 qnid
299 2685 343 2746 de
358 2683 627 2768 ditputationibue
642 2686 720 2746 circa
736 2686 874 2748 fluvium
890 2685 1081 2747 Mulucham

76 2777 240 2847 intuendum
258 2785 308 2848 fit.
341 2782 393 2848 Gi.
406 2785 484 2867 post.
524 2785 638 2848 Elucet
652 2787 742 2859 item,
765 2787 988 2868 Pomponium
1003 2787 1082 2848 anti·

75 2897 142 2957 quam
159 2887 354 2948 dirifionem
369 2888 409 2947 de
424 2885 542 2949 Bocchi
559 2887 794 2972 Iugurthaeque
810 2889 915 2972 regnie
931 2887 1081 2956 retulisse,

75 2985 193 3065 neglectis
221 2987 453 3070 posterioribus
477 2989 718 3051 mutationibus.
771 2987 858 3050 Faiio
884 2991 979 3050 etiam
1006 2989 1083 3049 hinc

76 3081 143 3146 iheu
158 3108 183 3152 c.
198 3089 220 3151 l.
240 3101 355 3172 putat,
380 3088 551 3156 Claudium
565 3091 720 3152 terminos
739 3089 823 3151 inter
836 3089 955 3150 Bocchi
973 3091 1085 3172 iugum

77 3183 181 3267 ibaeque
203 3209 306 3274 regna
336 3188 480 3252 tenuiiie.
528 3191 701 3254 Terminoe
728 3203 836 3252 autem
870 3189 1084 3252 Mauretaniae

76 3281 244 3370 Pomponius
257 3309 302 3351 ex
319 3289 461 3352 instituto
478 3289 567 3352 curin
582 3291 622 3353 ad
642 3311 727 3352 mare
749 3291 912 3354 internum
929 3303 961 3352 et
980 3287 1086 3352 verine

78 3387 204 3452 orientem
225 3392 369 3463 indicat;
403 3392 443 3452 de
463 3391 519 3462 iia,
549 3410 628 3474 quoe
649 3390 761 3453 habuit
781 3391 889 3454 verine
909 3391 1086 3461 Oceanum,

78 3483 188 3567 loquitur
207 3507 240 3573 3,
263 3512 324 3554 ao.
351 3491 408 3553 nbi
423 3490 562 3576 Nigritae
578 3493 794 3574 Gaetuioeque
812 3493 999 3554 Maurorum
1014 3488 1088 3554 iacit

80 3588 240 3663 vicinoniae
260 3594 338 3665 etin
361 3593 564 3656 Ptolemaena
578 3603 613 3672 4,
634 3616 663 3656 ι.
687 3595 726 3654 ad
746 3607 904 3662 montem.
928 3594 1089 3656 Atlantem

80 3693 205 3756 maiorem
226 3683 328 3772 (duca
343 3697 431 3756 enim
447 3699 616 3774 memoret)
636 3709 827 3776 promoven
856 3693 984 3756 Oroi‘rua
1004 3716 1032 3766 a,
1052 3709 1086 3758 a.

80 3789 266 3856 altuenum
282 3808 317 3857 et
332 3795 496 3858 Oceanum
506 3796 709 3867 Atlanticum,
732 3794 790 3858 iub
800 3792 904 3858 Africo
918 3797 956 3856 ari
973 3793 1090 3878 Hespe-
1118 3807 1120 3814 ’

80 3889 143 3954 rhua
160 3910 325 3967 montem,
350 3895 522 3958 ameridie
543 3897 581 3958 ari
603 3909 714 3980 genten
735 3896 907 3967 Aulolum,
931 3913 1029 3976 neque
1051 3896 1090 3956 ad

80 3987 220 4058 Oceanum
235 3994 426 4078 Hesperium
447 3998 680 4082 contingentes.
731 3996 845 4078 Neque
861 4010 968 4060 tamen
986 3998 1020 4057 in
1037 3997 1090 4060 hie
1204 4013 1210 4022 ·

80 4107 197 4161 uenata
217 4095 437 4170 consentiunt,
462 4100 534 4181 quia
554 4095 864 4171 enuntiarentur,
887 4099 991 4183 quoad
1013 4097 1090 4162 Gne·
