2922 4958
313 395 376 476 ere
581 399 740 460 uorsa
781 401 1082 462 exacerrcsa

312 589 469 639 memorat
491 575 622 654 Dionys.
645 575 811 656 Byzantia.
829 578 868 640 de
887 577 1030 660 Bosporo
1046 579 1181 642 Thracio
1202 599 1275 666 pag.
1297 597 1356 662 ¹9⁵

238 665 241 674 ⁴
315 679 456 758 (Vol3.
480 679 596 763 Geogr.
620 678 743 758 Huds.)
795 681 845 740 De
868 681 987 742 Phrixo
1007 694 1039 741 et
1058 701 1153 743 aureo
1178 684 1297 744 vellere
1320 684 1358 744 in
1449 701 1450 708 ¹

312 781 428 864 vulgus
448 782 556 842 omnia
574 779 644 840 sunt
668 793 754 843 uota.
789 779 840 844 Cs.
866 794 972 844 tamen
998 783 1176 865 Palaephat.
1200 803 1268 866 cap.
1291 797 1359 864 31.

313 897 346 943 et
361 902 441 963 quoa
457 881 501 942 ibi
525 883 670 942 nominat
688 880 857 945 Fischerus.
898 883 1050 946 Ceterum
1068 885 1216 946 Nostrum
1234 882 1359 948 iisdem

312 1005 413 1070 psene
428 983 533 1047 verbis
548 983 685 1046 reddidit
696 983 860 1047 Boccatius
876 985 916 1048 de
931 985 1118 1049 fluminibus
1133 985 1154 1048 s.
1171 1007 1204 1049 v.
1219 982 1331 1079 ΓαῙιε.

474 1190 508 1268 ς.
541 1201 596 1267 ¹3.
648 1186 877 1270 Rhipaeis)
927 1189 998 1252 vid.
1021 1189 1179 1252 adfinem
1202 1189 1329 1274 eapitis.

389 1337 691 1422 exporrigunt)
735 1341 931 1403 Extendunt.
972 1341 1024 1404 Sic
1050 1354 1082 1420 5,
1111 1362 1140 1414 r,
1168 1361 1223 1406 ru.
1263 1341 1356 1406 Cou-

314 1442 419 1526 iungit
439 1444 554 1504 Seneca
577 1443 616 1503 de
639 1443 702 1502 vita
725 1441 814 1505 beata
836 1463 902 1525 cap.
917 1453 952 1522 4.
972 1435 1134 1530 diffirnch,
1158 1456 1191 1505 et
1215 1443 1357 1525 obponit

314 1545 429 1623 conligi
443 1557 475 1604 et
491 1545 572 1624 cogi.
601 1544 722 1606 Plinius
738 1545 770 1614 6,
786 1556 819 1622 5.
836 1547 879 1606 in.
901 1547 942 1605 ita
957 1543 1034 1604 baec
1049 1542 1221 1626 descripsit:
1249 1547 1359 1628 Sequi·

314 1656 369 1706 tur
386 1646 489 1707 Ponti
503 1649 588 1726 regio
608 1645 726 1717 Colica,
752 1647 786 1706 iu
803 1665 868 1730 qua
884 1647 959 1726 iuga
975 1641 1112 1734 Coucafi
1127 1645 1171 1706 od
1187 1645 1358 1726 Rhipaeos

315 1759 438 1808 montes
458 1759 658 1829 torquentur,
685 1747 784 1808 altero
804 1747 902 1808 latere
922 1747 954 1807 iu
969 1747 1133 1809 Euxinum
1154 1759 1186 1807 et
1201 1747 1357 1808 Maeotin

314 1845 451 1918 devexa,
477 1848 577 1908 altero
594 1849 626 1908 iu
653 1839 806 1938 Caspium
827 1861 858 1909 et
872 1847 1059 1930 Hyrcanum
1080 1868 1174 1910 more.
1214 1847 1358 1931 Reliqua

313 1947 440 2010 litorrun
463 1941 555 2036 ferae
577 1949 720 2010 uatioues
747 1961 853 2012 teuent
874 1977 924 1994 ·-
947 1949 1015 2034 (uti
1041 1948 1232 2030 quibusdam
1255 1950 1357 2012 inter·

313 2051 421 2132 posuis
446 2049 558 2113 Noller
580 2047 814 2135 progreditur.)
865 2052 914 2112 De
933 2047 1071 2113 Caucaso
1092 2063 1216 2112 tantum
1238 2063 1356 2122 narrat,

281 2153 287 2176 '
314 2154 399 2233 quod
425 2152 536 2214 Nolier
557 2151 595 2213 de
618 2151 783 2214 Cerauniis
805 2151 971 2214 montibus
994 2149 1105 2214 adfert.
1156 2150 1219 2214 Sed
1240 2163 1277 2210 ut
1298 2151 1356 2214 lric
1449 2215 1450 2236 χ

314 2253 418 2324 Mela.
445 2255 487 2330 ita
505 2252 570 2315 sere
587 2253 709 2316 Plinius
727 2255 804 2316 alios
825 2254 929 2324 addit,
955 2253 1032 2314 alios
1049 2253 1173 2314 eximit.
1226 2251 1354 2316 Locum

312 2374 392 2417 vero
407 2356 498 2416 illum
514 2355 594 2416 male
612 2356 649 2420 arl
665 2354 839 2418 Ceraunios
856 2355 944 2436 Epiri
960 2351 1106 2416 transfert
1122 2353 1224 2416 Solin.
1245 2373 1274 2416 c.
1290 2363 1354 2434 4²·

314 2453 336 2517 s.
356 2465 414 2535 38.
440 2475 503 2538 quo
519 2457 651 2518 nomine
672 2456 834 2541 calligatur
850 2475 865 2518 a
881 2455 1028 2520 Salmasro
1049 2475 1081 2538 p.
1098 2474 1143 2517 m.
1162 2455 1247 2533 562.

393 2605 613 2696 Ceraunii)
665 2607 719 2670 Gr.
745 2596 909 2694 Κεραύνια
936 2599 1011 2694 spu,
1045 2606 1098 2669 vel
1124 2607 1221 2668 etiem
1247 2605 1355 2668 subin·

314 2706 438 2768 tellecta
456 2705 621 2790 posteriori
636 2725 728 2770 voce.
770 2708 891 2770 Plinius
910 2722 943 2784 5,
962 2723 1020 2778 27.
1046 2706 1101 2768 ubi
1117 2707 1268 2770 Nollrum
1286 2706 1352 2770 sere
1448 2719 1449 2728 ’

314 2807 485 2890 exscripsrt.
512 2809 641 2892 singulis
660 2810 846 2872 nominibus
863 2809 1039 2878 recenfius.
1067 2807 1207 2870 subiicit:
1235 2811 1268 2869 io
1286 2811 1356 2870 uui-

314 2902 437 3000 versum
462 2901 539 3000 fere
575 2910 690 2972 Graece
718 2911 901 2975 Cerorrrrs'us.
949 2913 992 2972 At
1021 2909 1162 2972 desidero
1188 2923 1354 2972 auctorem

316 3011 469 3072 Graecum
492 3031 530 3072 ex
554 3011 680 3084 nollris,
715 3013 769 3096 qul
792 3013 845 3074 hic
861 3011 1034 3076 Ceraunios
1058 3024 1356 3074 commemoratae

313 3114 444 3194 quidem
463 3113 606 3182 ambitu.
639 3114 693 3174 etis
711 3117 745 3175 in
763 3114 871 3175 multis
895 3113 1079 3196 regionibus
1095 3113 1247 3176 Ceraunii
1264 3131 1358 3174 com·

314 3227 550 3283 memorantur.
585 3215 686 3275 veluti
716 3217 750 3274 in
779 3215 876 3296 Epiro
903 3217 1056 3284 maxime,
1087 3215 1128 3276 de
1153 3213 1268 3296 quibus
1296 3211 1356 3276 suo

314 3313 406 3386 loco;
439 3318 472 3375 in
493 3313 610 3394 Libyam
639 3315 742 3398 (Mela
760 3329 792 3392 3.
819 3327 950 3394 [μω.
986 3315 1120 3377 Diodor.
1146 3329 1178 3392 3,
1202 3311 1283 3396 67.)
1317 3315 1358 3376 ira

314 3415 466 3500 Phrygia,
493 3415 547 3476 ubi
562 3417 709 3498 Sipylum
727 3417 806 3478 olim
823 3419 865 3477 ite
880 3417 1000 3477 dictum
1017 3415 1076 3477 else
1094 3414 1196 3477 scribit
1211 3413 1358 3478 Pseudo.

313 3517 500 3578 Plutarchus
522 3517 562 3577 ‹le
580 3518 686 3578 fluviis
709 3515 730 3580 s.
752 3537 785 3580 v.
807 3517 987 3580 Maeander.
1038 3517 1098 3579 Sed
1124 3519 1195 3596 quis
1217 3515 1358 3578 Graeco·

313 3633 401 3689 trun,
437 3618 489 3676 vel
512 3617 774 3700 Geugrsphorum
796 3633 940 3680 veterum
966 3618 1040 3678 inde
1063 3617 1101 3678 ab
1120 3619 1182 3678 lroc
1207 3617 1291 3677 flexu
1312 3617 1356 3678 ad

315 3721 475 3801 Illripaeos
515 3737 612 3800 usque
649 3718 824 3781 Ceraunios
865 3733 1025 3800 porrectos
1063 3715 1151 3779 suilse
1191 3715 1356 3800 scripserit.

243 3839 246 3845 ·
315 3822 442 3903 ignoro.
493 3819 795 3882 Commemorsntur
822 3821 867 3879 illi
891 3821 1022 3900 quidem
1044 3821 1078 3880 in
1106 3819 1189 3887 tue,
1225 3817 1356 3892 sedita,

314 3939 348 3981 ru
367 3938 486 4001 parteru
504 3920 628 3983 Caucssr
645 3923 765 3984 montis
784 3919 936 3988 efficiant.
961 3939 1021 4002 qua
1044 3921 1097 3980 bic
1113 3921 1198 3978 iuxta
1216 3919 1357 3984 iberiam

317 4022 464 4102 Caspium
481 4041 565 4084 mare
580 4023 733 4106 adtingit,
759 4035 797 4082 ut
812 4021 924 4084 diserte
941 4042 996 4083 eos
1011 4021 1148 4104 designat
1162 4019 1275 4083 Strabo
1297 4043 1355 4086 ιι.

316 4143 349 4209 p.
367 4133 450 4202 545.
467 4121 488 4186 s.
505 4135 589 4200 5⁰¹·
612 4123 666 4184 etsi
683 4125 769 4185 idem
783 4143 814 4206 p.
830 4134 912 4204 347.
926 4120 946 4184 s.
959 4131 1042 4200 504.
1078 4120 1202 4183 Caucair
1218 4135 1354 4204 partem.
1444 4143 1445 4150 ¹

316 4225 454 4290 maxime
468 4221 757 4311 septemtrionalem
770 4225 945 4290 indictam
959 4221 1048 4288 suilse
1062 4221 1176 4297 scribit,
1200 4221 1258 4285 ubi
1273 4223 1357 4288 cim
