2756 4964
172 392 387 452 mour.
416 364 642 448 uau'ur.
686 389 789 454 um
831 390 909 460 ur.
1003 395 1062 465 ¹45

56 565 178 652 lugmtha
195 566 347 628 Numida
367 575 445 626 erat.
495 564 580 626 Cum
596 563 680 627 Mela
698 576 805 628 tamen
824 563 980 628 consentit
1000 565 1063 628 Sal·

56 669 144 731 lustina.
169 665 230 756 [cu.
246 663 307 756 ll]
353 665 516 728 Credibile
532 663 590 734 cll.
616 665 794 728 Sallulliiuu
810 679 842 728 et
857 666 978 728 Melam
993 667 1064 728 Mu·

56 771 152 832 lutiam
178 789 253 830 rum
286 766 446 850 Ampsaga
479 763 668 838 confudisse,
707 767 780 849 quia
813 765 908 828 Plini!
942 765 1063 830 saeculo

56 872 136 932 iunia
160 883 250 932 erant
276 869 423 932 notiora.
462 886 630 930 unaarum
651 868 726 932 MS.
779 869 830 928 De
855 869 906 930 hia
935 869 1065 950 quidam

54 969 119 1054 supra
133 971 313 1054 expolitum
335 969 390 1032 est.
425 968 474 1029 Ex
491 967 653 1032 Strab‘onir
668 983 700 1032 et
715 968 811 1031 Plinii
830 971 907 1032 locia
922 969 1066 1031 iudicaria

54 1073 166 1154 alprat,
194 1072 335 1133 Mauros
356 1071 572 1133 conterminos
592 1067 680 1133 suilse
704 1068 891 1150 Massaesylis
915 1070 1067 1154 Mulucha

53 1173 158 1246 divisor,
182 1173 311 1236 usauria
331 1171 520 1253 imperitasse
540 1171 721 1243 Bocchum,
749 1170 1001 1251 Masaesylorum
1019 1193 1067 1234 ra·

52 1275 154 1358 donem
183 1273 326 1336 tinuisse
356 1273 555 1356 Iugurtham.
606 1274 690 1334 Hinc
709 1273 832 1336 Plinius
854 1293 881 1336 c.
904 1273 926 1336 l.
952 1273 1067 1336 Amnis

52 1377 182 1438 llulursm
199 1375 333 1438 Bocchi
351 1365 676 1464 Maffaesysorumqm
695 1375 798 1452 (Mela
823 1393 881 1456 pro
897 1393 937 1436 eo
953 1376 1067 1455 Iugur·

50 1477 172 1560 iliaque)
185 1475 288 1570 finiit.
344 1474 437 1558 Quae
465 1477 503 1536 ad
535 1474 721 1536 Numidiam
753 1477 932 1558 pertinent,
963 1477 1065 1558 capitu

49 1579 170 1658 proximo
185 1579 411 1660 adponentur.
460 1575 578 1655 Bogud
595 1574 617 1638 s.
633 1575 778 1656 Boguder
794 1590 826 1638 et
841 1577 986 1638 Bocchus
1000 1580 1065 1642 duo

48 1693 115 1740 arant
129 1680 248 1742 diversi
272 1677 381 1760 reguli
405 1678 440 1738 in
464 1675 602 1758 partibus
623 1675 776 1748 Caesaris.
814 1679 861 1738 uti
882 1680 1008 1760 adparet
1030 1681 1066 1740 iu

48 1782 132 1861 primia
144 1801 183 1843 ex
198 1781 318 1842 Diona
335 1788 396 1858 41.
412 1786 472 1858 lia.
493 1791 573 1840 extr.
598 1779 652 1842 etsi
671 1781 703 1840 iu
719 1777 807 1842 libris
823 1778 1002 1850 miscentur,
1026 1781 1067 1842 de

46 1901 92 1962 quo
106 1881 328 1963 Oudendorp.
344 1877 383 1940 ad
399 1879 541 1940 Hirtium
555 1879 595 1942 de
611 1879 649 1944 B.
668 1877 733 1942 llsr.
750 1899 815 1962 rap.
833 1895 891 1957 25.
924 1881 1067 1942 Eoulam

46 2002 103 2046 reru
119 1985 284 2046 terminos
306 1978 411 2063 postea
430 1979 486 2041 sub
508 1979 636 2068 regibus
658 1980 810 2042 Numidia
829 1993 862 2044 et
877 1981 1068 2061 praesidibua

46 2085 186 2157 llornania,
215 2101 301 2146 cum
316 2083 351 2142 in
366 2083 550 2163 provinciae
565 2079 698 2145 sormam
714 2084 838 2144 redama
853 2081 967 2154 suisset,
994 2101 1068 2146 cou-

47 2183 142 2256 litisse,
173 2185 297 2248 multia
324 2195 470 2246 veterum
494 2184 571 2245 lucia
600 2182 730 2266 operose
756 2183 910 2246 adstruere
936 2197 1069 2245 conatur

47 2287 160 2350 ilaue.
184 2287 209 2349 l.
233 2287 341 2348 Tom.
362 2301 391 2346 ι.
413 2303 445 2366 p.
464 2285 507 2348 16
523 2283 564 2366 sq.
616 2287 666 2346 De
690 2282 738 2346 suu
760 2285 792 2344 id
814 2286 945 2366 quidem
966 2297 1068 2347 aetatu

46 2386 137 2449 diserte
160 2388 341 2449 confirmat
362 2383 463 2456 Mela,
495 2386 568 2446 uliaa
586 2399 620 2446 et
643 2387 741 2446 varias
761 2387 953 2448 mutationes
976 2385 1069 2450 lactat

45 2488 200 2569 loquuntur
218 2488 288 2553 alii.
317 2499 356 2546 ut
376 2483 463 2566 supra
478 2485 653 2567 expolitum
673 2487 726 2548 est.
757 2487 908 2550 Ceterum
925 2488 1068 2554 Bocchur

44 2603 69 2652 tt
80 2590 233 2675 iugurtha
259 2587 335 2650 satis
356 2585 430 2648 sunt
450 2591 521 2650 noti
541 2607 581 2650 ex
599 2587 745 2651 Sallustio
766 2589 800 2650 in
820 2590 944 2672 primia.

425 2887 572 2986 dtu.
624 2923 684 2988 vr.

305 3109 800 3160 NVM1D1A.

199 3301 233 3376 §.
268 3317 298 3358 r.
351 3293 574 3376 Numidia)
625 3295 671 3355 lta
696 3309 728 3356 et
749 3295 802 3358 Gr.
829 3291 1009 3383 Νουμιδία,
1036 3307 1073 3356 ut

49 3397 335 3478 iuPtolemaeoli,
362 3409 395 3474 3.
437 3396 561 3476 l'opuli.
592 3409 744 3457 monente
764 3398 859 3458 etiarn
877 3397 963 3459 Feslo
983 3397 1015 3456 h.
1039 3417 1073 3460 v.

50 3497 220 3570 ll‘amidae,·
259 3499 315 3560 Gr.
343 3487 509 3583 Νομάδες,
536 3497 620 3577 quod
644 3517 763 3558 nomen
790 3518 806 3558 a
830 3498 949 3560 Latinis
975 3501 1073 3559 etiam
1146 3497 1161 3518 ⁸

51 3595 276 3680 immutatum
291 3612 382 3686 caute
399 3611 503 3658 tamen
518 3613 550 3658 et
566 3618 603 3659 ex
619 3619 703 3660 nexu
720 3599 856 3682 intelligi
871 3599 973 3668 debet,
990 3600 1074 3682 quia,

53 3711 79 3758 ut
95 3699 214 3762 diserte
232 3713 345 3760 monet
365 3698 478 3760 Strabo
499 3720 528 3762 t.
552 3719 582 3780 p.
601 3717 657 3762 22.
674 3697 693 3761 s.
712 3713 770 3778 35.
794 3719 907 3760 omues
920 3701 1012 3761 'olim
1035 3699 1072 3761 ad

52 3797 302 3880 lepterutriuuem
326 3787 437 3881 p'opuli
462 3800 514 3860 vel
539 3800 693 3878 Scythae.
732 3801 784 3863 vel
809 3799 971 3864 Nomades
998 3801 1074 3862 dicti

53 3896 128 3970 funt.
162 3915 203 3962 et
226 3901 264 3960 fic
286 3900 390 3962 noster
413 3899 538 3982 usurpat
560 3902 599 3964 de
623 3903 747 3979 Scythis
768 3919 797 3971 a..
819 3922 848 3972 r.
863 3915 897 3982 4.
926 3917 958 3979 3.
983 3915 1015 3979 5.
1038 3911 1074 3981 4.

53 4001 201 4063 Arubium
229 4003 325 4062 etiam
361 3999 576 4062 Numidarum
607 4015 764 4064 memorat
798 4003 1014 4080 Vitruviuass.
1040 4017 1073 4081 5.

53 4101 103 4165 sur.
116 4102 242 4174 dubio.
268 4105 341 4184 quia
355 4101 512 4166 Graecum
529 4097 680 4192 Νομάδες
697 4122 755 4186 pro
771 4101 925 4167 Numidia
945 4103 1075 4187 accepit,
