2756 4964
341 394 400 466 240
606 343 766 448 aaran
805 387 1106 446 axacarrcaa

337 561 453 624 vicinia
476 562 634 624 coloniam
654 553 820 652 Ruffircler.
872 564 911 624 1η
932 563 1117 626 Ptolemaeo
1139 569 1179 642 4.
1204 563 1240 626 6.
1264 551 1358 649 llyffa

337 663 426 724 diam
446 665 707 746 promontorium
731 677 1015 735 commemoratur,
1042 661 1094 726 led
1107 664 1228 747 procul
1250 662 1325 724 hinc
1341 665 1358 726 ir

337 766 482 827 interiori
501 766 608 845 Libya.
645 765 727 826 lllud
747 765 786 827 ab
806 764 884 827 urbe
900 783 1021 832 nomen
1038 764 1119 828 tulit.
1164 765 1242 827 Vid.
1260 762 1358 830 Weffa'

335 867 414 951 ling.
431 869 469 928 ad
487 867 641 930 Antonin.
657 886 684 929 c.
699 867 720 928 1.
755 852 875 930 Urbem
890 884 1003 929 omnea
1020 883 1087 928 non
1101 866 1219 947 procul
1235 885 1253 926 a
1269 865 1358 928 Malu

335 981 516 1038 removent,
540 981 573 1030 et
592 967 719 1049 quidam
741 967 838 1030 hodie
859 979 974 1049 putant
984 965 1047 1030 elle
1060 966 1200 1038 Mela'lla,
1228 967 1278 1026 uti
1292 965 1358 1028 Che

334 1069 405 1130 nier
422 1089 452 1151 p.
472 1071 530 1147 69.
548 1089 574 1130 c.
593 1071 613 1130 l.
636 1067 656 1132 l.
675 1069 800 1138 Melela,
822 1069 874 1130 alii
886 1066 1024 1128 Arcadia
1031 1087 1044 1140 ,·
1066 1066 1233 1131 olivaria·
1245 1065 1358 1158 Astora

334 1170 406 1232 Vid.
423 1169 575 1232 Simlerua
590 1171 629 1232 ad
649 1172 769 1233 Aulon.
787 1189 814 1232 c.
829 1167 851 1232 l.
883 1167 1022 1231 Orteliua
1037 1169 1072 1230 in
1086 1165 1238 1230 thesauro
1254 1169 1358 1250 Geogr

334 1268 356 1334 1.
372 1292 404 1333 v.
421 1263 637 1359 Ryffadirurrr.
676 1271 781 1332 Hodie
799 1283 904 1331 tamen
926 1289 1046 1331 nomen
1062 1261 1224 1358 Iluffadr'r
1241 1269 1358 1330 Maurol

334 1372 407 1433 clare
427 1372 478 1452 epi
502 1372 574 1449 Cap
593 1369 656 1433 hori
676 1384 787 1434 monet
807 1371 904 1434 Shaw
920 1389 1043 1454 voyage
1058 1372 1100 1433 T.
1121 1391 1150 1433 r.
1167 1392 1202 1454 p.
1220 1387 1256 1450 9.
1283 1361 1358 1450 quod

332 1473 371 1534 ab
388 1471 518 1553 Arlyria,
542 1472 682 1534 Atlantia'
697 1473 847 1542 nomine,
873 1471 1012 1541 derivat,
1037 1483 1074 1532 ut
1089 1471 1126 1533 lit
1141 1471 1288 1555 grandia,
1311 1487 1358 1550 pol

332 1586 412 1636 terra.
455 1575 502 1634 Ex
519 1571 594 1636 lerie
614 1575 758 1636 Pliniana
770 1573 900 1636 videtur
916 1571 975 1634 ell'e
991 1572 1024 1634 h.
1041 1571 1173 1634 Mando
1190 1570 1213 1634 l'.
1231 1570 1358 1644 Melilr'a*

330 1677 379 1736 uti
399 1673 501 1735 scribit
524 1675 630 1738 Hoest.
651 1696 683 1758 p.
699 1686 759 1754 89.
808 1676 859 1738 De
880 1673 981 1758 prima
1001 1671 1116 1753 syllaba
1136 1673 1212 1734 Iius
1234 1673 1358 1753 eiusque

331 1773 480 1840 viciari
501 1779 580 1848 aa,
603 1799 633 1841 r.
1357 1785 1358 1794 ’

406 1977 534 2061 Siga)
584 1977 671 2042 Falla
696 1977 831 2042 fluvium
853 1978 913 2043 ell'e
936 1999 976 2043 ex
997 1966 1100 2044 nolito
1121 1977 1255 2044 notavit
1276 1974 1358 2037 Ortei

306 2099 309 2106 ’
329 2081 391 2144 liua
406 2081 439 2144 h.
456 2101 487 2142 v.
515 2079 569 2142 etsi
590 2081 733 2144 eiusdem
753 2084 895 2146 nominis
917 2083 1052 2144 fluvium
1067 2079 1157 2144 luille
1175 2081 1306 2162 adparet
1324 2085 1358 2138 etl

328 2183 515 2246 Ptolemaeo
539 2191 573 2260 4,
599 2201 630 2244 a.
647 2184 692 2246 ia.
744 2167 831 2244 Haec
851 2202 928 2246 vero
946 2184 1021 2264 Siga
1043 2183 1077 2242 in
1101 2183 1291 2244 Ptolemaeo
1312 2175 1358 2236 ad*

326 2285 461 2386 pellatur
484 2276 578 2356 πόλις
602 2278 758 2354 κολωνία,
783 2285 890 2346 Plinio
907 2296 941 2361 5,
962 2303 992 2347 1.
1015 2281 1037 2345 l.
1056 2299 1087 2347 a.
1119 2283 1247 2344 Solino:
1259 2300 1286 2341 c.
1303 2288 1358 2353 28⁶³

328 2382 351 2445 l.
374 2396 429 2461 25.
448 2381 470 2446 f.
490 2381 660 2463 oppidum,
690 2384 855 2446 Antonino
879 2389 912 2446 in
932 2386 1001 2446 itin.
1016 2405 1048 2466 p.
1063 2399 1117 2447 12.
1140 2381 1354 2459 marrrlcipr'ura,

326 2499 422 2567 prout
438 2497 580 2565 tempora
595 2484 736 2546 tulerunt
749 2483 948 2568 latorumque
965 2488 1069 2558 vicem
1094 2497 1245 2566 corrupte
1261 2481 1355 2559 Signa

326 2606 418 2647 mune
436 2587 469 2645 in
488 2584 604 2668 Geogr.
622 2587 767 2650 Ravenn.
785 2599 816 2666 8,
835 2599 869 2664 8.
896 2589 944 2648 uti
966 2587 1095 2668 quidem
1114 2598 1208 2669 putat
1224 2581 1354 2645 Porche·

327 2705 405 2756 ron,
439 2685 495 2746 nilr
519 2687 627 2768 potiua
648 2686 796 2770 deinceps
820 2687 863 2750 est
885 2688 957 2748 Sira
981 2687 1115 2748 colonia.
1168 2689 1209 2748 ln
1231 2683 1352 2761 Scylace

326 2809 359 2871 p.
376 2801 432 2864 51.
451 2784 549 2847 liudi.
573 2784 675 2870 Σίγον
697 2790 804 2850 rariori
819 2789 1051 2851 terminatione.
1090 2789 1141 2850 De
1157 2787 1217 2849 satu
1235 2783 1352 2848 Pliniua

326 2907 353 2950 c.
370 2889 391 2950 l.
414 2909 453 2948 ex
472 2878 604 2979 adverso
619 2887 793 2950 Malachae
808 2890 842 2950 r'rr
857 2879 1020 2980 Hispania
1030 2884 1129 2978 fitne,
1156 2901 1190 2950 et
1208 2885 1350 2948 Martian.

326 2989 452 3071 Capella
468 2989 502 3052 6.
524 3009 556 3071 p.
573 2990 655 3052 216.
679 2989 758 3069 Siga
773 2989 938 3051 Malacam
960 2987 1062 3051 urbem
1079 2979 1264 3080 Hispaniae
1284 2999 1350 3043 con·

325 3089 512 3174 templator,
551 3109 743 3170 quamquam
771 3093 878 3152 minua
901 3103 1040 3154 accurate
1063 3092 1171 3152 iudice
1194 3089 1298 3152 Shaw.
1316 3084 1349 3142 in

324 3209 465 3275 voyagea
484 3191 523 3250 T.
547 3209 574 3250 t.
595 3210 622 3253 c.
639 3205 673 3252 a.
693 3211 725 3273 p.
748 3205 807 3264 27.
831 3189 895 3271 ipse
916 3191 1061 3272 quidem,
1100 3193 1188 3272 quod
1217 3187 1346 3252 videtur·

324 3293 432 3353 minua
456 3302 632 3361 accuratus,
667 3311 741 3352 cum
765 3290 979 3352 Taelnmbreet
1000 3311 1066 3353 non
1088 3305 1179 3363 ante,
1215 3289 1264 3354 led
1286 3280 1347 3368 post

325 3391 502 3456 Mullor'ialr
522 3390 667 3460 fluvium,
691 3411 786 3474 quom
804 3391 988 3454 Mulucham
1003 3406 1102 3473 putat,
1125 3393 1178 3454 fita
1197 3393 1242 3463 fit,
1266 3379 1344 3469 quod

324 3513 384 3570 nec
410 3493 512 3562 Mela,
547 3513 606 3556 nec
630 3495 682 3556 alii
711 3495 905 3562 concedunt,
940 3495 979 3554 rle
1010 3513 1073 3574 quo
1101 3493 1191 3574 [upra
1218 3493 1341 3556 dictam.

325 3593 449 3658 Clariua
464 3595 539 3655 inde
554 3595 627 3657 sum
644 3595 839 3680 intelligitur,
864 3596 951 3676 quod
967 3614 1033 3654 non
1049 3596 1161 3676 procul
1173 3595 1275 3658 dialrta
1289 3585 1342 3649 luit

324 3715 341 3756 a
358 3694 463 3756 Malva
478 3693 630 3764 flumine,
656 3709 688 3756 et
701 3696 801 3756 Portu
816 3715 942 3779 magno,
970 3698 1127 3777 quamvis,
1150 3697 1235 3776 quod
1250 3682 1341 3754 hodio

323 3811 445 3856 nomen
462 3792 590 3864 habeat,
615 3793 780 3864 srmansrt,
804 3796 992 3880 ambigitur,
1017 3799 1065 3856 uti
1084 3817 1122 3858 ex
1146 3797 1259 3859 Ortelil
1280 3791 1341 3850 the·

321 3893 413 3962 [auro
429 3893 503 3954 disci
518 3893 630 3976 potest.
682 3895 727 3956 lta
742 3897 828 3956 enirn
843 3899 980 3959 creditur
998 3898 1031 3959 h.
1047 3897 1106 3959 elie
1127 3889 1270 3986 Tesnete.
1295 3887 1339 3948 La

326 3993 472 4057 Guardia
489 3993 549 4074 (lic
572 3993 751 4069 Olirariue)
772 3987 896 4086 Aresgol
923 4000 1038 4077 (etiam
1063 3999 1202 4059 Mariana
1227 4001 1257 4058 in
1278 3986 1338 4052 hill·

323 4091 454 4180 Hispan.
467 4109 498 4168 a,
513 4107 571 4174 23.
585 4115 618 4178 p.
630 4097 703 4175 8ο.)
723 4095 887 4161 Harduino
897 4100 937 4162 ad
947 4101 1089 4164 Plinium
1098 4119 1125 4163 c.
1141 4100 1222 4165 tet
1238 4093 1339 4163 Vela-i
