2764 4958
175 449 222 508 rrr
249 451 382 510 rous.
413 451 519 508 nur.
561 451 643 508 nr.
687 451 792 510 ont
835 451 912 522 ss.
995 445 1059 526 st,

67 615 190 702 (Diodor.
212 641 240 696 ι,
258 619 338 710 86.)
359 619 589 714 Νειλομὲτριον
603 639 736 710 putenm
753 623 841 688 fuisse
861 626 939 687 diest
956 637 990 686 et
1008 625 1063 688 de·

66 719 146 782 scribit
163 725 267 787 Strabo
287 747 315 788 c.
336 727 359 788 s.
392 727 461 809 post
486 727 641 789 obrutum
669 727 770 788 nostre
803 739 903 788 eetste
931 727 1062 788 Franco·

67 821 127 882 Grlsi
139 823 262 888 Girrrdo
283 828 363 890 duce
380 840 583 908 aperuerunt.
621 829 699 890 Eius
714 829 846 890 interior
861 847 974 888 rnurrrs
989 817 1064 890 onrst

66 943 122 1002 sque
138 923 219 986 simus
241 947 315 990 cnm
338 927 415 991 Niso
438 927 585 992 cresceret
606 943 638 990 et
661 927 866 998 decresceret,
900 927 1064 992 tnensrrrse

13 1065 15 1078 .
64 1039 134 1086 notro
146 1027 248 1090 incisos
262 1029 413 1100 sorbebat,
439 1051 517 1112 qnae
532 1029 585 1092 sric
599 1045 631 1090 et
653 1031 686 1091 sn
702 1029 887 1112 Nisoscopio
907 1029 1065 1112 Memphi·

65 1127 112 1186 tito
133 1125 304 1193 observatae
334 1132 430 1193 literis
463 1127 562 1193 missis
589 1151 646 1212 per
677 1131 771 1194 nrbes
804 1131 1066 1216 significabantur.

13 1235 14 1252 ¹
65 1225 190 1306 (Diodor.
209 1250 236 1294 o.
252 1231 297 1313 1.)
337 1233 445 1294 Hodie
462 1229 597 1294 fircceffit
613 1233 737 1294 Medias
755 1234 775 1294 i.
791 1253 819 1295 e.
841 1235 988 1294 cosrrnrna
1010 1251 1067 1314 per

64 1329 151 1409 gradus
168 1331 205 1390 sd
226 1333 371 1396 notitiem
393 1333 550 1416 publicam
568 1331 733 1414 descripta,
756 1353 834 1414 qnae
852 1334 906 1396 dat
923 1335 1067 1394 seditioso

65 1429 196 1500 toorsrrsn,
222 1435 308 1515 quod
325 1437 412 1517 putei
426 1437 479 1496 ves
494 1435 588 1496 turris
605 1432 740 1494 sornrorn
757 1435 871 1496 habere
886 1437 961 1496 dicit
977 1435 1069 1496 Meis·

62 1527 95 1590 let
110 1550 137 1610 p.
151 1533 207 1596 66.
224 1555 252 1596 o·
276 1537 297 1597 s.
321 1535 466 1618 pluribus
489 1533 698 1598 foraminibus
718 1554 878 1617 spertnnr,
911 1557 966 1619 per
989 1556 1069 1618 qnae

62 1647 120 1710 rqrra
146 1634 268 1718 ingredi
301 1633 404 1718 poffit.
456 1637 528 1700 deti
555 1638 655 1698 incidi
681 1641 804 1698 curavit
827 1638 930 1707 idern,
963 1639 1070 1720 plures

62 1730 280 1816 descripserunt,
313 1741 347 1799 in
370 1738 483 1821 quibus
504 1739 656 1800 Wonsseb
680 1735 769 1800 siesse
793 1739 872 1800 nach
902 1741 1070 1824 Aegypten

60 1849 84 1912 p.
105 1837 166 1916 164
181 1834 222 1918 sq.
251 1840 308 1916 (in
328 1839 444 1904 Paulus
462 1839 653 1924 Sumnrlung
675 1839 712 1902 P.
736 1842 789 1919 8.)
825 1841 923 1902 Lucae
945 1859 1070 1926 voyage

62 1935 121 1998 drus
140 1937 167 1998 st
184 1941 326 2022 anqnie
341 1943 381 2004 T.
407 1959 438 2005 9.
465 1963 498 2024 p.
522 1943 582 2015 67.
619 1940 767 2002 Niebuhr
785 1941 854 2004 vot.
878 1961 907 2003 ι.
932 1963 964 2024 p.
988 1955 1070 2020 194.

62 2031 170 2098 Norden
191 2061 223 2123 p.
245 2041 366 2122 109.s.
388 2044 530 2125 (optime
547 2043 620 2120 hio)
643 2045 680 2104 sd
696 2063 792 2124 quem
807 2040 848 2106 cs.
869 2063 947 2124 quse
970 2062 1073 2124 nuper

62 2139 176 2200 oensem
191 2143 283 2204 dedit
301 2143 435 2228 Lengses
456 2165 488 2228 p.
508 2157 589 2222 218.
628 2143 830 2226 Conspicitur
846 2163 945 2227 prope
961 2144 1073 2204 urbem
1112 2149 1117 2160 '

62 2231 86 2296 lt·
108 2241 194 2304 Crito
221 2259 366 2307 veterem
400 2246 434 2306 in
457 2247 597 2308 Roudda
627 2246 680 2306 ves
705 2247 835 2315 siorsda,
869 2245 934 2306 Nisi
962 2243 1070 2306 insnsrr.

64 2338 197 2410 (Sonnini
212 2346 312 2408 Turn.
331 2361 363 2408 9.
381 2367 413 2428 p.
436 2359 515 2426 153.
530 2359 563 2406 et
577 2351 684 2428 449.)
737 2350 786 2408 De
801 2349 866 2406 asiis
886 2347 1074 2408 Nisornetris

64 2437 130 2503 troo
142 2445 243 2528 usique
261 2449 422 2509 d'dnriise
442 2469 474 2530 p.
493 2463 577 2525 207.
594 2467 620 2510 c.
638 2449 659 2510 s.
698 2449 758 2510 Sed
786 2462 906 2529 praeter
930 2448 1074 2527 Nisonre·

62 2548 142 2614 tnrrrr,
173 2549 261 2608 unde
293 2547 363 2610 Nisi
387 2550 620 2610 incrementum
653 2551 828 2632 praevideri
858 2551 937 2612 adeo
965 2549 1074 2632 posset,

64 2640 264 2709 observabatur
301 2649 407 2720 locus,
443 2651 477 2712 in
509 2669 573 2732 quo
607 2649 794 2713 Crocodilus
824 2671 885 2714 ovs
919 2650 1074 2734 posuerat,

64 2746 158 2828 quippe
177 2751 259 2811 ultra
276 2769 371 2832 quern
387 2771 463 2832 aqua
479 2771 545 2814 non
565 2755 822 2834 progrederetur,
849 2755 895 2812 rrti
910 2755 1077 2842 edsirrnsnt

64 2841 230 2914 Plutarchus
254 2851 296 2912 de
314 2850 438 2914 solertia
457 2854 583 2915 animas.
610 2852 680 2914 Vol.
710 2874 764 2916 ro.
793 2875 825 2936 p.
850 2857 907 2930 86.
932 2851 1014 2935 Lips.
1042 2867 1076 2915 et

13 2943 14 3020 i
65 2940 165 3014 Plinius
186 2965 219 3032 8,
245 2967 305 3030 87.
330 2951 350 3015 s.
376 2967 434 3031 25.
488 2955 698 3016 Durationenr
720 2967 826 3016 autem
849 2957 917 3016 eins
938 2956 1076 3017 exunda·

64 3045 142 3112 tionis
160 3053 357 3136 recessusque
379 3071 452 3118 200
478 3056 591 3118 diebus
612 3057 725 3117 desinit
752 3057 936 3118 Herodotus
959 3072 991 3126 9,
1020 3073 1076 3137 19.

13 3129 14 3152 ¹
65 3147 202 3230 eliquanto
224 3156 432 3238 paucioribus
448 3157 577 3218 videtur
593 3157 705 3219 Strabo
727 3172 782 3232 17.
801 3178 833 3239 p.
852 3168 934 3239 549.
954 3155 973 3219 s.
993 3167 1077 3235 788.

13 3333 14 3336 ¹
66 3251 106 3326 qui
120 3254 193 3318 ultra
209 3268 258 3336 4ο
279 3257 348 3319 dieo
363 3277 473 3340 aquarn
490 3259 567 3320 dicit
588 3277 788 3340 permanere,
815 3275 907 3340 otqrre
923 3259 998 3319 inde
1013 3279 1079 3318 rur·

13 3405 14 3408 ,
66 3347 103 3412 sut
121 3356 308 3429 decrescere,
343 3361 385 3420 ito
407 3373 444 3420 ut
466 3361 546 3420 intra
569 3361 614 3423 60
633 3359 719 3420 issent
736 3363 839 3442 campi
859 3359 1080 3434 denuderrtur;

68 3469 165 3538 nempe
178 3477 238 3521 nec
253 3461 386 3521 initium
404 3461 486 3522 issirrs
500 3462 698 3530 mutationis,
721 3481 780 3522 nec
797 3463 904 3530 finem,
929 3461 1007 3522 dum
1023 3461 1081 3523 fibi

68 3557 194 3619 reddatur
211 3560 342 3633 fluvius,
367 3563 499 3645 propius
520 3563 683 3626 indicavit.
729 3558 876 3644 Apertius
889 3581 962 3623 cunr
981 3561 1081 3624 Hero·

69 3651 132 3717 doto
146 3661 347 3724 consentiunt
361 3661 485 3726 Psinirre
501 3683 528 3727 c.
544 3663 565 3726 l.
594 3665 742 3725 Lucanus
761 3683 815 3734 ro,
833 3676 903 3740 995
920 3661 982 3745 sqq.
1025 3665 1081 3726 Uti

68 3759 126 3818 rust
139 3761 254 3826 Seneca
266 3764 300 3825 in
314 3763 380 3850 Qu.
396 3763 508 3826 Netur.
524 3777 558 3844 4,
578 3779 609 3828 9.
632 3785 688 3846 per
707 3756 825 3856 menses
839 3775 977 3846 quatuor
994 3763 1082 3848 siqui-

71 3863 120 3929 svr,
141 3876 170 3922 et
191 3865 236 3925 r'sst'
249 3865 389 3950 uersuasis
402 3859 529 3957 oceeffro
545 3863 598 3960 efl.
638 3867 730 3949 Quot
744 3884 849 3928 antem
865 3866 1000 3926 accrevit
1019 3866 1082 3928 die·

70 3952 117 4020 bus
131 3967 261 4027 totidem
277 3969 372 4030 etiarn
387 3969 525 4038 recedit,
550 3968 599 4027 uti
616 3969 678 4028 iarn
697 3967 775 4028 otim
793 3967 918 4029 notovit
935 3965 1082 4029 Aristides

70 4055 150 4128 Tum.
168 4081 199 4129 9.
223 4087 254 4150 p.
274 4090 319 4132 m.
338 4081 421 4148 888.
464 4067 515 4132 Cf.
537 4069 633 4131 etiam
657 4069 738 4129 l’sin.
756 4089 783 4131 c.
802 4069 823 4131 s.
876 4068 1082 4131 Recentioree

71 4155 110 4222 serr
124 4169 275 4236 mensibus
291 4171 379 4233 illam
395 4169 634 4236 conversionem
650 4171 855 4242 concludunt,
880 4168 920 4232 stc
936 4183 972 4232 ut
987 4169 1082 4232 suuso
