<?xml version="1.0" encoding="UTF-8"?>
<!DOCTYPE html PUBLIC "-//W3C//DTD XHTML 1.0 Transitional//EN"
    "http://www.w3.org/TR/xhtml1/DTD/xhtml1-transitional.dtd">
<html xmlns="http://www.w3.org/1999/xhtml" xml:lang="en" lang="en">
 <head>
  <title>
</title>
<meta http-equiv="Content-Type" content="text/html;charset=utf-8" />
  <meta name='ocr-system' content='tesseract 3.04.00' />
  <meta name='ocr-capabilities' content='ocr_page ocr_carea ocr_par ocr_line ocrx_word'/>
</head>
<body>
  <div class='ocr_page' id='page_1' title='image "./pomponiimelaede06melagoog_0445.png"; bbox 0 0 2852 4946; ppageno 0'>
   <div class='ocr_carea' id='block_1_1' title="bbox 198 409 1103 490">
    <p class='ocr_par' dir='ltr' id='par_1_1' title="bbox 198 409 1103 490">
     <span class='ocr_line' id='line_1_1' title="bbox 198 409 1103 490; baseline 0.027 -26"><span class='ocrx_word' id='word_1_1' title='bbox 198 410 415 468; x_wconf 72' lang='lat' dir='ltr'><strong>retroire.</strong></span> <span class='ocrx_word' id='word_1_2' title='bbox 451 411 560 470; x_wconf 79' lang='lat' dir='ltr'><strong>arat.</strong></span> <span class='ocrx_word' id='word_1_3' title='bbox 601 409 682 467; x_wconf 69' lang='lat' dir='ltr'><strong>La</strong></span> <span class='ocrx_word' id='word_1_4' title='bbox 725 411 845 474; x_wconf 66' lang='lat' dir='ltr'><strong>ext·</strong></span> <span class='ocrx_word' id='word_1_5' title='bbox 884 411 965 482; x_wconf 67' lang='lat' dir='ltr'><strong>tr.</strong></span> <span class='ocrx_word' id='word_1_6' title='bbox 1040 421 1103 490; x_wconf 76' lang='lat'><strong>459</strong></span> 
     </span>
    </p>
   </div>
   <div class='ocr_carea' id='block_1_2' title="bbox 55 578 1105 2585">
    <p class='ocr_par' dir='ltr' id='par_1_2' title="bbox 55 578 1105 2585">
     <span class='ocr_line' id='line_1_2' title="bbox 60 578 1105 668; baseline 0.003 -22"><span class='ocrx_word' id='word_1_7' title='bbox 60 581 201 668; x_wconf 77' lang='lat' dir='ltr'><strong>eiusque</strong></span> <span class='ocrx_word' id='word_1_8' title='bbox 224 578 400 654; x_wconf 82' lang='lat' dir='ltr'><strong>fratribus,</strong></span> <span class='ocrx_word' id='word_1_9' title='bbox 435 583 588 646; x_wconf 79' lang='lat' dir='ltr'>Dracone</span> <span class='ocrx_word' id='word_1_10' title='bbox 610 596 643 644; x_wconf 89' lang='lat' dir='ltr'><strong>et</strong></span> <span class='ocrx_word' id='word_1_11' title='bbox 666 584 779 644; x_wconf 82' lang='lat' dir='ltr'><strong>Leone</strong></span> <span class='ocrx_word' id='word_1_12' title='bbox 801 579 985 666; x_wconf 74' lang='lat' dir='ltr'><strong>explicant3</strong></span> <span class='ocrx_word' id='word_1_13' title='bbox 1019 585 1105 660; x_wconf 89' lang='lat' dir='ltr'><strong>lunt,</strong></span> 
     </span>
     <span class='ocr_line' id='line_1_3' title="bbox 59 680 1103 772; baseline 0.001 -25"><span class='ocrx_word' id='word_1_14' title='bbox 59 705 180 770; x_wconf 90' lang='lat' dir='ltr'><strong>porro,</strong></span> <span class='ocrx_word' id='word_1_15' title='bbox 207 681 265 768; x_wconf 90' lang='lat' dir='ltr'><strong>qui</strong></span> <span class='ocrx_word' id='word_1_16' title='bbox 282 683 323 744; x_wconf 84' lang='lat' dir='ltr'><strong>acl</strong></span> <span class='ocrx_word' id='word_1_17' title='bbox 338 697 487 744; x_wconf 89' lang='lat' dir='ltr'><strong>montem</strong></span> <span class='ocrx_word' id='word_1_18' title='bbox 508 680 716 768; x_wconf 88' lang='lat' dir='ltr'><strong>ignivomum</strong></span> <span class='ocrx_word' id='word_1_19' title='bbox 733 699 908 760; x_wconf 74' lang='lat' dir='ltr'><strong>revocent3</strong></span> <span class='ocrx_word' id='word_1_20' title='bbox 935 685 1019 758; x_wconf 78' lang='lat' dir='ltr'><strong>lunt,</strong></span> <span class='ocrx_word' id='word_1_21' title='bbox 1047 684 1103 772; x_wconf 90' lang='lat' dir='ltr'><strong>qui</strong></span> 
     </span>
     <span class='ocr_line' id='line_1_4' title="bbox 60 781 1103 869; baseline 0.001 -21"><span class='ocrx_word' id='word_1_22' title='bbox 60 784 124 848; x_wconf 85' lang='lat' dir='ltr'><strong>alia</strong></span> <span class='ocrx_word' id='word_1_23' title='bbox 140 781 244 846; x_wconf 88' lang='lat' dir='ltr'><strong>etiam</strong></span> <span class='ocrx_word' id='word_1_24' title='bbox 261 783 421 846; x_wconf 78' lang='lat' dir='ltr'><strong>adferant.</strong></span> <span class='ocrx_word' id='word_1_25' title='bbox 456 784 520 846; x_wconf 80' lang='lat' dir='ltr'><strong>sed</strong></span> <span class='ocrx_word' id='word_1_26' title='bbox 538 805 579 846; x_wconf 90' lang='lat' dir='ltr'><strong>ne</strong></span> <span class='ocrx_word' id='word_1_27' title='bbox 596 781 672 846; x_wconf 85' lang='lat' dir='ltr'><strong>talia</strong></span> <span class='ocrx_word' id='word_1_28' title='bbox 688 781 744 846; x_wconf 93' lang='lat' dir='ltr'><strong>hic</strong></span> <span class='ocrx_word' id='word_1_29' title='bbox 757 804 878 864; x_wconf 86' lang='lat' dir='ltr'><strong>morer,</strong></span> <span class='ocrx_word' id='word_1_30' title='bbox 900 784 1103 869; x_wconf 70' lang='lat' dir='ltr'><strong>multiplices</strong></span> 
     </span>
     <span class='ocr_line' id='line_1_5' title="bbox 59 882 1104 951; baseline 0.001 -3"><span class='ocrx_word' id='word_1_31' title='bbox 59 903 238 950; x_wconf 89' lang='lat' dir='ltr'><strong>anctorum</strong></span> <span class='ocrx_word' id='word_1_32' title='bbox 255 882 431 946; x_wconf 82' lang='lat' dir='ltr'><strong>sententias</strong></span> <span class='ocrx_word' id='word_1_33' title='bbox 454 887 618 948; x_wconf 80' lang='lat' dir='ltr'><strong>conlectae</strong></span> <span class='ocrx_word' id='word_1_34' title='bbox 642 882 776 946; x_wconf 87' lang='lat' dir='ltr'><strong>exbibet</strong></span> <span class='ocrx_word' id='word_1_35' title='bbox 788 883 909 948; x_wconf 88' lang='lat' dir='ltr'><strong>Banier</strong></span> <span class='ocrx_word' id='word_1_36' title='bbox 925 885 961 949; x_wconf 90' lang='lat' dir='ltr'><strong>in</strong></span> <span class='ocrx_word' id='word_1_37' title='bbox 976 889 1104 951; x_wconf 79' lang='lat' dir='ltr'><strong>Glitter·</strong></span> 
     </span>
     <span class='ocr_line' id='line_1_6' title="bbox 58 983 1104 1073; baseline 0.004 -25"><span class='ocrx_word' id='word_1_38' title='bbox 58 989 151 1050; x_wconf 87' lang='lat' dir='ltr'><strong>lehre</strong></span> <span class='ocrx_word' id='word_1_39' title='bbox 174 987 245 1046; x_wconf 90' lang='lat' dir='ltr'><strong>Vol.</strong></span> <span class='ocrx_word' id='word_1_40' title='bbox 261 995 296 1064; x_wconf 75' lang='grc'><strong>4.</strong></span> <span class='ocrx_word' id='word_1_41' title='bbox 322 1008 354 1070; x_wconf 94' lang='lat' dir='ltr'><strong>p.</strong></span> <span class='ocrx_word' id='word_1_42' title='bbox 374 987 445 1062; x_wconf 81' lang='grc'><strong>368</strong></span> <span class='ocrx_word' id='word_1_43' title='bbox 463 987 527 1072; x_wconf 93' lang='lat' dir='ltr'><strong>qu.</strong></span> <span class='ocrx_word' id='word_1_44' title='bbox 554 1001 588 1048; x_wconf 86' lang='lat' dir='ltr'><strong>et</strong></span> <span class='ocrx_word' id='word_1_45' title='bbox 608 1005 648 1048; x_wconf 89' lang='lat' dir='ltr'><strong>ex</strong></span> <span class='ocrx_word' id='word_1_46' title='bbox 670 983 839 1048; x_wconf 76' lang='lat' dir='ltr'><strong>veteribus</strong></span> <span class='ocrx_word' id='word_1_47' title='bbox 854 984 979 1073; x_wconf 81' lang='lat' dir='ltr'><strong>aliquas</strong></span> <span class='ocrx_word' id='word_1_48' title='bbox 993 987 1104 1052; x_wconf 82' lang='lat' dir='ltr'><strong>Eusta-</strong></span> 
     </span>
     <span class='ocr_line' id='line_1_7' title="bbox 59 1083 1102 1178; baseline 0.006 -28"><span class='ocrx_word' id='word_1_49' title='bbox 59 1087 151 1150; x_wconf 80' lang='lat' dir='ltr'><strong>thius</strong></span> <span class='ocrx_word' id='word_1_50' title='bbox 171 1087 212 1148; x_wconf 80' lang='lat' dir='ltr'><strong>arl</strong></span> <span class='ocrx_word' id='word_1_51' title='bbox 232 1088 367 1148; x_wconf 85' lang='lat' dir='ltr'><strong>Homer.</strong></span> <span class='ocrx_word' id='word_1_52' title='bbox 390 1107 417 1150; x_wconf 92' lang='lat' dir='ltr'><strong>c.</strong></span> <span class='ocrx_word' id='word_1_53' title='bbox 436 1089 456 1148; x_wconf 92' lang='lat' dir='ltr'><strong>l.</strong></span> <span class='ocrx_word' id='word_1_54' title='bbox 479 1109 512 1170; x_wconf 93' lang='lat' dir='ltr'><strong>p.</strong></span> <span class='ocrx_word' id='word_1_55' title='bbox 528 1097 596 1168; x_wconf 72' lang='lat'><strong>49¹</strong></span> <span class='ocrx_word' id='word_1_56' title='bbox 618 1086 663 1172; x_wconf 89' lang='lat' dir='ltr'><strong>lq.</strong></span> <span class='ocrx_word' id='word_1_57' title='bbox 693 1083 751 1172; x_wconf 87' lang='lat' dir='ltr'><strong>qui</strong></span> <span class='ocrx_word' id='word_1_58' title='bbox 775 1085 1024 1178; x_wconf 66' lang='grc' dir='ltr'><strong><em>ἀναφυσήματα</em></strong></span> <span class='ocrx_word' id='word_1_59' title='bbox 1043 1113 1102 1156; x_wconf 78' lang='grc' dir='ltr'><strong>πυ·</strong></span> 
     </span>
     <span class='ocr_line' id='line_1_8' title="bbox 60 1183 1104 1278; baseline 0 -24"><span class='ocrx_word' id='word_1_60' title='bbox 60 1185 113 1278; x_wconf 69' lang='lat' dir='ltr'><strong>pit</strong></span> <span class='ocrx_word' id='word_1_61' title='bbox 135 1189 192 1250; x_wconf 87' lang='lat' dir='ltr'><strong>lua</strong></span> <span class='ocrx_word' id='word_1_62' title='bbox 214 1203 320 1248; x_wconf 87' lang='lat' dir='ltr'><strong>aetate</strong></span> <span class='ocrx_word' id='word_1_63' title='bbox 337 1183 386 1248; x_wconf 90' lang='lat' dir='ltr'><strong>ibi</strong></span> <span class='ocrx_word' id='word_1_64' title='bbox 410 1187 582 1272; x_wconf 85' lang='lat' dir='ltr'><strong>conspecta</strong></span> <span class='ocrx_word' id='word_1_65' title='bbox 599 1185 691 1250; x_wconf 81' lang='lat' dir='ltr'><strong>inille</strong></span> <span class='ocrx_word' id='word_1_66' title='bbox 707 1185 866 1250; x_wconf 82' lang='lat' dir='ltr'><strong>adfirmat.</strong></span> <span class='ocrx_word' id='word_1_67' title='bbox 919 1191 968 1252; x_wconf 79' lang='lat' dir='ltr'><strong>Ad</strong></span> <span class='ocrx_word' id='word_1_68' title='bbox 985 1211 1104 1254; x_wconf 85' lang='lat' dir='ltr'><strong>verum</strong></span> 
     </span>
     <span class='ocr_line' id='line_1_9' title="bbox 58 1285 1101 1375; baseline 0.004 -25"><span class='ocrx_word' id='word_1_69' title='bbox 58 1288 213 1374; x_wconf 84' lang='lat' dir='ltr'>proxime</span> <span class='ocrx_word' id='word_1_70' title='bbox 230 1287 387 1350; x_wconf 82' lang='lat' dir='ltr'><strong>accedere</strong></span> <span class='ocrx_word' id='word_1_71' title='bbox 411 1285 569 1363; x_wconf 77' lang='lat' dir='ltr'><strong>videntur</strong></span> <span class='ocrx_word' id='word_1_72' title='bbox 585 1285 627 1362; x_wconf 91' lang='lat' dir='ltr'><strong>ii,</strong></span> <span class='ocrx_word' id='word_1_73' title='bbox 659 1286 717 1374; x_wconf 90' lang='lat' dir='ltr'><strong>qui</strong></span> <span class='ocrx_word' id='word_1_74' title='bbox 735 1289 775 1350; x_wconf 78' lang='lat' dir='ltr'><strong>tle</strong></span> <span class='ocrx_word' id='word_1_75' title='bbox 798 1306 911 1352; x_wconf 88' lang='lat' dir='ltr'><strong>monte</strong></span> <span class='ocrx_word' id='word_1_76' title='bbox 929 1289 1101 1375; x_wconf 88' lang='lat' dir='ltr'><strong>ignivomo</strong></span> 
     </span>
     <span class='ocr_line' id='line_1_10' title="bbox 57 1387 1103 1478; baseline 0.004 -26"><span class='ocrx_word' id='word_1_77' title='bbox 57 1387 273 1472; x_wconf 83' lang='lat' dir='ltr'><strong>intelligunt,</strong></span> <span class='ocrx_word' id='word_1_78' title='bbox 306 1405 458 1450; x_wconf 89' lang='lat' dir='ltr'><strong>veterum</strong></span> <span class='ocrx_word' id='word_1_79' title='bbox 487 1387 603 1474; x_wconf 86' lang='lat' dir='ltr'><strong>utique</strong></span> <span class='ocrx_word' id='word_1_80' title='bbox 628 1387 810 1462; x_wconf 75' lang='lat' dir='ltr'><strong>[etmulti.</strong></span> <span class='ocrx_word' id='word_1_81' title='bbox 845 1390 1008 1478; x_wconf 76' lang='lat' dir='ltr'>aquibus</span> <span class='ocrx_word' id='word_1_82' title='bbox 1038 1413 1103 1456; x_wconf 88' lang='lat' dir='ltr'><strong>nec</strong></span> 
     </span>
     <span class='ocr_line' id='line_1_11' title="bbox 56 1488 1100 1576; baseline 0.004 -23"><span class='ocrx_word' id='word_1_83' title='bbox 56 1493 146 1554; x_wconf 83' lang='lat' dir='ltr'><strong>lllela</strong></span> <span class='ocrx_word' id='word_1_84' title='bbox 171 1488 322 1562; x_wconf 73' lang='lat' dir='ltr'><strong>dissidet,</strong></span> <span class='ocrx_word' id='word_1_85' title='bbox 349 1491 404 1552; x_wconf 84' lang='lat' dir='ltr'><strong>etsr</strong></span> <span class='ocrx_word' id='word_1_86' title='bbox 419 1511 460 1552; x_wconf 89' lang='lat' dir='ltr'><strong>ne</strong></span> <span class='ocrx_word' id='word_1_87' title='bbox 476 1488 668 1576; x_wconf 75' lang='lat' dir='ltr'><strong>sicquidem</strong></span> <span class='ocrx_word' id='word_1_88' title='bbox 688 1511 802 1554; x_wconf 83' lang='lat' dir='ltr'><strong>omnes</strong></span> <span class='ocrx_word' id='word_1_89' title='bbox 823 1509 913 1555; x_wconf 90' lang='lat' dir='ltr'><strong>certo</strong></span> <span class='ocrx_word' id='word_1_90' title='bbox 932 1493 1100 1557; x_wconf 82' lang='lat' dir='ltr'><strong>consensu.</strong></span> 
     </span>
     <span class='ocr_line' id='line_1_12' title="bbox 58 1591 1101 1677; baseline 0.002 -21"><span class='ocrx_word' id='word_1_91' title='bbox 58 1591 113 1656; x_wconf 87' lang='lat' dir='ltr'><strong>Sic</strong></span> <span class='ocrx_word' id='word_1_92' title='bbox 137 1593 259 1654; x_wconf 86' lang='lat' dir='ltr'><strong>Strabo</strong></span> <span class='ocrx_word' id='word_1_93' title='bbox 280 1605 335 1670; x_wconf 64' lang='grc' dir='ltr'><strong>ια.</strong></span> <span class='ocrx_word' id='word_1_94' title='bbox 363 1613 397 1675; x_wconf 92' lang='lat' dir='ltr'><strong>p.</strong></span> <span class='ocrx_word' id='word_1_95' title='bbox 417 1603 496 1669; x_wconf 81' lang='lat'><strong>¹58·</strong></span> <span class='ocrx_word' id='word_1_96' title='bbox 516 1591 536 1654; x_wconf 86' lang='lat' dir='ltr'><strong>l.</strong></span> <span class='ocrx_word' id='word_1_97' title='bbox 554 1593 637 1669; x_wconf 87' lang='lat'><strong>665.</strong></span> <span class='ocrx_word' id='word_1_98' title='bbox 660 1612 763 1676; x_wconf 85' lang='lat' dir='ltr'><strong>prope</strong></span> <span class='ocrx_word' id='word_1_99' title='bbox 785 1593 929 1677; x_wconf 84' lang='lat' dir='ltr'>Cragum</span> <span class='ocrx_word' id='word_1_100' title='bbox 951 1611 1101 1658; x_wconf 85' lang='lat' dir='ltr'><strong>montem</strong></span> 
     </span>
     <span class='ocr_line' id='line_1_13' title="bbox 58 1684 1102 1780; baseline 0.001 -22"><span class='ocrx_word' id='word_1_101' title='bbox 58 1711 90 1758; x_wconf 83' lang='lat' dir='ltr'><strong>et</strong></span> <span class='ocrx_word' id='word_1_102' title='bbox 113 1694 236 1755; x_wconf 87' lang='lat' dir='ltr'><strong>urbem</strong></span> <span class='ocrx_word' id='word_1_103' title='bbox 258 1684 425 1780; x_wconf 72' lang='grc' dir='ltr'>φάραγγα</span> <span class='ocrx_word' id='word_1_104' title='bbox 447 1691 539 1754; x_wconf 80' lang='lat' dir='ltr'><strong>inille</strong></span> <span class='ocrx_word' id='word_1_105' title='bbox 553 1690 654 1755; x_wconf 81' lang='lat' dir='ltr'><strong>tradit</strong></span> <span class='ocrx_word' id='word_1_106' title='bbox 678 1689 825 1760; x_wconf 74' lang='grc' dir='ltr'><strong>ἀπὸτοῦ</strong></span> <span class='ocrx_word' id='word_1_107' title='bbox 847 1691 1000 1780; x_wconf 80' lang='grc' dir='ltr'><strong>αἰγιαλοῦ</strong></span> <span class='ocrx_word' id='word_1_108' title='bbox 1024 1694 1102 1760; x_wconf 79' lang='grc' dir='ltr'><strong>ἂνα-</strong></span> 
     </span>
     <span class='ocr_line' id='line_1_14' title="bbox 55 1791 1100 1880; baseline 0 -21"><span class='ocrx_word' id='word_1_109' title='bbox 55 1795 247 1874; x_wconf 82' lang='grc' dir='ltr'>τείνουσαν,</span> <span class='ocrx_word' id='word_1_110' title='bbox 281 1807 316 1855; x_wconf 90' lang='lat' dir='ltr'><strong>et</strong></span> <span class='ocrx_word' id='word_1_111' title='bbox 340 1795 381 1857; x_wconf 82' lang='lat' dir='ltr'><strong>lac</strong></span> <span class='ocrx_word' id='word_1_112' title='bbox 402 1791 438 1856; x_wconf 92' lang='lat' dir='ltr'><strong>in</strong></span> <span class='ocrx_word' id='word_1_113' title='bbox 460 1797 535 1856; x_wconf 93' lang='lat' dir='ltr'><strong>loco</strong></span> <span class='ocrx_word' id='word_1_114' title='bbox 556 1791 718 1857; x_wconf 79' lang='lat' dir='ltr'><strong>consentit</strong></span> <span class='ocrx_word' id='word_1_115' title='bbox 737 1793 874 1880; x_wconf 78' lang='lat' dir='ltr'><strong>propina</strong></span> <span class='ocrx_word' id='word_1_116' title='bbox 896 1817 973 1859; x_wconf 87' lang='lat' dir='ltr'><strong>cum</strong></span> <span class='ocrx_word' id='word_1_117' title='bbox 988 1795 1100 1860; x_wconf 60' lang='lat' dir='ltr'><strong>Palaess</strong></span> 
     </span>
     <span class='ocr_line' id='line_1_15' title="bbox 57 1886 1099 1984; baseline 0.004 -27"><span class='ocrx_word' id='word_1_118' title='bbox 57 1897 173 1980; x_wconf 88' lang='lat' dir='ltr'><strong>phato,</strong></span> <span class='ocrx_word' id='word_1_119' title='bbox 198 1891 256 1980; x_wconf 88' lang='lat' dir='ltr'><strong>qui</strong></span> <span class='ocrx_word' id='word_1_120' title='bbox 277 1886 397 1984; x_wconf 77' lang='grc' dir='ltr'>χάσμα</span> <span class='ocrx_word' id='word_1_121' title='bbox 412 1909 575 1957; x_wconf 89' lang='lat' dir='ltr'><strong>memorat</strong></span> <span class='ocrx_word' id='word_1_122' title='bbox 587 1891 674 1956; x_wconf 88' lang='lat' dir='ltr'><strong>inter</strong></span> <span class='ocrx_word' id='word_1_123' title='bbox 689 1893 881 1958; x_wconf 88' lang='lat' dir='ltr'><strong>Telmillnm</strong></span> <span class='ocrx_word' id='word_1_124' title='bbox 898 1913 931 1960; x_wconf 87' lang='lat' dir='ltr'><strong>et</strong></span> <span class='ocrx_word' id='word_1_125' title='bbox 947 1894 1099 1961; x_wconf 88' lang='lat' dir='ltr'><strong>Chimae-</strong></span> 
     </span>
     <span class='ocr_line' id='line_1_16' title="bbox 56 1993 1098 2080; baseline 0.002 -22"><span class='ocrx_word' id='word_1_126' title='bbox 56 2017 140 2070; x_wconf 87' lang='lat' dir='ltr'><strong>ram,</strong></span> <span class='ocrx_word' id='word_1_127' title='bbox 164 2011 306 2058; x_wconf 82' lang='lat' dir='ltr'><strong>montes.</strong></span> <span class='ocrx_word' id='word_1_128' title='bbox 341 1997 393 2058; x_wconf 92' lang='lat' dir='ltr'><strong>De</strong></span> <span class='ocrx_word' id='word_1_129' title='bbox 408 1997 515 2080; x_wconf 86' lang='lat' dir='ltr'><strong>Crago</strong></span> <span class='ocrx_word' id='word_1_130' title='bbox 528 2011 562 2058; x_wconf 91' lang='lat' dir='ltr'><strong>et</strong></span> <span class='ocrx_word' id='word_1_131' title='bbox 576 1993 731 2058; x_wconf 85' lang='lat' dir='ltr'><strong>Telmillo</strong></span> <span class='ocrx_word' id='word_1_132' title='bbox 748 1993 860 2058; x_wconf 85' lang='lat' dir='ltr'><strong>scribit</strong></span> <span class='ocrx_word' id='word_1_133' title='bbox 872 1995 972 2060; x_wconf 88' lang='lat' dir='ltr'><strong>etiam</strong></span> <span class='ocrx_word' id='word_1_134' title='bbox 989 1998 1098 2060; x_wconf 86' lang='lat' dir='ltr'><strong>Eusta-</strong></span> 
     </span>
     <span class='ocr_line' id='line_1_17' title="bbox 57 2093 1099 2181; baseline 0.002 -21"><span class='ocrx_word' id='word_1_135' title='bbox 57 2096 150 2160; x_wconf 77' lang='lat' dir='ltr'><strong>thius</strong></span> <span class='ocrx_word' id='word_1_136' title='bbox 169 2117 198 2160; x_wconf 90' lang='lat' dir='ltr'><strong>c.</strong></span> <span class='ocrx_word' id='word_1_137' title='bbox 217 2099 238 2159; x_wconf 94' lang='lat' dir='ltr'><strong>l.</strong></span> <span class='ocrx_word' id='word_1_138' title='bbox 271 2093 407 2160; x_wconf 75' lang='lat' dir='ltr'><strong>Plinius.</strong></span> <span class='ocrx_word' id='word_1_139' title='bbox 423 2117 503 2159; x_wconf 85' lang='lat' dir='ltr'><strong>vero</strong></span> <span class='ocrx_word' id='word_1_140' title='bbox 525 2115 556 2178; x_wconf 88' lang='grc'><strong>9,</strong></span> <span class='ocrx_word' id='word_1_141' title='bbox 578 2119 657 2160; x_wconf 89' lang='grc' dir='ltr'><strong>ιιο.</strong></span> <span class='ocrx_word' id='word_1_142' title='bbox 676 2096 696 2158; x_wconf 87' lang='lat' dir='ltr'><strong>l.</strong></span> <span class='ocrx_word' id='word_1_143' title='bbox 718 2097 797 2160; x_wconf 78' lang='lat'><strong>106.</strong></span> <span class='ocrx_word' id='word_1_144' title='bbox 820 2095 927 2181; x_wconf 83' lang='lat' dir='ltr'><strong>ipsum</strong></span> <span class='ocrx_word' id='word_1_145' title='bbox 948 2115 1099 2162; x_wconf 85' lang='lat' dir='ltr'><strong>montem</strong></span> 
     </span>
     <span class='ocr_line' id='line_1_18' title="bbox 58 2193 1098 2288; baseline 0.001 -27"><span class='ocrx_word' id='word_1_146' title='bbox 58 2197 274 2262; x_wconf 82' lang='lat' dir='ltr'><strong>Chimaeram</strong></span> <span class='ocrx_word' id='word_1_147' title='bbox 290 2199 463 2260; x_wconf 79' lang='lat' dir='ltr'><strong>immortali</strong></span> <span class='ocrx_word' id='word_1_148' title='bbox 476 2195 585 2260; x_wconf 80' lang='lat' dir='ltr'><strong>diebus</strong></span> <span class='ocrx_word' id='word_1_149' title='bbox 598 2219 638 2260; x_wconf 82' lang='lat' dir='ltr'><strong>oc</strong></span> <span class='ocrx_word' id='word_1_150' title='bbox 652 2195 797 2260; x_wconf 80' lang='lat' dir='ltr'><strong>noctibus</strong></span> <span class='ocrx_word' id='word_1_151' title='bbox 804 2193 946 2288; x_wconf 80' lang='lat' dir='ltr'><strong>flammo</strong></span> <span class='ocrx_word' id='word_1_152' title='bbox 960 2200 1098 2284; x_wconf 87' lang='lat' dir='ltr'><strong>flagrare</strong></span> 
     </span>
     <span class='ocr_line' id='line_1_19' title="bbox 58 2290 1097 2384; baseline 0.005 -24"><span class='ocrx_word' id='word_1_153' title='bbox 58 2301 169 2370; x_wconf 82' lang='lat' dir='ltr'><strong>refert.</strong></span> <span class='ocrx_word' id='word_1_154' title='bbox 196 2313 235 2360; x_wconf 91' lang='lat' dir='ltr'><strong>ut</strong></span> <span class='ocrx_word' id='word_1_155' title='bbox 255 2311 290 2376; x_wconf 83' lang='lat'><strong>5.</strong></span> <span class='ocrx_word' id='word_1_156' title='bbox 311 2309 367 2374; x_wconf 91' lang='grc'><strong>98.</strong></span> <span class='ocrx_word' id='word_1_157' title='bbox 381 2299 402 2361; x_wconf 93' lang='lat' dir='ltr'><strong>l.</strong></span> <span class='ocrx_word' id='word_1_158' title='bbox 415 2315 472 2374; x_wconf 80' lang='grc'><strong>97.</strong></span> <span class='ocrx_word' id='word_1_159' title='bbox 488 2290 571 2360; x_wconf 66' lang='lat' dir='ltr'><strong>&#39;cum</strong></span> <span class='ocrx_word' id='word_1_160' title='bbox 593 2319 698 2384; x_wconf 89' lang='lat' dir='ltr'><strong>eoque</strong></span> <span class='ocrx_word' id='word_1_161' title='bbox 720 2295 811 2360; x_wconf 88' lang='lat' dir='ltr'><strong>idem</strong></span> <span class='ocrx_word' id='word_1_162' title='bbox 833 2299 975 2364; x_wconf 83' lang='lat' dir='ltr'><strong>llatuunt</strong></span> <span class='ocrx_word' id='word_1_163' title='bbox 992 2298 1097 2365; x_wconf 84' lang='lat' dir='ltr'><strong>Solio.</strong></span> 
     </span>
     <span class='ocr_line' id='line_1_20' title="bbox 59 2397 1097 2486; baseline 0.003 -22"><span class='ocrx_word' id='word_1_164' title='bbox 59 2422 127 2486; x_wconf 86' lang='lat' dir='ltr'><strong>cap.</strong></span> <span class='ocrx_word' id='word_1_165' title='bbox 145 2411 208 2480; x_wconf 78' lang='grc'><strong>49.</strong></span> <span class='ocrx_word' id='word_1_166' title='bbox 226 2398 248 2462; x_wconf 89' lang='lat' dir='ltr'><strong>l.</strong></span> <span class='ocrx_word' id='word_1_167' title='bbox 268 2415 325 2480; x_wconf 82' lang='lat'><strong>39.</strong></span> <span class='ocrx_word' id='word_1_168' title='bbox 350 2397 505 2462; x_wconf 90' lang='lat' dir='ltr'><strong>Martian.</strong></span> <span class='ocrx_word' id='word_1_169' title='bbox 522 2399 657 2483; x_wconf 82' lang='lat' dir='ltr'><strong>Capella</strong></span> <span class='ocrx_word' id='word_1_170' title='bbox 674 2402 707 2465; x_wconf 91' lang='lat'><strong>6.</strong></span> <span class='ocrx_word' id='word_1_171' title='bbox 730 2421 762 2484; x_wconf 92' lang='lat' dir='ltr'><strong>p.</strong></span> <span class='ocrx_word' id='word_1_172' title='bbox 781 2419 862 2465; x_wconf 86' lang='grc'><strong>990.</strong></span> <span class='ocrx_word' id='word_1_173' title='bbox 886 2399 1042 2486; x_wconf 81' lang='lat' dir='ltr'><strong>Antigon.</strong></span> <span class='ocrx_word' id='word_1_174' title='bbox 1059 2399 1097 2468; x_wconf 91' lang='lat' dir='ltr'><strong>in</strong></span> 
     </span>
     <span class='ocr_line' id='line_1_21' title="bbox 56 2497 1096 2585; baseline 0.004 -21"><span class='ocrx_word' id='word_1_175' title='bbox 56 2501 126 2564; x_wconf 84' lang='lat' dir='ltr'><strong>hill.</strong></span> <span class='ocrx_word' id='word_1_176' title='bbox 150 2498 296 2562; x_wconf 88' lang='lat' dir='ltr'><strong>mirabil.</strong></span> <span class='ocrx_word' id='word_1_177' title='bbox 320 2520 390 2584; x_wconf 90' lang='lat' dir='ltr'><strong>cap.</strong></span> <span class='ocrx_word' id='word_1_178' title='bbox 411 2511 490 2576; x_wconf 75' lang='lat'><strong>¹82·</strong></span> <span class='ocrx_word' id='word_1_179' title='bbox 525 2497 659 2563; x_wconf 77' lang='lat' dir='ltr'><strong>Servius</strong></span> <span class='ocrx_word' id='word_1_180' title='bbox 677 2501 718 2562; x_wconf 91' lang='lat' dir='ltr'><strong>ad</strong></span> <span class='ocrx_word' id='word_1_181' title='bbox 735 2497 848 2585; x_wconf 89' lang='lat' dir='ltr'><strong>Virgil.</strong></span> <span class='ocrx_word' id='word_1_182' title='bbox 865 2503 945 2566; x_wconf 85' lang='lat' dir='ltr'><strong>Aen.</strong></span> <span class='ocrx_word' id='word_1_183' title='bbox 962 2507 996 2577; x_wconf 89' lang='lat'><strong>6,</strong></span> <span class='ocrx_word' id='word_1_184' title='bbox 1015 2515 1096 2583; x_wconf 85' lang='grc'><strong>988.</strong></span> 
     </span>
    </p>
   </div>
   <div class='ocr_carea' id='block_1_3' title="bbox 56 2593 1211 2698">
    <p class='ocr_par' dir='ltr' id='par_1_3' title="bbox 56 2593 1211 2698">
     <span class='ocr_line' id='line_1_22' title="bbox 56 2593 1211 2698; baseline -0.025 -7"><span class='ocrx_word' id='word_1_185' title='bbox 56 2604 93 2666; x_wconf 76' lang='lat'><strong>1¹¹</strong></span> <span class='ocrx_word' id='word_1_186' title='bbox 114 2599 292 2666; x_wconf 67' lang='lat' dir='ltr'><strong>Phaselide</strong></span> <span class='ocrx_word' id='word_1_187' title='bbox 315 2601 358 2678; x_wconf 81' lang='lat' dir='ltr'><strong>&lt;f-</strong></span> <span class='ocrx_word' id='word_1_188' title='bbox 385 2593 586 2694; x_wconf 70' lang='lat' dir='ltr'><strong>Plasaem,</strong></span> <span class='ocrx_word' id='word_1_189' title='bbox 614 2603 669 2663; x_wconf 76' lang='lat' dir='ltr'><strong>ver</strong></span> <span class='ocrx_word' id='word_1_190' title='bbox 692 2622 768 2663; x_wconf 79' lang='lat' dir='ltr'><strong>cum</strong></span> <span class='ocrx_word' id='word_1_191' title='bbox 790 2600 885 2665; x_wconf 71' lang='lat' dir='ltr'><strong>libris</strong></span> <span class='ocrx_word' id='word_1_192' title='bbox 907 2597 1097 2698; x_wconf 63' lang='lat' dir='ltr'><strong>proserta)</strong></span> <span class='ocrx_word' id='word_1_193' title='bbox 1205 2684 1211 2697; x_wconf 62' lang='lat'><strong>.</strong></span> 
     </span>
    </p>
   </div>
   <div class='ocr_carea' id='block_1_4' title="bbox 55 2697 1099 3800">
    <p class='ocr_par' dir='ltr' id='par_1_4' title="bbox 55 2697 1099 3800">
     <span class='ocr_line' id='line_1_23' title="bbox 57 2697 1097 2790; baseline 0.002 -23"><span class='ocrx_word' id='word_1_194' title='bbox 57 2702 154 2789; x_wconf 90' lang='lat' dir='ltr'><strong>ponit</strong></span> <span class='ocrx_word' id='word_1_195' title='bbox 176 2705 290 2764; x_wconf 89' lang='lat' dir='ltr'><strong>locum</strong></span> <span class='ocrx_word' id='word_1_196' title='bbox 312 2697 442 2765; x_wconf 79' lang='lat' dir='ltr'><strong>Plinius</strong></span> <span class='ocrx_word' id='word_1_197' title='bbox 462 2699 519 2764; x_wconf 92' lang='lat' dir='ltr'><strong>lib.</strong></span> <span class='ocrx_word' id='word_1_198' title='bbox 539 2721 569 2765; x_wconf 84' lang='grc'><strong>9.</strong></span> <span class='ocrx_word' id='word_1_199' title='bbox 593 2723 670 2765; x_wconf 90' lang='lat' dir='ltr'><strong>cum</strong></span> <span class='ocrx_word' id='word_1_200' title='bbox 690 2700 875 2786; x_wconf 77' lang='lat' dir='ltr'><strong>Antigono,</strong></span> <span class='ocrx_word' id='word_1_201' title='bbox 901 2725 965 2768; x_wconf 92' lang='lat' dir='ltr'><strong>ncc</strong></span> <span class='ocrx_word' id='word_1_202' title='bbox 979 2709 1097 2790; x_wconf 89' lang='lat' dir='ltr'><strong>procul</strong></span> 
     </span>
     <span class='ocr_line' id='line_1_24' title="bbox 57 2799 1099 2891; baseline 0.001 -23"><span class='ocrx_word' id='word_1_203' title='bbox 57 2827 75 2868; x_wconf 88' lang='lat' dir='ltr'><strong>a</strong></span> <span class='ocrx_word' id='word_1_204' title='bbox 95 2801 272 2869; x_wconf 82' lang='lat' dir='ltr'><strong>Phaselide</strong></span> <span class='ocrx_word' id='word_1_205' title='bbox 293 2807 394 2866; x_wconf 89' lang='lat' dir='ltr'><strong>talem</strong></span> <span class='ocrx_word' id='word_1_206' title='bbox 415 2806 527 2865; x_wconf 90' lang='lat' dir='ltr'><strong>locum</strong></span> <span class='ocrx_word' id='word_1_207' title='bbox 549 2799 642 2865; x_wconf 85' lang='lat' dir='ltr'><strong>fuillc</strong></span> <span class='ocrx_word' id='word_1_208' title='bbox 669 2801 844 2867; x_wconf 84' lang='lat' dir='ltr'><strong>confirmat</strong></span> <span class='ocrx_word' id='word_1_209' title='bbox 865 2805 985 2869; x_wconf 81' lang='lat' dir='ltr'><strong>Ctesrac</strong></span> <span class='ocrx_word' id='word_1_210' title='bbox 1009 2807 1099 2891; x_wconf 83' lang='lat' dir='ltr'><strong>apud</strong></span> 
     </span>
     <span class='ocr_line' id='line_1_25' title="bbox 55 2901 1096 2990; baseline 0.001 -20"><span class='ocrx_word' id='word_1_211' title='bbox 55 2905 218 2970; x_wconf 88' lang='lat' dir='ltr'><strong>Photiurn</strong></span> <span class='ocrx_word' id='word_1_212' title='bbox 237 2929 269 2989; x_wconf 89' lang='lat' dir='ltr'><strong>p.</strong></span> <span class='ocrx_word' id='word_1_213' title='bbox 285 2917 364 2986; x_wconf 79' lang='lat'><strong>145.</strong></span> <span class='ocrx_word' id='word_1_214' title='bbox 416 2901 562 2969; x_wconf 89' lang='lat' dir='ltr'><strong>Omnino</strong></span> <span class='ocrx_word' id='word_1_215' title='bbox 583 2901 619 2965; x_wconf 90' lang='lat' dir='ltr'><strong>in</strong></span> <span class='ocrx_word' id='word_1_216' title='bbox 633 2901 689 2966; x_wconf 85' lang='lat' dir='ltr'><strong>illa</strong></span> <span class='ocrx_word' id='word_1_217' title='bbox 705 2903 851 2988; x_wconf 83' lang='lat' dir='ltr'><strong>regione.</strong></span> <span class='ocrx_word' id='word_1_218' title='bbox 873 2905 1096 2990; x_wconf 74' lang='lat' dir='ltr'><strong>praetermisso</strong></span> 
     </span>
     <span class='ocr_line' id='line_1_26' title="bbox 57 3002 1096 3089; baseline 0 -19"><span class='ocrx_word' id='word_1_219' title='bbox 57 3010 211 3072; x_wconf 89' lang='lat' dir='ltr'><strong>locorum</strong></span> <span class='ocrx_word' id='word_1_220' title='bbox 224 3004 372 3078; x_wconf 88' lang='lat' dir='ltr'><strong>nomine,</strong></span> <span class='ocrx_word' id='word_1_221' title='bbox 388 3027 428 3067; x_wconf 88' lang='lat' dir='ltr'><strong>ex</strong></span> <span class='ocrx_word' id='word_1_222' title='bbox 443 3021 528 3068; x_wconf 90' lang='lat' dir='ltr'><strong>terra</strong></span> <span class='ocrx_word' id='word_1_223' title='bbox 539 3002 651 3089; x_wconf 85' lang='lat' dir='ltr'><strong>ignem</strong></span> <span class='ocrx_word' id='word_1_224' title='bbox 666 3003 773 3068; x_wconf 83' lang='lat' dir='ltr'><strong>emitti</strong></span> <span class='ocrx_word' id='word_1_225' title='bbox 791 3008 1096 3082; x_wconf 81' lang='lat' dir='ltr'><strong>traduntanctoreo,</strong></span> 
     </span>
     <span class='ocr_line' id='line_1_27' title="bbox 56 3104 1097 3194; baseline 0 -22"><span class='ocrx_word' id='word_1_226' title='bbox 56 3130 204 3194; x_wconf 86' lang='lat' dir='ltr'><strong>qaorum</strong></span> <span class='ocrx_word' id='word_1_227' title='bbox 233 3104 337 3192; x_wconf 84' lang='lat' dir='ltr'><strong>aliqui</strong></span> <span class='ocrx_word' id='word_1_228' title='bbox 371 3105 472 3169; x_wconf 90' lang='lat' dir='ltr'><strong>etiarn</strong></span> <span class='ocrx_word' id='word_1_229' title='bbox 501 3104 688 3191; x_wconf 86' lang='lat' dir='ltr'><strong>proximam</strong></span> <span class='ocrx_word' id='word_1_230' title='bbox 719 3109 837 3170; x_wconf 82' lang='lat' dir='ltr'><strong>urbem</strong></span> <span class='ocrx_word' id='word_1_231' title='bbox 862 3107 1097 3191; x_wconf 81' lang='lat' dir='ltr'><strong>Hephaestiam</strong></span> 
     </span>
     <span class='ocr_line' id='line_1_28' title="bbox 56 3205 1096 3280; baseline 0.003 -10"><span class='ocrx_word' id='word_1_232' title='bbox 56 3207 135 3272; x_wconf 87' lang='lat' dir='ltr'><strong>inde</strong></span> <span class='ocrx_word' id='word_1_233' title='bbox 165 3227 292 3272; x_wconf 89' lang='lat' dir='ltr'><strong>nomen</strong></span> <span class='ocrx_word' id='word_1_234' title='bbox 325 3223 460 3270; x_wconf 87' lang='lat' dir='ltr'><strong>nactum</strong></span> <span class='ocrx_word' id='word_1_235' title='bbox 489 3205 583 3270; x_wconf 82' lang='lat' dir='ltr'><strong>fuille</strong></span> <span class='ocrx_word' id='word_1_236' title='bbox 615 3208 767 3280; x_wconf 77' lang='lat' dir='ltr'><strong>tradunt,</strong></span> <span class='ocrx_word' id='word_1_237' title='bbox 801 3205 851 3272; x_wconf 89' lang='lat' dir='ltr'><strong>uti</strong></span> <span class='ocrx_word' id='word_1_238' title='bbox 875 3206 1009 3272; x_wconf 73' lang='lat' dir='ltr'><strong>Solinus</strong></span> <span class='ocrx_word' id='word_1_239' title='bbox 1025 3229 1054 3273; x_wconf 92' lang='lat' dir='ltr'><strong>c.</strong></span> <span class='ocrx_word' id='word_1_240' title='bbox 1073 3211 1096 3273; x_wconf 91' lang='lat' dir='ltr'><strong>l.</strong></span> 
     </span>
     <span class='ocr_line' id='line_1_29' title="bbox 57 3305 1097 3398; baseline -0.002 -24"><span class='ocrx_word' id='word_1_241' title='bbox 57 3309 183 3398; x_wconf 86' lang='lat' dir='ltr'><strong>quippe</strong></span> <span class='ocrx_word' id='word_1_242' title='bbox 207 3307 245 3372; x_wconf 91' lang='lat' dir='ltr'><strong>in</strong></span> <span class='ocrx_word' id='word_1_243' title='bbox 268 3306 364 3372; x_wconf 80' lang='lat' dir='ltr'><strong>cuius</strong></span> <span class='ocrx_word' id='word_1_244' title='bbox 386 3305 510 3371; x_wconf 86' lang='lat' dir='ltr'><strong>vicinia</strong></span> <span class='ocrx_word' id='word_1_245' title='bbox 532 3305 721 3393; x_wconf 86' lang='lat' dir='ltr'><strong>Hephaestii</strong></span> <span class='ocrx_word' id='word_1_246' title='bbox 745 3325 874 3372; x_wconf 80' lang='lat' dir='ltr'><strong>montes</strong></span> <span class='ocrx_word' id='word_1_247' title='bbox 897 3307 1097 3394; x_wconf 85' lang='lat' dir='ltr'><strong>flagrabant;</strong></span> 
     </span>
     <span class='ocr_line' id='line_1_30' title="bbox 57 3409 1095 3495; baseline -0.001 -20"><span class='ocrx_word' id='word_1_248' title='bbox 57 3411 209 3490; x_wconf 75' lang='lat' dir='ltr'><strong>(Plinius</strong></span> <span class='ocrx_word' id='word_1_249' title='bbox 226 3422 260 3489; x_wconf 82' lang='lat'><strong>5.</strong></span> <span class='ocrx_word' id='word_1_250' title='bbox 287 3421 344 3487; x_wconf 91' lang='grc'><strong>98.</strong></span> <span class='ocrx_word' id='word_1_251' title='bbox 365 3410 386 3473; x_wconf 85' lang='lat' dir='ltr'><strong>l.</strong></span> <span class='ocrx_word' id='word_1_252' title='bbox 409 3427 465 3488; x_wconf 77' lang='lat'><strong>27.</strong></span> <span class='ocrx_word' id='word_1_253' title='bbox 488 3425 522 3472; x_wconf 86' lang='lat' dir='ltr'><strong>et</strong></span> <span class='ocrx_word' id='word_1_254' title='bbox 542 3429 575 3483; x_wconf 86' lang='grc'><strong>9,</strong></span> <span class='ocrx_word' id='word_1_255' title='bbox 600 3433 680 3474; x_wconf 80' lang='grc' dir='ltr'><strong>ιιο.</strong></span> <span class='ocrx_word' id='word_1_256' title='bbox 697 3409 720 3472; x_wconf 88' lang='lat' dir='ltr'><strong>l.</strong></span> <span class='ocrx_word' id='word_1_257' title='bbox 741 3412 820 3475; x_wconf 81' lang='lat'><strong>106.</strong></span> <span class='ocrx_word' id='word_1_258' title='bbox 850 3411 966 3489; x_wconf 84' lang='lat' dir='ltr'><strong>Scylax</strong></span> <span class='ocrx_word' id='word_1_259' title='bbox 985 3431 1017 3495; x_wconf 90' lang='lat' dir='ltr'><strong>p.</strong></span> <span class='ocrx_word' id='word_1_260' title='bbox 1036 3425 1095 3491; x_wconf 81' lang='lat'><strong>39.</strong></span> 
     </span>
     <span class='ocr_line' id='line_1_31' title="bbox 56 3507 1097 3595; baseline -0.002 -19"><span class='ocrx_word' id='word_1_261' title='bbox 56 3515 182 3592; x_wconf 87' lang='lat' dir='ltr'><strong>Hudl.)</strong></span> <span class='ocrx_word' id='word_1_262' title='bbox 217 3513 272 3574; x_wconf 88' lang='lat' dir='ltr'><strong>ctli</strong></span> <span class='ocrx_word' id='word_1_263' title='bbox 298 3511 340 3574; x_wconf 83' lang='lat' dir='ltr'><strong>tle</strong></span> <span class='ocrx_word' id='word_1_264' title='bbox 374 3509 571 3595; x_wconf 82' lang='lat' dir='ltr'><strong>Hephaestio</strong></span> <span class='ocrx_word' id='word_1_265' title='bbox 605 3507 741 3595; x_wconf 84' lang='lat' dir='ltr'><strong>regione</strong></span> <span class='ocrx_word' id='word_1_266' title='bbox 768 3509 804 3574; x_wconf 90' lang='lat' dir='ltr'><strong>id</strong></span> <span class='ocrx_word' id='word_1_267' title='bbox 834 3527 945 3574; x_wconf 86' lang='lat' dir='ltr'><strong>narrat</strong></span> <span class='ocrx_word' id='word_1_268' title='bbox 971 3512 1097 3574; x_wconf 88' lang='lat' dir='ltr'><strong>Seneca</strong></span> 
     </span>
     <span class='ocr_line' id='line_1_32' title="bbox 57 3603 1096 3704; baseline -0.005 -26"><span class='ocrx_word' id='word_1_269' title='bbox 57 3614 147 3700; x_wconf 79' lang='lat' dir='ltr'><strong>epist.</strong></span> <span class='ocrx_word' id='word_1_270' title='bbox 165 3629 226 3693; x_wconf 84' lang='lat'><strong>79.</strong></span> <span class='ocrx_word' id='word_1_271' title='bbox 268 3609 324 3676; x_wconf 90' lang='lat' dir='ltr'><strong>Sic</strong></span> <span class='ocrx_word' id='word_1_272' title='bbox 343 3631 447 3698; x_wconf 87' lang='lat' dir='ltr'><strong>prope</strong></span> <span class='ocrx_word' id='word_1_273' title='bbox 462 3611 566 3690; x_wconf 85' lang='lat' dir='ltr'><strong>Myra.</strong></span> <span class='ocrx_word' id='word_1_274' title='bbox 587 3613 714 3683; x_wconf 88' lang='lat' dir='ltr'><strong>urbem,</strong></span> <span class='ocrx_word' id='word_1_275' title='bbox 736 3611 802 3701; x_wconf 81' lang='grc' dir='ltr'><strong>πῦρ</strong></span> <span class='ocrx_word' id='word_1_276' title='bbox 826 3603 1017 3704; x_wconf 75' lang='grc' dir='ltr'>αὐτόματον</span> <span class='ocrx_word' id='word_1_277' title='bbox 1041 3610 1096 3674; x_wconf 88' lang='lat' dir='ltr'><strong>edi</strong></span> 
     </span>
     <span class='ocr_line' id='line_1_33' title="bbox 56 3709 1096 3800; baseline -0.001 -22"><span class='ocrx_word' id='word_1_278' title='bbox 56 3717 159 3781; x_wconf 86' lang='lat' dir='ltr'><strong>refert</strong></span> <span class='ocrx_word' id='word_1_279' title='bbox 174 3715 313 3777; x_wconf 80' lang='lat' dir='ltr'><strong>Malalae</strong></span> <span class='ocrx_word' id='word_1_280' title='bbox 328 3709 365 3775; x_wconf 94' lang='lat' dir='ltr'><strong>in</strong></span> <span class='ocrx_word' id='word_1_281' title='bbox 380 3715 554 3797; x_wconf 86' lang='lat' dir='ltr'><strong>chronogr.</strong></span> <span class='ocrx_word' id='word_1_282' title='bbox 570 3709 628 3776; x_wconf 90' lang='lat' dir='ltr'><strong>lib.</strong></span> <span class='ocrx_word' id='word_1_283' title='bbox 644 3722 697 3792; x_wconf 74' lang='lat'><strong>¹4·</strong></span> <span class='ocrx_word' id='word_1_284' title='bbox 711 3733 743 3796; x_wconf 88' lang='lat' dir='ltr'><strong>p.</strong></span> <span class='ocrx_word' id='word_1_285' title='bbox 760 3727 816 3794; x_wconf 84' lang='grc'><strong>95.</strong></span> <span class='ocrx_word' id='word_1_286' title='bbox 831 3717 912 3778; x_wconf 91' lang='lat' dir='ltr'><strong>Ven.</strong></span> <span class='ocrx_word' id='word_1_287' title='bbox 931 3729 1096 3800; x_wconf 86' lang='lat' dir='ltr'><strong>vocatque</strong></span> 
     </span>
    </p>
   </div>
   <div class='ocr_carea' id='block_1_5' title="bbox 56 3811 353 3910">
    <p class='ocr_par' dir='ltr' id='par_1_5' title="bbox 56 3811 353 3910">
     <span class='ocr_line' id='line_1_34' title="bbox 56 3811 353 3910; baseline -0.017 -26"><span class='ocrx_word' id='word_1_288' title='bbox 56 3813 234 3910; x_wconf 74' lang='grc' dir='ltr'><strong>μυστήριον</strong></span> <span class='ocrx_word' id='word_1_289' title='bbox 256 3811 353 3882; x_wconf 66' lang='grc' dir='ltr'><strong>θεοῦ.</strong></span> 
     </span>
    </p>
   </div>
   <div class='ocr_carea' id='block_1_6' title="bbox 58 4010 1097 4207">
    <p class='ocr_par' dir='ltr' id='par_1_6' title="bbox 58 4010 1097 4207">
     <span class='ocr_line' id='line_1_35' title="bbox 132 4010 1097 4100; baseline -0.002 -17"><span class='ocrx_word' id='word_1_290' title='bbox 132 4017 257 4084; x_wconf 72' lang='lat' dir='ltr'><strong>sidae</strong></span> <span class='ocrx_word' id='word_1_291' title='bbox 289 4014 442 4100; x_wconf 80' lang='lat' dir='ltr'><strong>portat)</strong></span> <span class='ocrx_word' id='word_1_292' title='bbox 498 4019 549 4079; x_wconf 91' lang='lat' dir='ltr'><strong>De</strong></span> <span class='ocrx_word' id='word_1_293' title='bbox 574 4010 674 4078; x_wconf 79' lang='lat' dir='ltr'><strong>huius</strong></span> <span class='ocrx_word' id='word_1_294' title='bbox 699 4011 989 4081; x_wconf 82' lang='lat' dir='ltr'><strong>looi&#39;·diifrcultate</strong></span> <span class='ocrx_word' id='word_1_295' title='bbox 1016 4013 1097 4082; x_wconf 89' lang='lat' dir='ltr'><strong>inde</strong></span> 
     </span>
     <span class='ocr_line' id='line_1_36' title="bbox 58 4113 1096 4207; baseline -0.004 -19"><span class='ocrx_word' id='word_1_296' title='bbox 58 4119 210 4196; x_wconf 84' lang='lat' dir='ltr'><strong>obiecta,</strong></span> <span class='ocrx_word' id='word_1_297' title='bbox 250 4119 344 4207; x_wconf 83' lang='lat' dir='ltr'><strong>qood</strong></span> <span class='ocrx_word' id='word_1_298' title='bbox 375 4117 514 4188; x_wconf 75' lang='lat' dir='ltr'><strong>lacubus</strong></span> <span class='ocrx_word' id='word_1_299' title='bbox 544 4117 642 4182; x_wconf 87' lang='lat' dir='ltr'><strong>valde</strong></span> <span class='ocrx_word' id='word_1_300' title='bbox 671 4113 792 4183; x_wconf 81' lang='lat' dir='ltr'><strong>diclrtit</strong></span> <span class='ocrx_word' id='word_1_301' title='bbox 823 4119 967 4184; x_wconf 85' lang='lat' dir='ltr'><strong>eundem</strong></span> <span class='ocrx_word' id='word_1_302' title='bbox 993 4122 1096 4184; x_wconf 82' lang='lat' dir='ltr'><strong>sanum</strong></span> 
     </span>
    </p>
   </div>
   <div class='ocr_carea' id='block_1_7' title="bbox 0 0 1430 4946">
    <p class='ocr_par' dir='ltr' id='par_1_7' title="bbox 0 0 1430 4946">
     <span class='ocr_line' id='line_1_37' title="bbox 0 0 1430 4946; baseline 0 1"><span class='ocrx_word' id='word_1_303' title='bbox 0 0 1430 4946; x_wconf 95' lang='lat' dir='ltr'><strong> </strong></span> 
     </span>
    </p>
   </div>
  </div>
 </body>
</html>
