2764 4958
265 383 268 390 ·
332 369 394 440 :nr
600 362 762 425 norun
802 363 1104 422 uxuonrrcnn

317 554 625 606 rememoratur.
664 535 736 600 Vid.
759 533 879 600 Norisri
902 535 1037 602 censura
1058 533 1094 598 in
1110 550 1204 600 notar
1218 535 1352 604 Gamerii

339 644 381 706 ad
395 640 509 704 inscrr.
524 637 647 726 epistol.
664 639 807 719 synodal.
822 661 854 723 p.
876 650 980 718 ¹¹45·
1004 639 1066 716 (T.
1082 653 1115 714 3.
1130 639 1213 724 opp.
1228 637 1352 717 Norisri)

238 767 244 776 ·
340 760 373 807 et
394 739 505 806 Caroli
529 763 547 804 a
570 743 602 805 S.
622 743 726 803 Paulo
749 741 867 823 Geogr.
888 737 974 802 sacra
998 741 1109 822 p.'96.
1160 741 1352 821 Municipium

340 843 432 908 addit
445 840 601 908 Antonin.
619 865 651 926 p.
665 863 710 902 m.
728 855 787 920 59.
825 843 941 902 Plures
956 837 1049 902 fuisse
1070 841 1204 924 adparet
1219 863 1256 902 ex
1270 845 1352 904 Anto

338 944 439 1018 nino,
467 945 556 1006 etde
574 965 687 1006 earum
703 943 761 1004 situ
781 957 952 1026 exponunt
967 938 1126 1004 Simlerus
1143 957 1176 1004 et
1189 939 1352 1024 wesseling.

339 1069 372 1132 p.
391 1063 449 1122 97.
472 1061 506 1108 et
523 1048 581 1123 65.
621 1046 726 1107 Shaw
749 1045 789 1104 T.
812 1067 840 1104 1.
863 1065 895 1126 p.
920 1055 1016 1120 250.¹
1034 1039 1174 1105 coniicit
1193 1041 1288 1106 hodie
1306 1043 1352 1104 ellt

340 1139 571 1240 Malta-'refu
609 1166 749 1230 parvum
779 1163 919 1228 pagum,
960 1139 996 1205 in
1027 1162 1094 1229 quo
1126 1141 1352 1230 conspiciuntur

339 1267 477 1332 magnae
499 1245 584 1310 arcio
609 1247 739 1308 rudera.
862 1263 864 1269 ’

421 1450 483 1514 Tlr
498 1473 514 1511 r
527 1471 548 1512 n
564 1471 586 1512 a
599 1473 615 1512 e
624 1448 643 1532 )
692 1445 787 1510 Varie
813 1444 976 1511 scribitur.
1025 1449 1141 1512 Strabo
1162 1465 1217 1526 17.
1238 1471 1269 1532 p.
1287 1457 1352 1527 574

341 1553 363 1616 l.
380 1562 464 1630 834.
487 1549 611 1632 Finito,
637 1566 713 1613 ante
733 1573 765 1634 p.
785 1561 870 1628 579.
886 1549 907 1611 f.
925 1561 1009 1626 831.
1033 1548 1134 1632 Θὲνα,
1166 1551 1352 1612 Ptolemnent

340 1663 376 1734 4,
393 1669 425 1730 3.
448 1651 594 1732 iliorum,
620 1652 826 1735 Agathemer.
842 1675 872 1722 1,
888 1663 920 1728 5.
940 1647 1038 1737 Θῆνη.
1074 1653 1123 1712 Ex
1143 1648 1269 1713 Latinis
1285 1647 1352 1710 Plin

341 1767 376 1833 5,
395 1770 427 1831 3.
443 1753 463 1815 s.
480 1764 515 1834 4.
537 1755 667 1822 ΤΙιιηαο,
693 1749 742 1813 uti
762 1747 937 1837 aliquoties
954 1749 990 1812 in
1007 1749 1181 1814 itinerario
1198 1747 1352 1814 Antonini

339 1854 394 1918 sed
409 1852 641 1938 ignoranttab.
658 1850 845 1936 Peutinger.
862 1867 894 1914 et
911 1853 1029 1935 Geogr.
1045 1855 1232 1915 Ravennae.
1265 1852 1352 1913 Incot

342 1957 559 2018 Thamitanus
577 1953 613 2016 in
634 1951 766 2018 Gruteri
789 1953 868 2014 thel.
886 1977 918 2037 p.
937 1955 1021 2030 363.
1047 1969 1080 2016 et
1098 1951 1187 2016 inter
1209 1951 1352 2038 episcopo

338 2049 508 2149 Pascafius
534 2057 722 2118 Tlrenitatus
752 2070 956 2116 memoratur
976 2051 1012 2115 in
1035 2052 1154 2118 notitia
1177 2085 1227 2102 -
1249 2051 1352 2117 Africo

338 2180 372 2242 p.
392 2161 475 2234 963.
497 2154 533 2219 in
548 2153 718 2220 Sirmondi
739 2157 824 2238 Opp.
843 2157 882 2217 T.
904 2179 932 2217 1.
960 2169 1032 2216 turn
1048 2157 1214 2219 correilinm
1234 2156 1352 2216 Thtnitt

342 2280 409 2322 nrm
431 2256 467 2319 in
484 2255 641 2320 Ferrnndi
655 2253 827 2319 Breviorio
851 2274 977 2319 conone
996 2273 1053 2336 79.
1092 2257 1261 2321 Coloniam
1281 2273 1352 2316 voco

340 2355 513 2442 inscriptio
539 2358 627 2441 apud
658 2356 837 2419 Gruterum
870 2372 904 2418 et
934 2355 1095 2419 Antonini
1121 2355 1235 2420 itiner.
1262 2380 1292 2440 p.
1317 2367 1352 2432 59

339 2461 368 2522 A
384 2456 582 2541 Carthagine
601 2456 738 2519 distabat
755 2459 833 2518 urbs
856 2469 939 2536 215.
956 2459 1002 2519 M.
1026 2459 1062 2520 P.
1085 2479 1102 2520 a
1122 2453 1352 2522 Macomatlibu

341 2571 400 2636 98.
425 2561 478 2621 sita
494 2559 638 2621 edmero
652 2556 744 2620 iuxta
759 2554 895 2620 initium
910 2555 1050 2620 minoris
1065 2558 1182 2638 Syrtis.
1211 2559 1352 2638 (Strabo.

338 2657 461 2731 Hodie,
484 2675 523 2722 ut
539 2659 648 2724 censet
661 2660 765 2725 Shaw
786 2661 826 2722 T.
848 2683 876 2723 t.
898 2682 929 2744 p.
948 2669 1032 2740 949.
1054 2661 1203 2724 Tltar'rree.

416 2861 647 2944 Neapolis)
695 2863 816 2945 Magna
838 2857 895 2924 hic
912 2859 1044 2923 struitur
1064 2859 1248 2926 difficultas
1265 2883 1303 2924 ex
1319 2871 1352 2922 nt

340 2957 433 3025 mine
450 2977 483 3025 et
501 2967 569 3026 srtu.
607 2964 735 3046 Nempe
757 2963 842 3023 duae
865 2981 1169 3026 commemorantur
1191 2963 1228 3042 in
1252 2965 1311 3024 hac
1327 2975 1352 3022 rt

340 3060 441 3148 gione
475 3066 573 3125 urbes
607 3061 821 3146 cognomines
859 3065 919 3126 srtu
958 3061 1122 3137 diversae,
1158 3067 1297 3145 (Strabo
1323 3073 1352 3134 rt

340 3184 373 3249 p.
393 3165 513 3242 573.s.
533 3174 607 3242 834
622 3165 666 3249 sq.
693 3166 832 3226 Ptolem.
850 3173 885 3244 4,
904 3179 937 3241 3.
955 3170 1025 3244 -)
1055 3187 1139 3250 quae
1164 3164 1264 3230 tacite
1290 3177 1352 3227 com

340 3263 472 3328 misceri
488 3265 632 3349 poliunt,
657 3280 690 3326 et
706 3261 893 3328 commistae
910 3262 1010 3328 etiam
1023 3264 1184 3330 videntur
1202 3289 1220 3330 a
1237 3259 1352 3330 Cellari

339 3363 377 3428 in
395 3368 514 3450 Geogr.
537 3381 603 3428 ant.
617 3376 653 3444 4,
672 3381 705 3443 3,
725 3383 757 3442 7.
809 3365 967 3449 Neapolis
984 3364 1076 3430 enim
1097 3380 1352 3432 commemoratu

340 3464 427 3530 inter
441 3463 682 3530 Hadrumetum
696 3483 729 3530 et
744 3467 916 3550 Clupeam,
939 3469 1029 3530 unde
1047 3467 1206 3534 traiectus
1224 3485 1292 3532 erat
1306 3469 1352 3526 brt

339 3565 486 3630 vissrmns
509 3585 531 3632 9
553 3566 682 3630 dierum
705 3566 856 3630 etunius
884 3567 992 3631 noctis
1019 3567 1056 3632 in
1081 3567 1237 3634 Siciliam
1267 3567 1352 3648 (Thu

342 3666 450 3746 cydid.
475 3685 508 3744 7,
532 3683 590 3748 5⁰·
611 3666 682 3748 in.)
713 3667 891 3730 stadiorum
918 3691 1022 3734 rroo.
1057 3669 1242 3748 (Antonini
1267 3667 1352 3734 itiner

340 3789 372 3852 p.
394 3775 498 3850 493.)
548 3772 656 3832 Altera
677 3771 787 3831 versus
805 3766 927 3850 Syrtim
941 3768 1121 3846 maiorem,
1148 3793 1238 3858 qnae
1253 3788 1287 3834 et
1304 3759 1352 3830 Trl

340 3867 426 3952 polit
444 3886 478 3931 et
492 3869 605 3954 Leptis
620 3891 739 3955 magna
754 3887 893 3934 vocatur
915 3869 951 3932 in
970 3869 1064 3934 libris
1077 3871 1263 3936 Ptolemaei
1283 3883 1317 3951 4,
1340 3877 1352 3946 3

339 3971 391 4032 De
410 3967 514 4054 priori
533 3969 670 4034 nomine
692 3971 733 4034 cf.
757 3969 857 4034 etiarn
872 3969 975 4036 Solin.
999 3994 1028 4037 c.
1044 3989 1101 4052 3ο.
1119 3975 1140 4038 s.
1161 3991 1224 4051 97.
1263 3971 1352 4036 Nostr

339 4069 408 4156 post
429 4071 544 4154 tepeo
567 4073 681 4137 altera.
730 4073 821 4138 Male
844 4073 1003 4158 Neapolis
1025 4095 1149 4140 nomen
1176 4077 1222 4141 art
1244 4069 1352 4161 Leptin
