2764 4954
163 391 374 454 rurour.
404 392 511 450 Mur„
553 393 631 450 ur.
672 391 778 450 uur.
820 391 900 462 ιγ.
986 399 1047 472 ⁸97

39 577 159 647 urgeret,
183 586 250 630 non
272 565 430 628 dubitavit
451 561 592 628 secedere
614 565 648 626 in
672 564 861 628 huiuamodi
881 563 1051 648 publicum

39 665 137 727 locum.
169 687 194 730 r.
211 687 407 732 uuouorrve
426 666 504 730 MS.
556 665 658 728 Multa
679 666 767 728 debit
783 665 990 730 casaubonus
1011 667 1052 728 ed

38 767 265 850 Theophrastum
282 776 481 852 cep.14,2.
532 767 620 828 Τιιιιι
646 769 684 830 ed
711 768 940 830 inlustrandum
965 767 1052 830 huuc

39 867 125 930 locum
141 870 223 933 valet
238 872 282 942 id,
304 870 391 952 quod
405 869 576 932 adnuente
590 869 623 933 b.
639 869 794 942 Geirlero,
816 883 919 931 narrat
938 868 1052 932 Heliel·

37 970 100 1046 quill
111 969 198 1033 lleile
212 973 294 1034 nach
308 971 477 1034 Palaestine
493 991 524 1054 p.
540 983 625 1050 597.
664 973 827 1034 Damiatee
850 973 883 1032 in
905 971 1052 1054 Aegypto

37 1069 139 1134 lminer
155 1073 189 1134 in
204 1075 311 1136 culina
325 1075 476 1136 inveniri.
513 1073 663 1135 Publicae
679 1074 776 1136 etlam
791 1073 922 1134 nuncin
939 1073 1052 1155 ampliu

37 1185 60 1229 ιι
76 1174 198 1254 ropiolie
219 1173 354 1239 urbibue
375 1175 565 1257 quibusdam
586 1163 735 1260 Europae
764 1173 973 1246 adhibentur,
1016 1186 1066 1250 ut¹

36 1271 202 1364 Hemburgi.

175 1481 206 1558 ς.
236 1494 270 1558 7.
316 1477 534 1542 multorum
560 1477 832 1560 animalium)
882 1477 1052 1564 Quidquid

35 1578 99 1654 apul
112 1578 291 1665 Aegyption
305 1581 385 1642 boni
401 1578 534 1663 speciem
552 1601 625 1664 prae
642 1580 670 1644 le
690 1581 772 1652 tulit,
800 1583 832 1642 id
847 1580 1052 1644 divinitatem

36 1676 172 1754 obtinuit;
199 1679 283 1770 [pro
306 1682 483 1744 direrfitete
503 1683 633 1764 quidem
654 1685 843 1767 regionum,
877 1683 912 1743 in
935 1681 1053 1764 quibus

36 1775 81 1838 luc
93 1783 241 1845 aut‘illud
259 1784 428 1846 videbatur
446 1783 547 1868 magis
563 1785 653 1848 utile.
687 1803 712 1846 1.
737 1803 932 1846 uuouovrve
952 1775 1050 1868 Me]

9 1931 10 1942 ,
36 1895 169 1954 praeterea
190 1886 295 1948 multe
319 1885 433 1957 noxia,
466 1903 508 1948 ue
534 1885 693 1959 obelleut,
726 1887 870 1952 venerati
893 1883 975 1950 lunt,
1001 1911 1052 1930 ·-

37 1997 201 2052 lluruuve.

9 2217 10 2220 ι
91 2187 325 2273 animalia)
375 2187 542 2252 Nimirum
562 2189 676 2261 hircos,
707 2189 854 2262 ciconiae,
887 2187 1052 2274 anguillae,

9 2347 10 2352 ,
38 2280 130 2360 simiai,
156 2289 337 2374 serpentes,
361 2311 468 2363 canes,
502 2289 596 2363 ielee,
621 2291 843 2362 eumenium,
876 2309 983 2372 cepae,
1011 2291 1053 2351 de

39 2384 129 2461 quibus
142 2390 207 2477 legi
228 2393 331 2476 potest
347 2393 509 2454 Iuvenalis
527 2405 580 2470 15,
601 2415 616 2458 1
637 2391 697 2474 sqq.
727 2389 779 2480 [et
794 2412 872 2474 quae
889 2392 932 2454 ibi
951 2409 1053 2472 nuper

39 2491 150 2552 contulit
171 2495 345 2576 Ruperti]
388 2495 424 2555 ln
446 2495 556 2576 primie
578 2515 684 2556 vaccae
710 2509 913 2558 venerantur.
952 2493 1053 2554 Hero·

39 2581 111 2652 lutus
129 2586 184 2678 [9,
200 2605 264 2677 42.
287 2597 326 2656 tle
347 2589 531 2680 Thebanis]
553 2593 688 2656 affirmat
708 2615 785 2657 oves
806 2615 933 2677 quoqne
957 2614 1052 2656 vene·

39 2699 101 2750 ulos
120 2695 191 2760 elle.
227 2693 281 2759 ef.
300 2697 442 2759 luvenal.
465 2709 518 2774 ¹5·
546 2715 601 2760 ιι.
641 2697 720 2758 lnrle
742 2699 966 2782 intelligimus,
994 2699 1052 2756 Ae·

40 2794 133 2870 llpliie
154 2795 269 2860 exosos
294 2791 455 2886 [invisor]
480 2797 540 2862 else
560 2797 695 2879 pallores
711 2799 892 2879 pecudum,
912 2795 973 2876 (cf.
993 2795 1053 2858 Ge·

40 2887 85 2952 les·
97 2897 151 2972 46,
170 2902 252 2977 34.)
280 2899 385 2979 quales
407 2911 497 2961 erunt
515 2899 659 2970 Hebraei,
686 2901 758 2980 quie
779 2901 934 2960 nimirum
952 2895 1052 2981 palee-

41 2983 96 3052 bmt
115 3011 146 3058 et
167 3001 309 3062 edebant
327 3001 455 3061 illorum
478 3003 582 3069 Deoe,
616 3020 724 3062 vaccae
747 3014 780 3062 et
802 3000 911 3062 boves.
948 3017 1052 3060 cueu-

41 3106 96 3155 uvr
108 3099 183 3165 MS.
221 3100 347 3164 Notum
362 3101 404 3163 est
421 3121 459 3162 ex
475 3102 636 3180 Polyaeno
654 3117 686 3177 7,
705 3120 739 3180 9.
761 3101 940 3186 strategema
958 3099 1052 3162 Cum·

40 3184 109 3267 bysu,
131 3203 196 3282 qui,
223 3221 298 3263 cum
315 3202 476 3264 Pelufium
496 3202 704 3288 obpugnaret,
730 3204 890 3264 eiusmodi
905 3201 1053 3262 animalia

41 3287 127 3370 sentia,
152 3317 189 3364 ut
211 3321 316 3374 canes,
348 3323 436 3374 oves,
463 3301 549 3375 feles,
578 3304 681 3367 ibides
699 3317 772 3366 ente
790 3305 962 3366 exercitum
980 3322 1052 3364 con·

41 3391 132 3470 llituit,
158 3418 190 3464 et
206 3405 245 3466 fic
265 3403 378 3466 urbem
394 3402 484 3467 facile
499 3419 532 3467 et
552 3405 616 3466 fine
637 3405 724 3468 clude
742 3407 837 3488 cepit.
890 3402 957 3486 Ipse
975 3422 1051 3464 vero

42 3507 76 3552 ιιι
86 3497 244 3566 belliarum
261 3507 365 3568 cultue
382 3527 398 3568 a
413 3507 522 3572 multis
542 3507 723 3568 auctoribus
738 3505 900 3569 veteribue
919 3505 1052 3568 celebra·

42 3605 79 3656 1111
95 3615 124 3662 et
141 3607 280 3677 ridetur,
307 3620 339 3669 et
359 3607 569 3690 peculiaribus
591 3607 681 3670 libris
700 3608 857 3688 expositus
872 3627 961 3669 nunc
977 3606 1052 3692 legi·

42 3707 92 3770 1¹¹¹,
115 3723 250 3784 quorum
273 3708 437 3770 recensum
459 3711 525 3794 egit
542 3707 673 3772 Meulel.
693 3710 727 3770 in
750 3708 826 3770 bibl.
846 3707 914 3769 hist.
934 3709 1002 3770 Vol.
1019 3720 1051 3786 3.

41 3792 67 3856 P·
83 3819 108 3864 l.
127 3826 158 3888 p.
176 3823 221 3884 57
239 3807 281 3892 lq.
306 3823 343 3870 ut
360 3825 478 3874 taceam
495 3831 567 3881 eor,
599 3813 654 3892 qui
676 3811 812 3872 omnino
828 3809 868 3870 de
884 3809 978 3872 rebus
994 3811 1054 3870 Ae-

42 3900 204 3982 gypriorum
231 3907 338 3982 secde,
371 3911 473 3976 veluti
503 3911 684 3983 iablonski,
715 3909 901 3993 scripserunt
930 3911 1052 3971 ibidem

43 4015 66 4076 P·
83 4005 193 4091 ¹8sqq.
219 4026 498 4076 commemorator.
556 4013 683 4077 Eodem
716 4030 795 4074 vero
825 4029 916 4073 more
944 4012 1053 4072 lndiae

42 4115 146 4182 illul,
179 4131 258 4197 quae
277 4113 411 4205 prilcem
435 4115 627 4202 religionem
650 4127 798 4188 tuentur,
831 4113 967 4196 plurima
988 4113 1053 4174 ani·
