2764 4954
335 419 397 489 aaa
605 411 764 472 uorsa
806 381 1106 474 exacualcnn

335 580 480 674 πλέθρον
507 605 574 650 roo
597 586 695 669 perlae
721 585 905 672 significare,
936 589 1029 672 eique
1048 589 1234 674 respondere
1253 587 1351 650 iulio·

333 690 437 752 mania
466 687 583 750 Graece
608 689 754 770 expolitis
781 689 899 751 iudicat
924 691 1124 756 Perizonius.
1190 694 1228 754 At
1248 691 1297 752 hic
1318 689 1350 750 de

334 787 535 853 ‹timenfinne
570 792 674 870 operia
705 790 891 876 Aegyptiaci
917 794 1095 874 quaeritur.
1127 793 1184 854 ubi
1217 791 1352 854 [choenut

332 893 460 976 proprie
486 890 630 952 adhiberi
653 889 745 961 solet,
783 895 873 955 cuius
895 908 1001 956 tamen
1021 892 1163 956 menlnra
1185 909 1217 956 et
1235 891 1292 976 ipla
1310 910 1351 974 pa·

331 1013 405 1055 rum
429 993 485 1056 libi
508 991 643 1063 constat,
677 1012 752 1054 curn
775 1009 808 1055 et
830 995 937 1056 minor
959 997 997 1057 lit
1019 1011 1065 1074 50
1084 997 1249 1058 stadiorum
1269 993 1352 1077 spatio

333 1095 440 1174 (Plin.
459 1106 492 1170 5.
514 1113 569 1158 tt.
591 1092 613 1156 l.
635 1097 708 1171 to.)
733 1107 766 1154 et
788 1091 890 1158 uilior
912 1096 1081 1159 lladiorum
1105 1095 1163 1162 60.
1192 1095 1352 1176 (Herodot.

333 1213 366 1266 0.
384 1195 416 1260 6.
445 1194 558 1256 Strabo
580 1210 634 1270 17.
652 1217 685 1277 p.
702 1208 787 1274 555.
804 1194 824 1258 l.
842 1207 927 1276 804.
948 1199 1003 1259 etsi
1019 1199 1052 1258 in
1073 1197 1136 1280 ipsa
1156 1200 1297 1282 Aegypto
1311 1215 1354 1256 rs-

330 1299 403 1359 riari
425 1297 470 1357 ibi
489 1299 612 1375 notat.)
647 1297 772 1380 Quotlli
786 1298 820 1357 in
836 1299 953 1360 minori
969 1298 1172 1370 [obsistamus.
1194 1320 1266 1362 cunr
1281 1301 1354 1382 iuge·

330 1419 405 1460 rum
429 1409 561 1475 ass.ssoo
584 1397 681 1479 pellea
702 1396 735 1464 []
760 1414 891 1480 aequet,
926 1411 1024 1482 4800
1049 1402 1147 1483 pedes
1172 1401 1206 1468 [l
1231 1397 1355 1462 efficiant

331 1513 354 1578 8
376 1499 468 1561 stadia
487 1498 540 1569 [l.
567 1499 605 1559 arl
622 1497 795 1560 schoenum
819 1521 921 1561 unum
939 1517 973 1563 et
992 1503 1163 1564 dimidium
1184 1503 1299 1564 summa
1316 1517 1356 1560 re·

329 1601 507 1664 vocabitur.
559 1599 652 1661 Forte
668 1600 751 1661 Mela
774 1601 976 1664 latitudinem
994 1604 1096 1686 iugeri
1117 1603 1267 1686 respexit.
1292 1619 1357 1664 cunt

329 1704 403 1766 aliae
425 1700 594 1785 longitudo
616 1701 708 1762 simul
731 1702 936 1787 intelligatur.
989 1705 1157 1766 Variornm
1173 1721 1205 1766 et
1221 1718 1357 1766 veterum

330 1819 363 1868 et
383 1805 598 1866 recentiorum
616 1805 809 1866 narrationes
830 1807 870 1867 do
891 1805 1059 1868 latitudine
1077 1808 1236 1869 conlectae
1254 1823 1357 1888 propo·

329 1905 391 1968 suit
412 1907 530 1984 Sarary
554 1906 594 1965 T.
615 1924 644 1968 r.
670 1925 702 1986 p.
728 1915 808 1984 ¹48·
845 1925 949 1988 nuper
969 1907 1106 1970 Sonnini
1128 1907 1242 1971 lieilen
1265 1908 1304 1968 T.
1328 1919 1356 1966 0.

327 2030 363 2092 p.
388 2019 469 2086 123.
519 2005 663 2068 Pertinet
684 2020 792 2067 autem
817 2007 976 2072 Herodoti
996 2005 1141 2072 mensura
1164 2011 1205 2073 ad
1227 2005 1357 2090 Cheopia

326 2107 511 2194 pyramide.
536 2107 576 2170 ad
591 2107 759 2172 Chemnria
777 2109 922 2174 Diodori.

404 2331 536 2396 aequa
560 2301 684 2402 sede)
735 2313 821 2374 Haec
847 2333 915 2395 pare
941 2311 1172 2376 rlelirlerabatur
1196 2315 1234 2377 ad
1259 2329 1357 2376 veram

328 2415 477 2478 notitiam
499 2412 595 2474 huiua
619 2415 817 2494 pyramidos,
850 2434 968 2498 nempe
990 2431 1026 2476 ut
1051 2415 1176 2498 prorsus
1199 2415 1273 2479 ellet
1293 2433 1358 2496 qua·

328 2516 414 2576 (irata
445 2527 478 2575 et
506 2514 642 2595 aequalia
676 2527 747 2576 tum
773 2517 806 2576 in
835 2515 1041 2600 longitudine
1070 2514 1356 2582 fundamentorum.

329 2630 400 2678 tum
425 2615 604 2678 latitudine.
656 2615 692 2677 Id
719 2629 812 2678 vocat
840 2637 973 2700 aequom
1000 2609 1126 2709 sedem,
1159 2631 1257 2700 prout
1274 2608 1358 2708 sardes

327 2721 412 2800 apud
430 2717 560 2778 Latinos
578 2735 636 2798 pro
653 2714 869 2780 fundamentis
889 2719 1014 2791 (licitur,
1036 2718 1219 2802 praesertim
1239 2739 1278 2782 ex
1295 2717 1358 2778 inti·

328 2823 450 2880 tatione
469 2819 592 2900 Virgilii
609 2817 687 2879 sien.
709 2839 738 2888 t,
755 2819 814 2896 86.
838 2831 1001 2902 totumque
1016 2841 1037 2880 a
1050 2812 1182 2910 sedibus
1201 2822 1274 2882 iuris
1292 2817 1359 2880 Una

327 2921 495 3000 Eurusque
509 2920 678 3000 Notusque
697 2933 803 2981 ruunt.
854 2921 1009 2982 Similiter
1028 2923 1108 2982 dicit
1122 2923 1245 2984 Seneca
1260 2919 1314 2982 lib.
1331 2937 1357 2976 ι.

327 3043 362 3084 n.
381 3037 412 3084 0.
437 3015 449 3104 l
458 3035 558 3081 tratur.
577 3021 641 3102 Qu.
656 3039 686 3090 t.
707 3014 759 3106 t.]
783 3023 848 3082 cito
863 3021 1055 3093 intercidere,
1079 3043 1160 3103 qnae
1166 3018 1244 3112 fine
1260 3031 1360 3082 creata

320 3121 395 3216 fine
404 3115 482 3214 sede
496 3133 527 3182 ec
538 3111 769 3208 fundamento.
798 3143 820 3186 t.
840 3139 1035 3184 cnonovrva
1052 3123 1128 3184 MS.
1176 3124 1233 3187 Sic
1255 3119 1359 3185 Noller

331 3239 363 3306 5,
387 3245 414 3296 a.
436 3221 468 3288 6.
493 3225 756 3305 promontorium
778 3223 848 3284 lata
862 3214 941 3315 sade
960 3243 1157 3306 procurrens.

402 3423 705 3506 altitudinem)
756 3425 945 3507 Discrepant
960 3441 992 3490 et
1007 3426 1061 3488 laic
1077 3424 1265 3509 scriptorum
1280 3441 1360 3488 men·

330 3526 430 3596 lurae.
456 3529 541 3608 quosl
565 3525 637 3586 facit
658 3528 697 3586 orl
720 3525 853 3608 spatium
877 3525 967 3590 setlle.
1021 3509 1358 3601 llerodotusa.124.

329 3630 422 3690 inaltet
441 3641 462 3706 8
480 3623 619 3714 πλέθρα,
636 3629 656 3690 i.
672 3647 698 3688 e.
711 3642 781 3705 800
800 3631 913 3710 perlem
939 3630 1073 3692 Diodor.
1084 3630 1154 3711 plus
1167 3649 1263 3710 qnam
1278 3626 1358 3694 leun

328 3729 442 3794 Strabo
469 3729 524 3791 lib.
546 3743 601 3806 17.
629 3749 660 3810 p.
681 3741 764 3806 555.
790 3727 810 3792 l.
833 3743 917 3808 808.
944 3727 1113 3794 σταδιαῖαν
1143 3729 1218 3792 facit
1243 3743 1276 3793 et
1297 3721 1359 3810 poll

328 3853 360 3914 p.
376 3845 397 3908 5
402 3843 460 3906 58.
478 3827 499 3892 l.
518 3839 560 3904 8ι
574 3851 603 3892 ι.
624 3825 889 3918 rarptlrrlsfipor,
912 3830 974 3894 ase
990 3831 1053 3913 iple
1067 3833 1263 3913 discrepans.
1289 3843 1358 3890 cum

329 3933 463 3995 lladitnn
485 3932 712 4012 complectatur
735 3930 756 3995 6
778 3929 928 4020 πλέθροις
966 3933 1089 3994 Plinius
1112 3953 1165 4009 17.
1189 3935 1247 4009 36.
1263 3929 1283 3994 l.
1308 3941 1358 3992 aa.

328 4033 433 4096 statuit
449 4042 519 4110 883
538 4032 645 4114 pedes.
695 4033 821 4096 Excidit
840 4035 938 4117 igitur
957 4035 990 4095 in
1009 4035 1141 4118 Hygino
1159 4031 1220 4098 fab.
1238 4045 1320 4108 005.
1337 4023 1358 4088 l·

328 4146 403 4198 ante
427 4133 475 4197 60
500 4135 598 4216 pedes
620 4151 773 4198 numerus
799 4136 1014 4208 centenarius.
1047 4137 1097 4198 uti
1127 4147 1211 4200 recte
1236 4129 1360 4198 censent
