2892 4950
172 381 226 438 ru
256 379 392 438 nour.
421 377 529 436 nnn
570 375 650 438 cr.
692 377 853 440 uxvru.
894 377 971 450 e..
1033 391 1096 457 ete

57 557 107 620 Ex
127 553 180 616 hie
198 553 342 637 adparet,
375 569 470 633 quam
491 549 554 612 late
575 549 653 612 olim
671 551 809 633 patuedt
827 551 952 623 Aeolia,
978 557 1096 640 quippe

56 677 136 740 qnae
157 659 254 718 etiam
277 655 401 716 Troada
421 665 453 714 et
476 651 609 730 Myliam
632 651 669 712 lit
692 653 866 734 complexa.
924 655 1029 738 Atque
1055 679 1095 720 eo

59 757 150 822 sensu
184 742 282 818 sumit
310 755 410 824 Mela,
451 755 667 834 terminosque
698 751 821 824 llatuit,
860 751 982 820 secutus
1012 756 1097 824 sorte

57 859 246 942 Ephorum,
277 857 332 938 qui
355 855 429 918 telle
450 853 606 918 Strabone
627 875 638 914 r
647 867 680 929 3.
704 874 774 938 pag.
792 865 877 934 [μη.
903 855 923 921 s.
947 868 1031 937 583.
1055 863 1093 922 ab

58 961 178 1040 Abydo
208 959 247 1020 ad
281 957 409 1036 Cymen
444 975 545 1037 neque
578 955 708 1018 Aeolida
744 957 899 1020 extendit.
963 960 1094 1043 Proprie

56 1077 188 1132 antem,
220 1071 257 1120 ut
278 1057 392 1120 diserte
412 1054 508 1120 refert
529 1053 693 1118 Pausaniae
709 1070 741 1132 3,
759 1072 793 1120 α.
810 1059 853 1120 in.
878 1061 918 1124 de
938 1059 993 1124 suo
1017 1079 1094 1124 rem·

57 1183 156 1248 pore,
183 1161 289 1224 Aeolio
309 1162 393 1220 inter
410 1159 534 1220 leniam
552 1169 583 1220 et
602 1154 709 1236 Mylne
724 1159 867 1220 conclusa
882 1158 954 1224 suit.
995 1165 1037 1226 Et
1055 1165 1095 1227 lic

55 1265 173 1344 Scylax
188 1281 258 1346 pag.
275 1261 332 1337 36.
349 1256 448 1320 Huds.
471 1257 539 1342 poll
555 1259 679 1320 Troada
702 1261 794 1339 ponit
816 1262 977 1335 Aeoliamt
1009 1279 1041 1328 at
1060 1269 1095 1328 in

55 1364 145 1448 sequ.
162 1359 275 1425 miscet
292 1375 326 1422 et
346 1361 463 1438 Lydiae
485 1359 615 1440 antique
636 1357 725 1422 sensu
747 1363 906 1444 pleraeque
929 1366 1023 1430 urbea
1044 1369 1095 1428 ad·

56 1467 176 1528 scribit.
229 1463 435 1526 Ptolemaeus
460 1460 596 1524 Graecus
614 1473 646 1538 5,
675 1476 708 1526 Ω.
736 1462 867 1526 Aeolida
901 1463 940 1526 iic
969 1465 1008 1528 ab
1038 1467 1096 1531 hac

55 1583 147 1652 parte
163 1561 318 1635 describit,
342 1577 378 1624 ut
394 1563 550 1626 terminer
565 1561 675 1624 statuat
690 1561 820 1627 Caenen
838 1570 1097 1647 promontorium

56 1683 90 1732 et
105 1667 268 1731 Hermum
282 1665 363 1727 ultra
378 1663 566 1726 Phocaeam.
595 1663 638 1726 H.
653 1683 723 1748 pare
744 1667 926 1747 provinciae
942 1670 1094 1734 Arradoli.

125 1859 290 1958 foeta)
339 1863 530 1935 Nominate,
553 1877 591 1926 ut
608 1880 640 1936 a,
659 1885 689 1938 1,
705 1875 739 1941 8.
763 1866 891 1941 deiude,
918 1869 1009 1933 aliter
1028 1893 1098 1934 enm
1192 1889 1199 1904 '

56 1966 290 2058 (Danubium)
314 1964 547 2049 adpellentibus
569 1966 687 2039 ineolis,
704 1965 753 2056 fit
773 1965 863 2058 Ister.

134 2161 308 2262 Mysia)
358 2168 412 2234 Gr.
432 2163 556 2233 Moeso.
599 2168 732 2248 Dionys.
751 2190 782 2230 r.
801 2171 881 2248 865.
900 2164 1007 2248 Meuia
1027 2165 1096 2239 ese.

59 2273 194 2354 Mysiae,
221 2271 387 2354 Phrygiae,
413 2271 584 2350 Bithyniae
604 2286 636 2332 et
662 2271 837 2334 vicinarum
853 2275 1021 2356 regionum
1039 2291 1098 2337 ter·

58 2377 145 2438 mini
165 2374 262 2436 etiam
282 2374 454 2452 antiquiror
469 2371 509 2432 lic
524 2371 639 2442 turbati
656 2369 838 2453 confersique
853 2389 951 2446 erunt,
977 2390 1013 2436 ut
1033 2376 1098 2460 ipse

57 2476 175 2541 Strabo
194 2490 249 2538 re.
266 2494 296 2555 p.
313 2471 426 2550 383.l.
439 2471 522 2552 564.
539 2491 594 2534 eoa
608 2471 736 2534 difficile
752 2473 900 2559 dillingni
923 2476 1007 2558 polle
1028 2499 1101 2560 pro·

57 2578 202 2640 nuntiet.
241 2575 410 2654 Dupliceur
429 2587 533 2635 tamen
552 2571 626 2636 sacit
647 2591 699 2635 ια.
717 2593 748 2654 p.
763 2588 844 2654 393.
864 2573 883 2637 s.
898 2591 981 2654 571.
1002 2601 1100 2642 unam

58 2679 234 2756 Bithyniae
258 2677 413 2742 vicinam.
448 2675 576 2736 alteram
605 2677 681 2736 circa
705 2675 849 2739 Caicum.
901 2678 1117 2774 l’tolemaeue
1196 2742 1200 2748 ,

62 2794 94 2858 5,
120 2797 157 2844 e.
177 2779 222 2838 in.
246 2777 379 2837 minoris
400 2775 516 2854 Myliae
538 2777 700 2846 meminit,
726 2777 759 2835 in
778 2796 838 2857 qua
853 2776 1018 2856 Cyzicum,
1044 2783 1103 2844 Pa·
1183 2853 1186 2862 y

58 2885 154 2952 don,
189 2875 393 2960 Lampsacum
417 2877 527 2957 ponit,
561 2895 636 2958 quae
671 2875 764 2938 urbee
788 2876 873 2938 lllela
896 2897 962 2960 cap.
985 2899 1039 2960 ¹9·
1062 2883 1101 2944 ad

58 2981 251 3062 Bithyniam
280 2979 391 3040 reiicit.
443 2977 531 3058 Quae
555 2996 631 3040 rere
657 2976 711 3038 hic
735 2976 819 3038 Mela
842 2979 875 3038 in
900 2981 1031 3042 Aeolide
1054 3002 1104 3044 re·

60 3082 187 3150 censet,
221 3093 342 3160 praeter
366 3077 532 3156 Abydum,
568 3097 619 3140 ear
646 3077 847 3139 Ptolemaeus
872 3081 964 3160 ponit
987 3099 1040 3143 aut
1066 3085 1101 3144 in

61 3181 293 3264 Hellesponto,
327 3191 382 3240 arrt
412 3181 444 3238 iu
472 3179 610 3262 Phrygia
636 3179 765 3245 maiori.
799 3193 921 3260 praeter
947 3181 1040 3243 Ailou
1066 3186 1101 3245 iu

59 3285 190 3347 Troade
207 3281 229 3344 l.
244 3281 382 3364 Phrygia
396 3279 525 3342 minori.
558 3281 706 3364 Longum
724 3297 800 3340 vere
814 3279 866 3350 esl,
891 3281 1032 3346 conlecta
1049 3285 1102 3346 de·
1119 3281 1124 3290 '

59 3403 223 3470 premere.
253 3379 365 3444 Causae
381 3377 481 3441 adfert
494 3379 604 3442 Strabo
623 3395 676 3442 re.
693 3401 723 3462 p.
737 3393 820 3459 389.
832 3380 852 3443 s.
863 3381 945 3459 565.
975 3383 1100 3466 Nempe

58 3489 209 3569 Phryges
225 3485 304 3546 olim
319 3481 371 3544 ista
390 3494 624 3563 occupaverunt
642 3481 718 3551 luca,
743 3481 821 3560 Mysi
838 3483 905 3564 poll
918 3485 1032 3546 Troiae
1051 3505 1102 3546 ex·

59 3589 206 3656 eidium.
241 3585 358 3648 deinde
381 3583 462 3660 Lydi
484 3581 552 3663 poll
575 3581 741 3646 Aeelensee
763 3596 795 3644 et
814 3593 840 3662 4
861 3585 1011 3646 aetatibus
1033 3587 1103 3668 pou

59 3687 114 3773 (v.
131 3687 187 3750 lib.
206 3682 338 3766 13.in.)
361 3685 466 3752 louet,
491 3683 608 3764 quibus
628 3685 743 3744 deinde
763 3681 965 3744 snccelleruut
982 3687 1101 3758 Persae,

59 3789 278 3855 Macedones,
311 3785 468 3854 Romani,
501 3802 639 3865 quorum
663 3786 782 3865 priores
809 3789 978 3845 nominum
1005 3790 1105 3853 etlam

58 3891 280 3954 mundonem
304 3887 497 3947 adtulerunt.
546 3883 616 3946 Nec
637 3887 736 3970 magle
760 3898 841 3946 certa
868 3883 937 3946 sunt
958 3901 990 3950 et
1016 3909 1104 3954 com·

56 3992 212 4078 probata,
257 4006 336 4071 quae
373 3987 413 4048 de
445 3981 553 4068 priscie
588 3983 751 4064 Mysorum
791 3983 914 4047 sedibus
950 3989 1104 4053 adventu·

57 4113 127 4178 que
153 4094 190 4152 in
216 4089 296 4151 haec
318 4087 387 4150 loca
411 4087 588 4150 traduntur.
627 4089 656 4152 A
682 4087 815 4158 Caribue
840 4087 998 4174 originem
1024 4093 1103 4155 olim

113 4211 213 4286 Pomp.
229 4205 323 4264 Meta.
345 4205 461 4278 terge.
475 4202 514 4266 L.
529 4202 553 4262 1.
788 4189 816 4250 K
828 4186 853 4250 k
