2852 4946
329 361 413 441 lte'
601 357 759 422 noran
799 365 1102 425 axacaurcta

331 534 494 625 agnovisse
531 536 663 600 videtur
691 539 788 600 etiam
820 537 1018 611 Eusiathius.
1055 540 1127 622 quia
1161 539 1199 602 ad
1231 533 1353 616 Dionys.

330 659 365 704 v.
384 653 468 720 988.
495 638 593 700 llectit
608 640 641 699 in
658 634 801 721 Νιφάτα
818 653 851 702 et
867 636 1039 723 Νιφᾰταν.
1076 643 1173 704 Mons
1186 639 1246 702 suit
1259 640 1355 700 Arme·

330 744 403 806 niae
436 741 566 804 {Strabo
588 762 642 802 tt.
670 763 704 824 p.
721 745 803 820 364.
827 740 846 803 s.
864 757 949 823 529.
980 742 1161 826 Stephanus
1185 743 1217 806 h.
1237 761 1269 804 v.
1289 735 1354 820 alii)

333 863 496 908 connexus
517 861 590 902 cum
615 841 713 904 Maso
734 857 767 905 et
789 845 900 926 Zagrio
922 845 1013 906 etad
1037 845 1223 926 Gordyaeos
1243 854 1356 904 montet

333 944 527 1008 referendus.
555 944 688 1022 (Strabo
709 965 721 1007 t
737 969 763 1008 t.
780 965 811 1026 p.
832 959 914 1025 559.
931 943 952 1008 s.
970 948 1076 1024 522.)
1111 949 1148 1008 ln
1165 945 1283 1008 aullreli
1297 943 1357 1002 elur

333 1062 421 1131 parte
436 1043 540 1106 sontes
556 1043 628 1106 sunt
641 1047 795 1129 Tigridis.
817 1051 830 1125 (
837 1046 948 1110 Strabo
964 1068 991 1111 c.
1008 1049 1050 1122 l.)
1075 1069 1154 1130 quas
1169 1063 1273 1108 temen
1288 1044 1357 1104 ultra

273 1193 275 1198 ·
333 1163 481 1210 removet
505 1148 717 1211 Ptolemaeus.
770 1149 981 1232 Quaerendue
1004 1152 1141 1212 omnino
1168 1149 1212 1212 est
1236 1149 1269 1208 in
1292 1163 1357 1207 cou-

334 1251 413 1314 sinio
435 1249 599 1312 Armeniae
622 1262 656 1310 et
678 1247 935 1331 Mesopotamiae.
988 1253 1011 1312 A
1034 1241 1116 1313 vo'ce
1134 1251 1251 1313 Graeca
1271 1240 1359 1325 νιφός

334 1370 456 1412 nomen
473 1363 581 1412 nactus
598 1349 658 1412 elle
680 1351 823 1419 videtur.
849 1351 936 1433 quod
954 1363 986 1412 et
1008 1353 1151 1414 indicant
1167 1365 1293 1434 poetae.
1316 1347 1358 1406 uti

251 1527 255 1536 ,
336 1453 488 1516 Horatius
506 1466 537 1524 2.
554 1452 608 1510 etl.
628 1469 662 1530 9,
681 1468 741 1516 20.
772 1452 828 1513 uhi
847 1452 982 1534 rigidum
1002 1468 1112 1524 vocat,
1138 1453 1194 1516 etli
1214 1451 1357 1513 defluvio

334 1554 380 1616 ibi
396 1554 525 1634 quidam
541 1555 797 1636 interpretantur.
813 1555 846 1614 in
862 1553 979 1635 quibus
994 1553 1270 1624 llllitscherlichius,
1289 1550 1360 1611 reni·

335 1669 425 1718 tenta
452 1667 559 1714 tamen
591 1673 657 1716 non
683 1669 803 1717 temere
829 1656 908 1718 lani.
959 1655 1080 1716 Eadem
1108 1657 1151 1718 de
1176 1653 1261 1718 cattle
1284 1650 1358 1732 apud

336 1757 469 1836 Scythae
487 1753 658 1816 Caucasum
674 1771 823 1820 vocatum
839 1755 899 1818 else
917 1748 1112 1848 Craucufnm
1127 1759 1150 1820 i.
1168 1777 1195 1819 e.
1212 1757 1286 1818 nive
1298 1772 1360 1812 can·

335 1859 462 1929 ditium,
479 1858 573 1918 tratlit
587 1857 709 1920 Plinius
722 1840 755 1929 ss,
778 1877 830 1937 19.
848 1855 868 1920 s.
889 1871 943 1932 17.
975 1857 1126 1920 Fluvium
1145 1856 1358 1944 cognominem

335 1973 458 2023 norunt
495 1956 552 2020 soli
584 1959 770 2044 posteriores
799 1973 929 2042 poetae,
973 1973 1010 2020 ut
1032 1961 1087 2022 Sil.
1114 1961 1185 2022 ltal.
1213 1971 1264 2038 13.
1285 1957 1357 2031 765.

336 2062 455 2124 Lucan.
475 2075 506 2140 3.
526 2072 609 2140 245.
643 2062 801 2124 Iuvenalis
816 2059 849 2132 6,
863 2071 949 2141 4⁰9·
972 2059 1029 2120 uhi
1044 2059 1223 2124 Martialem
1244 2073 1293 2128 re.
1309 2070 1358 2117 et.

336 2163 460 2226 eddidit
476 2165 627 2244 Ruperti.
650 2164 684 2224 in
701 2183 765 2244 quo
782 2175 888 2224 temen
903 2163 935 2222 id
952 2179 1018 2224 nou
1035 2163 1159 2226 inveni.
1200 2161 1277 2224 lude
1291 2173 1357 2217 vero

335 2263 405 2348 poll
427 2279 459 2326 et
480 2278 627 2327 montem
650 2277 684 2327 et
706 2263 844 2325 fluvium
868 2261 1041 2346 Niphatem
1063 2264 1281 2345 produxerunt
1300 2259 1358 2322 ser·

336 2367 410 2430 vius
424 2366 463 2428 ad
478 2366 587 2452 Virgil.
606 2365 724 2451 Georg.
736 2379 768 2446 3.
786 2379 845 2446 5⁰.
863 2378 895 2428 et
911 2364 1022 2428 Vibius
1035 2366 1129 2448 Sequ.
1145 2387 1168 2450 p
1195 2376 1249 2444 15.
1263 2374 1293 2426 et
1306 2371 1354 2438 31·

408 2567 624 2632 Armeniae
647 2566 790 2651 pylas)
839 2567 935 2630 Unde
955 2587 1137 2653 cognomen
1157 2568 1294 2632 tulerint.
1314 2559 1356 2622 td·

318 2683 435 2755 ‘paren
460 2671 632 2741 trondem,
657 2669 712 2730 ubi
737 2671 844 2750 quaeri
861 2668 1007 2740 debeant,
1033 2669 1163 2734 conllat.
1216 2663 1358 2730 vadianus

337 2773 522 2844 arbitratur,
551 2771 607 2832 ubi
631 2771 664 2832 in
686 2769 865 2833 Molchicoe
883 2785 1024 2840 montes.
1050 2791 1129 2853 quae
1144 2787 1179 2834 et
1195 2769 1255 2854 ipse
1275 2759 1358 2828 Tauri

336 2875 412 2958 iuga
435 2871 523 2943 lunt.
554 2873 681 2934 Taurus
707 2873 851 2936 inclinat.
916 2871 985 2934 Nec
1005 2871 1064 2943 esi,
1096 2874 1185 2954 quod
1208 2875 1358 2954 repugnet,

337 2978 411 3058 quia
427 2975 510 3036 lllela
526 2975 563 3036 ed
584 2971 749 3037 excursum
764 2974 863 3035 Tauri
879 2985 911 3034 et
926 2973 1022 3035 finem
1038 2975 1249 3058 progreditur.
1288 2969 1358 3029 Sunt

339 3091 447 3139 eutem
471 3090 555 3137 trans
579 3075 773 3158 Euphratem
802 3094 902 3156 prope
924 3075 1107 3136 Armeniam
1130 3077 1303 3138 minorem.
1330 3075 1359 3126 θῑ

339 3199 415 3241 cum
430 3179 469 3240 iis
486 3174 592 3238 versus
607 3175 864 3259 septemtrionem
880 3175 1026 3237 cohaeret
1042 3177 1233 3246 Antitaurus,
1259 3186 1292 3234 ut
1302 3165 1360 3250 qui·

338 3279 414 3340 dem
444 3297 556 3340 eorum
585 3277 677 3339 litum
706 3275 846 3360 designet
869 3275 983 3337 Strabo
1010 3297 1065 3340 rt.
1087 3299 1119 3360 p.
1143 3289 1227 3358 559.
1245 3272 1264 3337 l.
1283 3285 1356 3349 52¹·

339 3381 426 3444 Hinc
444 3397 522 3442 vero
542 3380 624 3440 male
644 3392 678 3442 et
697 3377 822 3439 turbato
840 3379 952 3440 ordine
968 3378 1097 3440 Solinus
1115 3397 1180 3460 cap.
1199 3390 1259 3457 41.
1274 3371 1292 3433 s.
1306 3377 1356 3448 38·

338 3481 445 3544 scribit
466 3481 504 3542 ab
526 3482 604 3543 Eois
627 3478 775 3544 litoribus
796 3477 989 3564 progressus:
1026 3475 1091 3540 Ubi
1108 3471 1242 3572 tlehr'sct't
1261 3468 1358 3536 nunt

340 3585 439 3664 iugis,
456 3572 553 3672 facit
569 3594 700 3662 portos.
725 3601 858 3660 quarum
875 3571 1088 3670 primnesnnt
1103 3581 1275 3648 annaniae,
1297 3585 1356 3633 rum

342 3675 482 3776 Caspiae
504 3717 551 3731 -
586 3683 755 3764 Perpetem
771 3682 858 3742 enirn
876 3682 1002 3762 putavit
1015 3679 1158 3741 Plinium
1175 3695 1209 3760 5,
1227 3693 1281 3752 27.
1302 3687 1357 3734 cet·

339 3799 410 3848 tutu
432 3785 578 3848 ordinem
602 3799 726 3852 tenere,
757 3802 854 3862 quem
878 3783 1013 3844 omuino
1033 3795 1138 3863 portae
1159 3783 1290 3846 indicare
1309 3787 1356 3832 vo·

339 3885 445 3958 luisse,
475 3887 625 3967 repetitio
651 3885 790 3947 adiectae
816 3883 988 3966 particulae
1013 3879 1090 3942 aiibi
1118 3881 1233 3947 suadet.
1278 3877 1356 3938 Errat

339 3989 435 4052 etiam
455 3987 638 4050 Harduinne
652 3987 691 4048 ad
707 3985 790 4046 Plio.
806 4003 833 4047 c.
850 3984 871 4048 l.
897 3986 951 4066 qui
968 3984 1094 4046 eaedem
1114 3983 1174 4048 elle
1190 3996 1275 4068 putat
1288 3976 1355 4038 Cau·

340 4089 431 4153 casiae
456 4089 625 4176 adpellatas
650 4108 668 4152 a
690 4087 800 4152 Plinio
818 4087 851 4160 6.
879 4101 936 4154 ta.
958 4083 980 4150 s.
1003 4105 1061 4154 tt·
1112 4088 1161 4151 tta
1193 4079 1220 4154 1.
1248 4083 1353 4148 otono·
