2922 4958
199 383 421 446 tritoitae.
452 383 560 440 Mat..
601 383 681 440 1..1.
726 385 858 442 C.XlX.
901 385 927 456 p.
954 379 1030 456 15.¹
1066 383 1128 461 625

11 631 12 634 Ἴ
87 574 256 644 comparat
268 559 475 646 Agathemer.
492 573 524 628 o.
541 577 576 638 9.
602 579 677 620 curu
691 558 823 640 Alpibue
837 557 966 622 Celticie
977 559 1130 622 Arrianus

11 659 13 748 q
86 665 123 726 in
140 663 263 746 periplo
281 683 313 746 p.
336 678 391 725 ta.
409 659 509 724 Hurls.
535 659 675 724 uubibue
696 662 844 722 altiorem
868 663 1031 744 praedicat
1053 651 1131 723 Pro·

11 759 13 766 ’
87 767 204 848 copiue
227 767 266 826 cle
287 764 325 825 B.
349 763 448 826 Goth.
473 771 507 842 4,
535 777 567 840 3.
590 763 635 826 in.
664 775 701 822 ut
722 783 782 824 nec
800 765 855 824 nix
877 783 1036 844 unquam.
1069 783 1129 826 nec

11 861 13 942 ζ
86 867 202 950 pluvia
218 867 286 927 eius
304 884 456 926 cacumen
479 875 606 950 tangat.
636 864 691 926 etsi
712 879 828 947 poetae
849 863 984 926 nivalem
1006 862 1129 938 dicunt.

11 959 14 970 ’
87 970 257 1031 utSeueca
271 969 304 1026 in
315 967 408 1029 Herc.
420 965 544 1028 Oetaeo
559 987 590 1027 v.
606 975 672 1044 145
683 989 709 1029 ι.
739 964 789 1029 cf.
800 979 935 1028 anteaet
945 966 1059 1028 Strabo
1074 989 1086 1026 1
1100 987 1129 1030 ι.

11 1145 12 1150 ¹
87 1090 123 1154 p.
141 1077 225 1150 545.
243 1067 264 1130 s.
281 1067 367 1146 506.
393 1067 449 1128 ubi
468 1069 565 1129 etiam
583 1067 623 1128 cle
639 1065 761 1129 difficili
779 1069 847 1130 eiua
868 1066 1027 1130 adscensu.
1063 1069 1131 1130 Ari·

11 1225 12 1228 ,
87 1170 217 1236 slotelea
234 1169 403 1231 Meteoml.
425 1189 454 1238 ι,
475 1183 530 1248 ι5.
562 1169 637 1231 inde
658 1187 675 1230 a
696 1169 862 1230 Maeotide
885 1168 1024 1253 conspici
1046 1169 1131 1252 posse

11 1345 12 1348 Ἴ
63 1327 68 1338 .
89 1273 250 1334 adfirmat.
293 1271 331 1332 ln
349 1269 465 1332 sabulis
480 1271 626 1332 innotuit
640 1271 824 1332 Promethei
840 1269 948 1342 cubili,
972 1273 1019 1332 uti
1036 1283 1133 1334 vocat

88 1374 196 1437 Valet.
221 1374 321 1435 Flacc.
340 1384 373 1449 5.
397 1382 479 1450 155.
521 1373 636 1458 iugum
669 1374 737 1434 eiua
761 1374 937 1436 Strobilum
961 1375 1133 1445 nominari,
1155 1413 1162 1432 .

39 1459 45 1478 ‘
90 1475 384 1538 adfirmatlirrian.
408 1493 436 1535 c.
459 1473 481 1536 l.
524 1473 648 1534 Locum
683 1475 774 1534 illum
804 1473 927 1536 visendi
958 1476 1133 1556 cupiditate

90 1579 208 1640 eluctue
224 1573 386 1638 adscendit
402 1573 577 1656 Pompeius
591 1576 624 1634 in
639 1573 723 1636 bello
736 1575 957 1638 Mithridatico
980 1579 1133 1660 (Appiam

88 1682 129 1742 in
152 1677 301 1740 Mithrid.
322 1697 351 1739 c.
373 1679 468 1756 103.)
499 1675 571 1737 vifit
593 1676 691 1736 etiam
711 1677 913 1760 Apollonius.
941 1678 1133 1754 (Philossrut.

89 1781 128 1844 in
149 1781 218 1841 vita
236 1793 270 1849 a,
289 1794 310 1841 a
328 1776 385 1859 sq.)
437 1775 567 1838 Nomen
598 1791 706 1838 autern
738 1779 859 1840 montio
884 1781 1048 1860 antiquina
1074 1779 1136 1842 suit

89 1881 216 1945 Boreae
236 1879 344 1950 lectus,
367 1877 436 1961 posi
456 1870 631 1969 Caucasus,
655 1894 691 1939 ut
704 1877 800 1941 refert
820 1879 1133 1944 Pseudo-Plutarch.

90 1983 135 2046 de
149 1978 185 2044 sl.
204 1980 226 2044 s.
242 2002 275 2044 v.
294 1979 416 2051 Phasis,
438 1979 495 2040 ubi
509 1993 542 2041 et
557 1979 655 2043 habes
670 1979 786 2044 causae.
821 1982 972 2044 Ceterum
989 2002 1026 2044 ex
1042 1984 1135 2044 dictis

91 2086 242 2166 adparet,
265 2103 361 2165 quam
378 2083 463 2142 varia
479 2095 511 2142 et
532 2081 616 2144 fluxa
634 2081 729 2142 fuerit
749 2084 878 2144 illorum
895 2087 1059 2144 montium
1085 2085 1137 2145 ad·

90 2186 243 2270 pallatio,
271 2187 361 2246 cuiue
378 2181 466 2244 causa
488 2185 663 2264 quaerenda
685 2183 728 2246 eil
751 2185 783 2244 in
807 2185 916 2246 multia
937 2187 1035 2246 Tauri
1056 2185 1137 2247 Cau·

91 2287 217 2368 casuque
231 2286 393 2354 ramentis,
410 2303 491 2366 quae
506 2305 522 2344 a
538 2287 632 2347 variie
648 2287 760 2347 accolis
772 2287 857 2346 varie
874 2287 1069 2348 vocabantur
1083 2287 1137 2348 vel

92 2387 138 2452 ob
165 2387 364 2448 vicinitatem
395 2383 690 2448 commiscebantur.
741 2387 853 2448 Plurea
875 2401 980 2448 autern
1008 2403 1138 2450 montet

90 2487 185 2553 inille
202 2489 240 2549 ad
256 2485 428 2550 C'aucasum
445 2499 568 2568 praeter
583 2489 661 2550 alios
673 2483 768 2550 refert
780 2489 941 2550 Plutarch.
958 2489 990 2548 in
1005 2489 1137 2552 Lucullo

92 2611 163 2672 cap.
187 2598 243 2667 14.
276 2590 361 2650 varia
388 2588 456 2650 eiua
485 2591 617 2650 nomina
646 2589 775 2652 Orosius
797 2611 826 2659 1.
852 2605 884 2652 a.
946 2591 1037 2652 Idem
1064 2611 1139 2652 curu

91 2694 203 2754 Tauro
226 2691 379 2774 coniungi
406 2701 516 2773 negat,
550 2706 721 2772 contraque
745 2690 916 2753 sentientes
939 2689 1071 2761 refutat,
1104 2693 1139 2752 iu

93 2793 213 2876 quibua
228 2791 271 2852 esi
284 2793 322 2852 'in
343 2791 454 2873 primis
470 2789 553 2850 Plin.
570 2803 603 2868 5,
622 2807 679 2866 27.
729 2793 770 2853 At
791 2793 980 2874 quibuedam
998 2793 1139 2874 partibut

93 2915 170 2958 cum
186 2895 293 2953 Tauro
309 2892 456 2953 connecti
478 2904 510 2954 et
525 2892 636 2954 Strabo
658 2911 712 2956 tt.
735 2913 767 2974 p.
783 2899 868 2971 542.
881 2891 903 2954 s.
922 2902 1008 2972 497.
1031 2892 1138 2963 refert.

93 3009 130 3059 et
149 2997 343 3056 recentiores
362 2993 561 3056 confirmant.
612 2993 705 3054 Plura
729 3011 835 3054 autem
860 2996 994 3056 omnino
1019 2995 1140 3055 dabunt

94 3098 138 3158 de
149 3093 288 3158 Caucaso
299 3092 424 3156 Salmas.
439 3097 476 3154 ad
493 3095 594 3156 Sosin.
609 3117 642 3177 p.
656 3114 700 3155 m.
716 3105 800 3171 555.
824 3109 866 3162 et,
886 3095 939 3176 qui
950 3095 1026 3156 data
1043 3115 1139 3175 opera

93 3197 256 3279 nuper'de
273 3215 311 3256 eo
331 3193 560 3277 exposuerunt,
585 3196 774 3256 Liiuemann
798 3209 830 3258 et
847 3197 1010 3259 Rommel.
1051 3198 1141 3258 Varia

94 3299 199 3361 bodie
221 3299 302 3381 gerit
322 3298 469 3365 nomina,
496 3317 527 3358 v.
546 3315 573 3359 c.
597 3297 718 3364 Koara,
750 3297 833 3366 Tau,
858 3299 971 3368 Aetate,
996 3298 1065 3368 vel,
1089 3297 1141 3358 ad·

94 3399 184 3462 l'citie
207 3399 383 3459 accolarum
408 3397 611 3468 nominibue,
639 3395 1005 3480 Knakadion-Degia
1024 3434 1071 3448 -
1099 3399 1140 3462 de

95 3500 214 3582 quibua
230 3500 296 3560 vid.
313 3500 472 3582 Reinegge
486 3497 614 3560 Beschr.
636 3500 691 3559 dee
708 3497 862 3562 Caucasus
878 3499 919 3562 T.
941 3519 970 3563 1.
992 3521 1024 3582 p.
1044 3515 1077 3580 5.

175 3601 216 3661 al
224 3601 235 3660 i
243 3601 255 3658 i
262 3621 277 3659 s
292 3631 344 3646 --
351 3601 370 3680 )
420 3600 505 3662 Plin.
530 3612 559 3676 5,
586 3613 643 3674 27.
661 3598 682 3660 s.
707 3599 850 3676 piurimis
863 3591 902 3690 sc
922 3603 1062 3682 gentium
1085 3619 1140 3662 tro·

95 3699 237 3766 minibus
254 3701 328 3762 ltine
348 3713 379 3760 et
399 3701 484 3760 illinc
500 3699 620 3775 implet.
673 3699 773 3762 Sulin.
797 3721 824 3763 c.
843 3711 904 3780 [μ.
923 3700 943 3763 s.
963 3712 1019 3780 38.
1045 3723 1066 3762 a
1085 3721 1141 3784 po·

94 3804 185 3886 pulis
200 3801 443 3878 adpellationem
464 3802 576 3862 trahit.
621 3801 774 3864 Ceterum
792 3802 868 3862 haec
885 3803 987 3863 Melae
1004 3801 1141 3864 sormula

95 3905 305 3972 varietatem.
346 3902 590 3962 multitudinem
623 3903 758 3972 indicat,
794 3921 928 3984 eantque
965 3905 1144 3967 inlustravit

96 4005 258 4086 exemplis
281 4001 408 4065 Gesner.
433 4003 468 4064 iu
491 4001 569 4065 thes.
587 4004 623 4064 L.
643 4003 678 4066 L.
702 4001 734 4065 h.
759 4025 791 4065 v.
842 4006 890 4064 Ex
918 4005 1013 4066 Livio
1043 4007 1142 4070 etiam
1189 4059 1193 4078 ,

95 4107 201 4169 multa
225 4103 445 4189 congesserunt
467 4104 612 4166 Gronov.
636 4117 669 4166 et
691 4103 856 4166 Drakenb.
878 4107 915 4166 ad
943 4117 999 4184 24.
1027 4123 1084 4178 20,
1107 4126 1142 4188 9.

97 4228 138 4271 ex
160 4206 305 4272 Sallustio
323 4207 362 4268 acl
383 4205 422 4268 B.
447 4207 517 4292 lug.
536 4220 594 4280 72,
615 4221 649 4269 tt.
673 4205 782 4272 Corte.
832 4205 1025 4290 Plerumque
1048 4223 1141 4272 etex
