2922 4958
316 415 381 500 ,96
584 415 747 476 noran
789 417 1093 476 axaonrrcaa

399 579 595 682 Amison)
646 589 702 653 Gr.
732 583 879 676 Ἀμισός,
911 592 946 652 ἱιι
976 591 1188 674 Theophralli
1220 591 1293 656 hili.
1320 593 1363 674 pl.

325 713 359 778 p.
376 693 462 772 416.
481 689 502 755 l.
531 689 643 752 vitiose
665 685 812 777 'Aponio
835 691 1020 773 posteriores
1045 695 1152 762 etiam.
1180 709 1217 754 ut
1240 696 1367 768 Suidar,

324 793 523 859 Conllantin.
547 793 742 875 Porplryrog.
763 793 803 853 cle
825 793 924 858 them.
947 815 976 866 ι,
996 809 1028 868 7.
1054 807 1087 856 et
1107 796 1183 857 alibi
1208 791 1368 881 'Aptucca

215 865 233 895 κ
325 910 363 958 ut
382 895 460 958 olim
483 893 581 980 vulgo
597 895 630 954 in
647 893 803 954 Strabone
820 909 853 956 Ω.
877 915 910 975 p.
925 905 986 975 47.
1004 894 1023 956 l.
1042 897 1102 974 68.
1134 887 1253 986 Mrffor
1269 898 1305 958 in
1324 900 1369 958 ta·

326 995 403 1060 bula
419 997 512 1056 Peut.
530 1013 564 1080 9.
581 995 619 1058 C.
644 1009 676 1056 et
697 1016 812 1080 genere
835 1011 949 1056 neutro
965 997 1088 1060 Plinius
1108 1000 1140 1066 6.
1166 1015 1198 1060 a.
1223 989 1367 1090 Amisum

326 1097 474 1166 iidnunr.
505 1097 560 1160 etii
587 1085 711 1186 Anrisos
737 1101 834 1157 etiarn
857 1094 960 1158 scribit
977 1111 1010 1176 3.
1034 1113 1092 1178 37.
1110 1097 1129 1162 l.
1148 1117 1182 1178 9.
1200 1103 1244 1160 in.
1273 1101 1368 1162 utin

326 1200 424 1285 priori
448 1199 519 1260 ioco
540 1199 689 1259 emendat
704 1197 887 1268 Pintianns.
914 1219 987 1260 curn
1003 1201 1055 1260 alii
1075 1197 1233 1262 feminino
1249 1221 1369 1285 genere

326 1303 477 1368 efferant.
511 1300 596 1360 etin
621 1301 728 1361 numia
753 1299 876 1386 Aprooo
899 1295 1075 1389 ελευθερας
1097 1303 1228 1386 legatur.
1282 1303 1370 1364 Hinc

327 1399 490 1464 descendit
510 1393 686 1486 'Aprouudc
738 1401 918 1480 Stephanus
940 1405 1037 1464 etiarn
1057 1403 1145 1463 addit
1166 1399 1307 1490 ’Δμίσιος
1328 1423 1369 1466 ex

326 1499 475 1567 Philone.
528 1503 577 1562 Διι
598 1501 694 1562 etiarn
717 1493 879 1586 Ἀμιοιίις,
912 1503 951 1564 de
973 1521 1013 1564 eo
1035 1505 1104 1566 vid.
1118 1506 1156 1566 ad
1174 1505 1292 1584 Polyb.
1310 1517 1369 1582 25.

327 1614 363 1684 4.,
382 1623 417 1682 9.
448 1603 559 1681 Scylax
582 1615 613 1664 et
636 1603 819 1684 Xenophon
839 1623 905 1664 non
929 1605 1116 1690 adtingunt.
1144 1607 1199 1668 etii
1223 1608 1370 1670 Datamia

328 1717 429 1770 aetate
452 1703 561 1766 lletille
589 1723 628 1765 ex
654 1704 817 1781 Polyaeno
842 1720 875 1783 7.
897 1704 994 1768 ani.
1025 1710 1164 1790 adparet.
1215 1710 1266 1768 dn
1287 1709 1368 1770 olim

328 1807 455 1871 Heneta
478 1803 574 1866 luerit
589 1807 761 1874 nominata.
789 1807 947 1866 incertum
967 1807 1021 1880 etl.
1046 1810 1189 1869 etunius
1205 1808 1369 1870 Zenodoti

328 1910 516 1977 auctoritate
547 1907 676 1976 nititur.
716 1907 828 1987 quiin
854 1907 997 1970 Homero
1026 1909 1063 1970 ll.
1083 1927 1114 1978 o.
1137 1921 1221 1986 852.
1246 1929 1307 1988 pro
1330 1895 1368 1984 ἐξ

260 2033 263 2040 ¹
329 2006 468 2073 Ἐνετῶν
490 2007 564 2070 telle
580 2007 734 2069 Strabone
758 2022 811 2070 ta.
834 2028 866 2090 p.
885 2020 968 2087 374.
986 2007 1007 2071 l.
1024 2023 1109 2090 543.
1127 2011 1202 2092 legit
1223 1999 1260 2074 ἐξ
1284 2007 1370 2074 Ἐνε-

328 2111 401 2194 ιῆι,
428 2124 461 2172 et
475 2119 512 2169 ad
532 2106 673 2170 Amisum
689 2109 808 2172 retulit.
856 2110 948 2170 Plura
965 2112 1005 2171 de
1022 2129 1061 2170 eo
1078 2111 1164 2172 dabit
1178 2109 1304 2172 Salmas.
1328 2112 1368 2172 atl

329 2213 430 2276 Solin.
453 2231 519 2293 cap.
537 2220 596 2292 44.
623 2209 643 2272 l.
660 2211 719 2290 46.
743 2231 774 2290 p.
799 2230 842 2272 tn.
860 2212 945 2288 624.
999 2205 1104 2273 Πόλιν
1132 2207 1310 2296 ‘Ehiuyuidcr
1336 2227 1370 2276 et

328 2308 493 2396 Ἑλλήνων
516 2303 651 2376 ἄποικον
672 2325 762 2372 vocnt
780 2311 977 2374 Constantin.
998 2313 1154 2395 Porphyr.
1170 2335 1196 2374 c.
1213 2315 1234 2376 l.
1270 2315 1368 2376 Athe·

329 2414 486 2477 nienfiuru
509 2413 667 2473 coloniam
690 2412 811 2474 Arrian.
829 2413 862 2472 in
885 2413 1008 2496 periplo
1030 2435 1101 2498 pag.
1126 2416 1179 2478 ro.
1204 2413 1306 2476 liudi.
1334 2429 1367 2478 et

329 2515 465 2595 Appian.
491 2513 523 2572 in
547 2511 692 2573 Mithrid.
715 2532 781 2594 cap.
806 2525 839 2591 fl.
891 2515 1016 2576 Priores
1046 2529 1151 2576 tamen
1175 2518 1303 2578 inducit
1327 2535 1366 2578 ex

328 2613 544 2694 Theopompo
561 2613 672 2674 Strabo
695 2629 747 2676 ta.
773 2633 804 2694 p.
823 2628 906 2692 377.
926 2613 947 2678 l.
964 2628 1049 2694 577.
1084 2617 1199 2697 quibus
1222 2615 1365 2679 iirecelle-

330 2717 395 2776 rint
411 2709 614 2776 dtltenienlet
635 2727 667 2774 et
683 2727 760 2774 tnnc
777 2714 944 2778 Piraeeum
962 2731 1123 2786 vocatam.
1151 2719 1237 2778 unde
1253 2733 1283 2780 et
1299 2719 1366 2798 qui·

330 2815 403 2878 dam
422 2813 524 2902 Πειρο
542 2817 575 2874 in
596 2817 704 2876 numia
718 2816 753 2874 ad
769 2835 838 2878 eam
855 2815 1014 2891 referunt;
1045 2819 1130 2899 qnod
1151 2833 1257 2880 tamen
1274 2821 1367 2882 valde

329 2919 488 2980 incertum
512 2913 572 2978 elle
603 2917 790 3000 pronuntiat
812 2917 935 2980 Ecklrel
967 2923 1000 2980 in
1025 2919 1126 2982 doctr.
1160 2941 1250 2982 nurn.
1271 2921 1309 2982 P.
1334 2941 1367 2984 1.

329 3019 403 3080 Vol.
422 3034 454 3080 a.
476 3037 507 3100 p.
528 3031 611 3097 390.
645 3019 914 3096 ScymnuoChiua
928 3032 1032 3081 tamen
1051 3021 1083 3080 in
1100 3018 1210 3105 fragm.
1229 3041 1260 3083 v.
1283 3031 1368 3102 ¹84·

329 3117 542 3184 Phocaeenlea
556 3138 595 3180 ex
614 3119 704 3180 lnnia
723 3134 818 3204 gente
835 3121 1017 3184 conditores
1035 3135 1202 3184 memorat.
1255 3125 1302 3184 dn
1325 3121 1368 3184 ab

329 3221 549 3286 Amazonibus
571 3217 665 3281 fuerit
689 3221 833 3289 condita.
867 3222 906 3282 de
930 3241 969 3284 eo
991 3243 1030 3284 ex
1051 3243 1154 3285 numo
1173 3223 1255 3305 apud
1281 3223 1368 3286 Pati·

330 3343 412 3385 num
437 3323 475 3383 de
492 3323 621 3405 impera.
639 3323 678 3384 ll.
701 3341 731 3402 p.
753 3337 835 3394 227.
863 3323 1007 3404 disquirit
1027 3323 1112 3386 Petit
1136 3323 1183 3386 lut
1203 3327 1248 3386 lea
1270 3327 1367 3387 hura·

329 3443 480 3487 maeones
501 3443 570 3506 pag.
588 3435 663 3500 454
680 3421 741 3504 sqq.
795 3426 842 3484 De
867 3424 953 3488 urbia
976 3426 1130 3510 dignitate
1148 3439 1179 3487 et
1198 3427 1367 3508 opulentia

330 3527 480 3587 tollantur
502 3525 607 3585 multi.
661 3525 713 3585 Sic
733 3523 846 3586 Strabo
863 3545 889 3588 c.
907 3525 927 3588 l.
954 3539 986 3585 et
1004 3547 1043 3588 ex
1060 3545 1099 3588 eo
1111 3526 1289 3607 Stephanae
1306 3545 1366 3592 vo·

328 3640 401 3690 cant
423 3621 518 3690 πόλιν
541 3615 736 3709 ἀξιόλογον,
768 3625 924 3688 Plutarch.
947 3627 979 3686 in
1003 3627 1136 3688 Lucullo
1159 3647 1225 3708 cap.
1247 3639 1301 3709 alp.
1318 3648 1365 3694 ιιι.

331 3718 508 3816 εὐδαίμονα
533 3719 586 3788 noi
608 3721 777 3790 πλουσίαν.
830 3727 942 3790 Cicero
965 3747 1021 3808 pro
1039 3727 1075 3790 L.
1092 3728 1220 3790 Manilia
1241 3748 1309 3810 cap.
1327 3741 1364 3808 3.

328 3831 363 3893 in
396 3850 432 3892 ea
466 3843 498 3890 et
528 3827 648 3908 Sinope
685 3829 778 3887 iactat
810 3829 893 3911 regia
920 3827 1158 3912 (Mithridatia)
1189 3831 1364 3902 domicilia.

329 3931 480 3995 omnibus
502 3928 596 3991 rebus
619 3941 727 3990 ornata
749 3943 842 4010 atque
870 3926 993 3992 referta.
1044 3931 1133 3992 Tulit
1155 3933 1251 3992 etiam
1276 3933 1365 3996 viroa

328 4033 489 4103 eruditos.
517 4032 548 4092 in
566 4029 678 4113 quibua
697 4029 807 4092 Strabo
827 4032 973 4090 nominat
989 4031 1200 4102 Demetrium.
1227 4047 1269 4102 et.
1297 4053 1363 4116 quo

327 4149 531 4221 praeceptore
573 4129 647 4195 usur
688 4145 770 4202 erat.
817 4131 1061 4210 Tyrannionem
1101 4133 1362 4200 Grammaticum.
