2764 4958
291 405 354 473 ιι,
561 395 723 454 uorsa
764 395 1067 455 Exacurrcsr.

289 569 397 632 llidot.
421 566 588 654 orig-15,
612 585 668 633 ια.
710 568 863 650 Magalia
888 581 995 632 autem
1021 569 1192 654 Virgilium
1214 565 1327 629 dixiss'e

289 683 405 732 monet
428 671 560 734 Servius
581 689 638 752 pro
661 673 826 752 magaria,
860 672 933 752 quia
955 691 1083 752 magar,
1116 689 1183 731 uon
1206 667 1327 750 magas,

287 771 476 834 Poenorum
493 773 602 856 lingua
618 773 728 833 villam
750 771 912 855 significet.
949 772 1012 834 Sed
1031 770 1175 854 pluribus
1190 769 1330 853 magaria

287 874 467 934 vindicavit
489 874 667 946 Bochartue
688 876 722 934 in
745 873 896 935 Chanaan
916 891 946 944 ι,
968 883 1026 952 24.
1052 886 1085 932 et
1106 873 1230 941 docuit,
1257 891 1329 931 ma·

287 975 376 1054 galia
394 987 538 1056 corrupte
553 972 617 1036 fere
633 976 758 1044 vocari,
786 989 821 1036 et
835 974 911 1045 else,
936 976 1021 1034 utin
1038 972 1230 1056 Carthagine
1244 972 1329 1032 anti·

287 1095 365 1156 qua,
391 1091 485 1156 portu
502 1090 534 1136 et
550 1095 618 1137 arce
636 1075 763 1155 demtis,
788 1077 945 1156 reliquum
961 1074 1048 1136 urbis
1064 1076 1187 1134 civium
1205 1070 1327 1132 habita-

286 1177 369 1238 tioni
387 1176 585 1238 destinatum.
639 1175 761 1238 Diserte
779 1179 875 1238 etiam
890 1175 1001 1258 Nepos
1019 1177 1103 1256 apud
1117 1173 1265 1236 Servium
1281 1172 1326 1232 ad

286 1275 398 1360 Virgil.
416 1278 494 1339 lien.
517 1296 545 1346 r,
569 1292 654 1354 372.
686 1277 887 1360 Carthaginis
910 1289 1032 1358 partem
1056 1276 1241 1337 interiorem
1264 1291 1329 1332 vo-

287 1390 389 1438 catam
411 1377 471 1440 ello
490 1379 568 1438 dicit
588 1369 732 1468 Byrsam,
758 1379 947 1440 exteriorem
967 1377 1118 1458 magalia.
1157 1373 1324 1438 Salmasius

284 1479 323 1538 ad
341 1477 440 1540 Solin.
457 1499 489 1559 p.
505 1499 548 1540 rn.
569 1495 651 1541 ooo.
673 1501 689 1541 a
706 1481 831 1558 Syriaca
848 1498 927 1540 voce
943 1479 1052 1557 magas
1072 1479 1092 1540 i.
1110 1497 1140 1539 e.-
1163 1473 1225 1536 salx
1238 1473 1323 1535 deri-

284 1594 356 1650 vat,
381 1593 419 1640 ut
437 1579 473 1640 iit
488 1580 666 1640 aedilicium
684 1581 832 1642 lateribus
851 1579 936 1642 falcis
954 1580 1046 1640 instar
1062 1579 1214 1640 incurvis.
1253 1575 1324 1637 Sed
1343 1593 1346 1596 ·

284 1699 324 1740 ex
338 1680 497 1762 prioribus
511 1695 542 1741 ot
557 1681 683 1744 aliunde
697 1683 860 1762 utriusque
876 1682 965 1742 vocis
980 1681 1186 1762 discrepantia
1203 1676 1323 1740 elucet.

283 1781 358 1843 Huc
390 1783 511 1843 accedit
535 1785 655 1863 primae
684 1781 817 1863 syllabae
840 1780 999 1850 mensura,
1033 1801 1095 1862 qua
1121 1783 1155 1840 in
1178 1777 1324 1856 magatia

281 1883 488 1964 producitur,
521 1897 629 1944 contra
662 1885 695 1945 in
729 1883 872 1964 mapalia
905 1883 1086 1964 corripitur.
1137 1880 1195 1940 llla
1219 1878 1324 1962 igitur

281 1983 390 2045 slativa
412 1985 587 2055 domicilia,
621 1985 698 2047 haec
720 1984 898 2065 (mapalia)
928 1983 1069 2064 plaustris
1090 1994 1180 2043 vecta
1197 1993 1229 2040 et
1247 1997 1323 2040 mo·

282 2083 374 2156 bilia,
394 2105 493 2166 ¹quare
510 2087 606 2146 etiarn
627 2107 685 2167 pro
702 2085 846 2148 tentoriis
860 2097 958 2146 erant.
993 2084 1065 2145 Vid.
1082 2083 1183 2144 Tacit.
1202 2079 1322 2143 Annsl.

263 2193 266 2199 ’
284 2199 317 2265 5,
339 2197 396 2264 74.
424 2197 459 2265 4,
479 2199 537 2262 25.
565 2187 636 2249 Liv.
653 2204 711 2265 29,
729 2203 787 2265 31,
805 2198 838 2262 8.
874 2187 916 2245 Et
932 2184 1009 2245 hinc
1024 2184 1148 2246 Plinius
1162 2195 1193 2257 5,
1205 2178 1322 2259 ala.

283 2287 425 2364 mapalia
450 2277 531 2375 sua,
566 2287 625 2346 hoc
657 2286 701 2378 est
730 2287 843 2348 domrrs
872 2283 1022 2376 plaustris
1050 2273 1321 2366 circumferentes.

281 2386 375 2452 Plura
392 2386 512 2447 dabunt
530 2401 650 2466 praeter
665 2387 837 2468 superiores
852 2387 891 2446 de
908 2399 1038 2466 utraque
1053 2403 1133 2444 voce
1149 2381 1258 2442 nouus
1274 2382 1323 2442 acl

282 2486 420 2568 Nepotis
435 2485 544 2568 fragm.
564 2507 590 2549 c.
609 2501 642 2565 5.
675 2489 791 2550 Savaro
808 2488 846 2548 ad
863 2487 974 2549 Sidon.
994 2486 1164 2566 Apollinar.
1180 2503 1211 2564 p.
1232 2499 1321 2546 ua.

280 2586 406 2648 Salmas.
428 2589 461 2646 in
483 2587 583 2649 Solin.
605 2609 636 2668 p.
653 2607 696 2650 m.
715 2604 785 2668 219
805 2587 844 2668 sq.
877 2589 909 2648 in
931 2589 1042 2669 primis
1063 2587 1167 2646 liitter
1190 2583 1228 2643 ad
1247 2582 1322 2643 Gu-

279 2687 361 2748 thrie
379 2721 425 2734 -
439 2687 526 2746 Welt
539 2722 550 2734 ·
565 2688 677 2751 Gesch.
700 2691 740 2752 T.
760 2702 792 2766 5.
814 2691 849 2750 P.
875 2706 906 2750 a.
929 2711 962 2770 p.
990 2701 1034 2765 53
1053 2685 1094 2767 sq.
1128 2685 1185 2766 qui
1205 2697 1322 2746 tamen

279 2790 411 2870 magalia
427 2790 519 2848 unice
538 2802 656 2862 tuetur,
683 2791 818 2874 magaria
835 2808 949 2850 vocem
967 2789 1060 2850 nihili
1078 2799 1178 2882 putat,
1204 2799 1237 2846 et
1257 2786 1323 2865 qui

278 2887 350 2948 data
380 2909 474 2970 opera
504 2889 543 2950 de
574 2889 709 2951 vocibus
741 2890 881 2970 mapalia
907 2903 939 2948 et
965 2889 1106 2968 magalia
1136 2883 1323 2966 disquisivit

278 2987 599 3074 (Magdeb.1736.)
627 2991 784 3052 Callelius.
835 2990 957 3052 Similia
994 3003 1100 3050 autem
1135 2985 1322 3069 mapalibue

279 3091 453 3166 alisatiam
482 3093 608 3172 tuguria
640 3109 696 3171 per
727 3089 861 3152 Africam
886 3091 1033 3171 Asiaeque
1056 3091 1172 3170 aliquas
1196 3101 1319 3168 partes,

279 3192 380 3252 veluti
403 3191 487 3272 apud
510 3190 761 3272 l’aropamisarlas
787 3194 820 3253 iu
846 3211 961 3252 cannae
991 3191 1124 3252 modum
1149 3204 1319 3262 coeuntes,

277 3289 329 3354 sed
351 3292 505 3353 laterculis
527 3292 672 3362 structas,
705 3293 739 3352 in
762 3291 821 3352 usu
844 3289 931 3352 fuisse
956 3291 1085 3352 discitur
1100 3310 1139 3352 ex
1163 3289 1319 3352 Diodoro

279 3394 340 3452 Sic.
366 3409 420 3466 17,
439 3404 498 3468 ga.
531 3407 563 3452 et
586 3393 698 3454 Curtio
717 3408 750 3466 7,
774 3406 806 3471 5,
832 3403 865 3469 8.
916 3395 968 3454 Sic
990 3413 1007 3452 a
1031 3391 1237 3451 tabernaculis
1261 3392 1321 3452 vel

275 3495 421 3555 tentoriis
436 3493 513 3552 dicti
535 3495 567 3554 in
580 3493 697 3554 'Arabia
714 3494 876 3560 Scenitae,
902 3493 942 3554 tle
967 3492 1082 3574 quibus
1097 3493 1180 3551 Pliu.
1198 3504 1231 3566 8,
1249 3504 1319 3566 32.

275 3593 298 3656 s.
320 3607 379 3672 23.
405 3595 504 3656 Solin.
522 3613 549 3656 c.
569 3595 625 3670 56.
645 3592 664 3655 s.
682 3607 740 3672 53.
792 3595 964 3674 Utramque
981 3609 1087 3654 autem
1112 3589 1319 3652 consuetudi·

274 3715 351 3758 nem
375 3697 408 3756 in
431 3697 606 3775 mapalibus
625 3707 657 3754 ct
681 3694 854 3777 magalibus
876 3697 973 3754 etiam
995 3674 1081 3756 nunc
1103 3691 1222 3752 servare
1244 3691 1320 3753 ista·

275 3817 348 3858 rum
382 3799 551 3878 regionum
581 3795 717 3874 populos
748 3809 837 3855 notat
862 3793 914 3854 hic
941 3790 1064 3854 Voffius
1090 3807 1122 3854 et
1145 3795 1318 3855 confirmat

275 3897 370 3960 Shaw
387 3917 413 3956 c.
432 3897 454 3955 l.
477 3896 516 3956 Τ.
537 3914 566 3957 l.
582 3915 615 3974 p.
634 3897 703 3972 369
721 3893 763 3974 sq.
786 3896 824 3954 rle
842 3892 973 3974 Kahylr's
988 3909 1020 3956 et
1035 3893 1201 3962 Baduiuis,
1231 3913 1317 3972 quo-

195 4011 200 4024 ·
275 3995 410 4058 rum'illi
425 4014 593 4064 montana,
623 3995 657 4054 hi
673 3995 762 4075 plana
778 3994 845 4054 loca
866 4008 987 4056 teuent.
1031 3997 1073 4054 Hi
1092 3992 1145 4052 snb
1162 3995 1317 4057 tentoriis

266 4107 389 4183 agunt,
413 4115 491 4178 quae
510 4095 641 4162 Arabica
657 4095 853 4178 adpellantur
865 4095 1014 4178 Iilaymas
1035 4095 1152 4162 [Rea
1168 4093 1195 4154 el
1213 4093 1318 4170 saar,
