2756 4964
19 89 21 220 j

19 389 21 480 7
180 390 380 450 rnromr.
411 392 517 450 mar.
558 393 638 450 ut
680 391 784 458 etv.
826 392 904 462 tr.
997 408 1054 452 ιοι

19 483 20 520 l

67 558 110 624 th
126 563 305 640 (bochartus
322 560 360 626 in
374 563 499 648 Phaleg
512 574 549 644 4,
568 567 646 644 33.)
670 561 726 628 alii
744 561 844 628 etiarn
861 560 975 637 aliter,
998 561 1048 626 uti

66 660 120 722 dilci
129 665 216 746 potest
228 686 267 726 er
281 663 452 726 Eustathio
468 665 509 728 ad
518 668 653 730 Homer.
668 666 774 746 odytl.
791 676 828 746 4,
846 675 904 744 85.
922 688 954 750 p.
969 679 1047 742 152.

65 763 112 824 tal.
130 781 156 826 et
168 764 204 824 ad
217 762 351 845 Dionys.
364 787 398 828 v.
418 779 500 842 175,
550 763 643 828 Varia
663 765 735 828 eius
754 763 889 828 nomina
904 765 1048 828 recenset

65 861 202 946 Stephanus
220 866 253 926 h.
271 887 306 927 v.
340 862 387 928 ita
409 881 537 943 tamen,
566 883 604 928 ut
618 867 660 928 ad
679 863 751 930 eiua
767 881 876 952 partes
894 863 957 928 alia
979 881 1047 928 tan·

63 965 189 1030 uomodo
207 963 413 1049 pertineant,
435 965 486 1028 uti
507 967 604 1030 docet
618 965 778 1030 Cellarius
794 963 829 1028 in
847 967 965 1048 Geogr.
981 980 1047 1028 ant.

62 1059 98 1122 lib.
110 1075 139 1142 4.
153 1066 179 1146 l.
195 1085 225 1126 o.
276 1067 374 1150 Quae
389 1087 407 1128 a
420 1058 531 1154 Λιβύῃ
548 1067 750 1130 descendunt
769 1063 905 1150 gentilia
928 1081 961 1127 et
976 1065 1047 1149 pos·

61 1161 135 1224 leon
153 1163 236 1228 dabit
256 1167 445 1249 Stephanus
468 1168 501 1228 b.
524 1189 556 1230 v.
577 1169 617 1230 ab
639 1165 749 1230 Africa
771 1160 868 1258 Aser,
899 1158 1046 1256 Africus,

58 1253 190 1350 Ajrbams
205 1262 241 1326 in
255 1264 387 1330 Latinis
404 1265 483 1339 dici,
499 1266 621 1332 Lexica
638 1268 767 1330 docent.
805 1267 873 1352 lpsa
888 1264 999 1330 Africa
1013 1282 1046 1330 et

57 1360 133 1422 latiori
162 1365 248 1426 lenlu
274 1365 419 1440 dicitur,
453 1384 493 1430 ut
521 1365 595 1440 bic,
629 1383 662 1430 et
693 1353 865 1439 strictiori,
898 1381 936 1428 ut
959 1363 1045 1430 infra

56 1481 103 1544 op.
121 1478 148 1538 7.
178 1469 235 1549 eto,
249 1465 383 1530 diverso
404 1466 479 1530 aliia
500 1469 613 1532 uiuet
634 1467 779 1539 ambitu,
814 1469 855 1530 tle
883 1485 949 1552 quo
973 1463 1043 1530 vid.

55 1561 158 1642 lppian.
171 1566 209 1626 de
227 1569 267 1628 Β.
286 1565 362 1630 civ.
377 1578 413 1647 4,
437 1581 495 1646 53.
546 1571 595 1631 De
612 1565 682 1630 eiua
704 1565 854 1632 terminia
876 1583 909 1630 et
927 1583 1043 1630 natura

55 1659 181 1748 deinceps.
228 1668 401 1750 Quatenus
420 1665 587 1731 veteribus
610 1665 711 1731 fuerit
735 1666 885 1752 cognita,
919 1663 1042 1752 disqui-

55 1779 106 1822 nnt
123 1781 240 1846 praeter
264 1766 350 1830 aliot
372 1761 532 1832 Cellariur
548 1767 585 1830 in
606 1771 727 1852 Geogr.
747 1785 812 1832 ant.
832 1765 890 1830 lib.
904 1776 939 1846 4.
962 1788 989 1830 c.
1008 1777 1043 1844 8.

55 1879 75 1921 tt
84 1863 155 1925 Paria
169 1864 203 1928 in
217 1867 403 1930 Memoires
417 1869 458 1930 de
477 1867 666 1932 l'academie
682 1869 739 1932 det
759 1867 875 1930 insert.
887 1901 935 1918 ·-
950 1864 1043 1928 Parit

53 1961 97 2024 Vol
111 1980 137 2040 7.
151 1988 181 2053 p.
196 1984 242 2046 79
262 1969 331 2054 sqq.
371 1967 656 2055 circumnavigari
673 1970 778 2054 polle,
802 1983 917 2031 auctor
937 1967 1043 2030 noller

53 2061 156 2126 aliorum
175 2065 370 2130 teso‘moniia
390 2068 541 2133 evincere
563 2071 667 2134 studet
688 2067 745 2132 lib.
763 2085 796 2148 7.
820 2089 848 2133 c.
864 2087 899 2148 9,
918 2081 951 2144 3.
992 2067 1043 2128 In·

53 2163 177 2245 agnitam
195 2185 308 2232 tamen
330 2168 423 2232 fuiffe
445 2173 530 2232 ultra
551 2172 691 2254 gradum
712 2189 766 2234 ιο.
790 2191 831 2233 ex
852 2171 1042 2232 Ptolemaeo

53 2272 115 2342 4⁴9.
134 2268 270 2352 adparet.
325 2273 368 2334 tt
389 2270 627 2334 accuratiorem
647 2269 791 2334 habuisse
810 2285 937 2332 veteres
960 2265 1042 2328 inte-

53 2359 119 2426 rioris
134 2367 254 2432 Africae
277 2369 467 2443 scientiam,
493 2373 614 2436 docent
635 2393 692 2444 ea,
718 2391 801 2456 quae
817 2391 835 2432 a
850 2371 1041 2432 Ptolemaeo

53 2481 313 2535 commonerentur
335 2489 369 2534 et
389 2471 470 2533 olim
486 2471 522 2534 in
542 2473 731 2544 Herodoto,
766 2469 860 2534 cuiue
881 2465 1041 2530 narratio·

53 2559 119 2628 nibus
133 2570 229 2633 nolha
244 2590 354 2636 aetate
370 2571 451 2634 fides
467 2575 595 2636 accellit
615 2569 797 2636 certilstma.
837 2569 888 2633 Cf.
905 2569 948 2632 de
964 2571 1039 2632 Pto·

53 2663 132 2728 ltmaei
153 2671 371 2758 descriptione
392 2675 526 2736 lloache
547 2672 584 2736 in
604 2671 678 2737 hill.
697 2673 739 2735 de
761 2665 957 2735 ltacademie
982 2669 1040 2732 det

52 2762 164 2832 So'encea
183 2773 222 2835 tle
240 2773 340 2840 Paria
357 2795 413 2837 an.
431 2787 540 2854 1787.

100 2973 206 3058 Nilo)
255 2975 403 3041 Africam
434 2977 650 3042 Catabathmo
681 2975 759 3056 [vel
786 2971 1040 3058 Aegypt01ter·

54 3065 153 3144 fflissffl',
171 3093 286 3140 auctor
298 3079 487 3140 Herodotus
502 3080 723 3161 Melpomene,
747 3076 798 3155 [4,
812 3077 889 3155 4ι.]
915 3067 1039 3133 Sallust.

54 3165 161 3249 hgmh‚
179 3177 227 3255 [c.
246 3195 303 3256 17.
321 3178 343 3240 l.
363 3182 434 3260 oo]
460 3179 575 3240 Strabo
591 3180 710 3260 Geogr.
731 3179 789 3237 ult.
810 3175 892 3254 [17.
908 3194 940 3256 p.
956 3179 1039 3248 549.

55 3263 134 3348 [798-
152 3291 181 3338 et
195 3279 317 3356 576.l.
336 3283 441 3360 83·8.]
468 3295 501 3340 et
511 3274 716 3361 Pomponius
733 3273 805 3359 ipse
815 3271 901 3336 infra
917 3291 987 3352 cap.
1007 3277 1039 3343 8.

56 3366 96 3428 iti
110 3373 187 3449 lunt,
212 3377 271 3462 qui
294 3376 411 3441 Nilum
430 3399 534 3464 usque
557 3379 599 3440 ad
615 3378 854 3442 Catabathmon
875 3367 1042 3456 pertinere

56 3484 142 3545 lllmt
183 3477 289 3541 Aliter
305 3499 391 3539 vero
401 3481 608 3541 Ptolemaeus
628 3475 685 3540 lib.
707 3497 737 3539 a.
754 3497 824 3559 cap.
846 3497 875 3536 1.
896 3466 1042 3534 atticam

57 3573 176 3638 ¹trutinat.
205 3599 388 3642 acnorrva.
435 3577 538 3642 Pauci
559 3576 610 3640 illi
633 3577 849 3641 Catabathmo
870 3569 1041 3640 dirimunt.

56 3683 95 3729 otc
110 3692 171 3758 apte
191 3676 284 3750 sano,
320 3699 398 3740 eum
420 3677 531 3742 lateris
551 3675 712 3740 brevitate
727 3679 814 3739 hliae
834 3669 973 3735 minime
993 3687 1041 3731 re-

57 3763 176 3869 fl⁰¹¹fieat
224 3775 445 3842 adnumerari
466 3795 574 3841 tamen
593 3775 646 3839 hit
662 3774 712 3838 illi
729 3779 868 3845 debent,
903 3769 960 3858 qui
981 3773 1042 3834 Ae·

58 3881 152 3949 &ptum
164 3891 263 3940 totam
277 3882 369 3942 Asiae
382 3893 507 3960 partem
521 3876 659 3948 faciunt,
683 3895 892 3962 quamquam,
915 3887 954 3934 ut
974 3867 1041 3956 ipse

58 3961 237 4055 Mela‚parum
248 3977 304 4040 fibi
320 3976 357 4039 in
372 3979 436 4040 boc
452 3978 607 4041 constant.
637 3975 759 4039 Maiori
775 3991 885 4040 tamen
902 3991 1040 4036 numero

58 4080 186 4162 mamque
206 4077 285 4143 Nilo
310 4075 511 4153 terminant,
541 4075 727 4166 inquibus
754 4073 856 4142 etiam
883 4073 927 4138 est
954 4073 1041 4138 Mela
1088 4095 1097 4112 ·
