2764 4954
107 429 163 492 (1(
192 429 331 490 acue.
361 429 467 486 tuac
511 428 592 484 (.(.
637 427 743 486 cuc
783 425 862 500 ua.
944 441 1005 502 501

7 642 24 659 <a
46 623 75 678 9,
97 623 129 669 9.
157 605 304 688 Phrygas
320 601 486 688 Aegyptiis
506 603 626 684 prioree
646 599 773 662 habitor
789 597 890 672 fuine,
913 601 1010 684 idque

1 706 237 772 ‘Psammeticho
258 719 385 766 erutum
400 717 434 764 et
449 705 646 786 exploratum
660 700 774 776 refert;
798 721 863 784 quo
884 703 1011 786 respicit

34 814 161 872 adimus
184 811 220 868 in
237 808 373 888 Eutrop.
391 823 423 878 9,
442 819 524 882 950.
551 819 583 866 et
599 804 754 864 iudicium
769 805 956 867 scholiastae
970 805 1011 867 ad

10 914 116 992 polion.
150 909 264 972 Rbod.
288 921 324 986 4.
358 907 442 972 969.
487 907 622 970 lustinur
646 921 679 974 9,
708 925 736 967 t.
764 906 1029 968 contentionem

0 1044 13 1059 ι·
26 1044 40 1065 ··
59 1011 188 1091 Scythis
206 1011 247 1070 de
264 1011 370 1092 gentis
392 1006 545 1070 vetustate
566 1009 718 1090 exponit.
746 1007 781 1067 in
800 1027 859 1088 qua
874 1009 1009 1088 Scythae

9 1116 124 1174 'runt
182 1113 238 1174 Sic
257 1129 330 1170 cum
348 1111 415 1172 aliie
437 1110 567 1191 populis
583 1109 640 1170 hac
658 1109 756 1178 dere,
779 1111 916 1170 maxime
932 1129 1010 1170 cum

4 1215 168 1294 ieiuniis,
196 1225 373 1281 certarunt,
403 1211 443 1272 de
464 1229 528 1292 quo
543 1209 582 1272 ci.
601 1211 747 1272 Perizou.
767 1211 801 1270 iu
819 1213 932 1295 origin.
951 1211 1010 1272 Ba·

30 1337 76 1379 on.
90 1337 161 1396 cap.
181 1327 215 1390 5.
233 1333 264 1394 p.
284 1311 330 1388 56
348 1311 389 1394 sq.
417 1313 449 1372 iu
465 1313 576 1394 primia
591 1313 623 1372 iu
640 1313 755 1394 origin.
772 1313 907 1396 Aegypt.
929 1333 955 1374 c.
978 1333 1007 1375 t.

24 1417 93 1500 3iq.
144 1415 236 1476 Nota
268 1413 339 1474 suut
365 1414 454 1482 aliae,
491 1433 571 1494 quac
600 1413 640 1474 de
667 1413 823 1474 Arcadum
856 1413 1009 1476 vetustate

7 1535 111 1579 ntur
153 1529 191 1576 et
229 1515 352 1596 prolixe
385 1528 592 1598 exponuntur
624 1535 641 1576 c
673 1514 812 1577 Barthio
845 1517 885 1577 ad
918 1517 1011 1580 Statii

5 1647 9 1667 ,
32 1621 67 1682 b..
88 1631 124 1699 4,
153 1627 244 1696 974·
311 1651 314 1657 A

45 1817 285 1899 trecentos)
336 1819 409 1880 Hoc
428 1813 539 1900 potuit
562 1819 644 1890 fieri,
676 1817 727 1880 fed
748 1837 815 1880 000
832 1832 867 1880 ut
890 1813 1010 1880 fuerint

0 1928 1 1931 ’
31 1927 121 1984 enine
144 1921 242 2005 regui
259 1937 412 2002 perpetua
437 1915 644 1993 successioue3
677 1919 821 1982 sedtum
846 1923 1011 2004 Aegyptus

7 2036 9 2039 ’
31 2023 62 2084 'ia
83 2023 186 2084 fuerit
204 2023 240 2082 in
260 2023 345 2082 varia
361 2039 474 2105 regna,
506 2041 584 2103 quae
599 2023 713 2084 eodem
730 2035 876 2104 tempore
893 2021 1011 2104 singula

16 2139 146 2187 emunt
171 2123 247 2184 [uoe
262 2123 434 2204 peculiares
455 2143 561 2207 reges,
595 2123 667 2186 illoc
681 2141 793 2184 orrince
817 2121 1011 2205 constipare·

60 2230 92 2287 in
111 2223 373 2305 unamquemque
390 2220 626 2293 succeffionem
652 2238 683 2286 et
698 2226 849 2305 quoniam
866 2225 1011 2285 nationes

16 2354 20 2367 ·
54 2348 111 2388 nae
126 2329 162 2388 id
180 2327 331 2409 indagare
348 2345 386 2385 ex
402 2345 479 2386 vero
495 2345 562 2386 non
580 2339 765 2406 potuerunt,
787 2325 826 2386 sic
841 2327 901 2386 iliis
917 2323 1011 2385 insui·

0 2457 14 2469 ‘v
27 2443 124 2490 erunt.
183 2429 288 2496 Idem,
312 2427 333 2486 ii
348 2425 502 2486 summam
519 2409 654 2508 spectes,x
673 2439 870 2488 monuerunt
887 2422 1009 2488 Voffiue

7 2568 9 2571 -
29 2533 108 2592 uotis
126 2543 162 2592 et
181 2528 339 2590 Graevius
356 2527 425 2590 MS.
458 2547 482 2590 t.
505 2545 701 2590 ououuvrve
718 2529 794 2590 MS.
846 2528 1009 2611 Quantam

1 2631 2 2634 ’
30 2631 157 2692 uitatem
183 2631 217 2689 in
241 2629 384 2690 [ituenda
407 2649 518 2713 regum
546 2627 621 2690 serie
645 2631 828 2691 iactaverint
848 2631 1009 2713 Aegyptii,

9 2747 92 2810 paret
108 2753 149 2793 ex
168 2731 339 2792 Herodoto
358 2747 390 2799 9,
411 2742 479 2810 (49
496 2729 557 2812 sqq.
583 2744 613 2790 et
632 2733 729 2794 Diod.
751 2732 813 2794 Sic.
834 2753 861 2802 t,
879 2741 926 2811 43
945 2731 1007 2812 sqq.

3 2836 12 2875 1
39 2833 184 2894 Perizon.
209 2833 244 2892 iu
268 2831 392 2915 Origiu.
415 2833 550 2916 Aegypt.
576 2852 642 2912 cap.
664 2853 718 2895 (ι.
737 2854 769 2916 p.
792 2853 835 2893 m.
859 2835 926 2910 163
945 2831 1007 2914 sqq.

3 2968 6 2973 ·
36 2935 145 2994 Gibert
184 2929 404 2994 observatione
436 2931 487 2994 [ur
520 2934 700 2994 differentes
730 2933 834 2996 Suitee
864 2935 920 2994 dee
944 2937 1008 2996 roie

7 3029 133 3118 'Egypte
157 3035 193 3095 iu
220 3033 396 3096 Memoiree
420 3035 459 3094 de
484 3033 671 3096 l’academie
693 3037 748 3096 dea
769 3031 940 3096 10100-
968 3035 1008 3097 de

21 3138 109 3198 ἰοΤ.
126 3154 184 3215 (9.
201 3151 236 3217 p.
255 3154 270 3199 ι
292 3133 355 3216 sqq.
391 3137 439 3196 De
454 3137 609 3198 discordia
626 3136 709 3198 inter
726 3137 844 3198 Melam
861 3149 893 3196 et
908 3135 1009 3198 Hero·

6 3249 81 3298 tum
101 3239 258 3298 dixerunt
280 3251 375 3298 notae
393 3238 528 3302 criticae.

45 3430 242 3532 Amasin)
292 3439 343 3500 De
359 3437 421 3501 hoc
438 3440 582 3504 Lucanus
598 3439 654 3502 iib.
673 3459 707 3520 9.
731 3435 904 3530 [r.155.]
930 3441 1009 3503 Non

11 3537 49 3585 'i'
66 3541 271 3622 Waruidum
293 3541 422 3602 ruinalis
443 3533 566 3632 evulsus
588 3539 724 3633 Auiafis.
775 3543 853 3612 Hic,
880 3555 1008 3604 auctore

15 3637 120 3711 [ebio.
156 3641 317 3722 dynastiae
339 3659 468 3704 octavae
490 3645 632 3714 decimae
651 3665 704 3705 rex
720 3647 831 3706 tertius
846 3642 906 3704 fuit
922 3661 1007 3704 auno

6 3745 82 3803 ndi
105 3757 219 3826 3480.
253 3745 340 3804 unde
361 3747 542 3808 coniectura
559 3748 692 3809 evidens
709 3745 768 3807 effe
783 3746 900 3828 potest,
926 3745 1008 3805 mul·

4 3861 26 3900 0
46 3861 116 3906 ante
145 3867 224 3907 eum
250 3865 341 3929 reges
365 3846 509 3909 ssoruiffe.
548 3867 733 3908 vunrauva.
800 3847 916 3908 Amaiu
943 3848 1005 3914 hic,

1 3961 61 4004 ¹auu
77 3949 266 4009 Herodotus
287 3961 320 4006 et
339 3965 412 4007 cum
429 3969 466 4010 eo
484 3947 568 4010 Mela
584 3949 742 4034 intelligit,
767 3949 913 4032 regnavit
930 3947 1008 4026 Cyri

22 4045 178 4128 Canrbyiio
198 4049 408 4130 temporibus.
449 4047 500 4113 ef.
519 4051 675 4113 Herodot.
696 4067 727 4120 9,
752 4069 831 4112 roo.
862 4064 893 4128 3,
917 4071 946 4112 ι.
973 4063 1006 4109 et

0 4143 102 4212 iocur.
124 4170 157 4222 ι,
175 4151 236 4230 68.
255 4161 317 4230 95.
372 4151 579 4216 celebrantur
594 4155 747 4235 praeclara
764 4154 831 4214 ciue
855 4153 1006 4222 instituta,
