2892 4950
190 409 246 468 ιιι
273 407 413 468 roure.
442 409 550 468 uec.
589 409 670 467 ι.ι.
714 409 859 472 cxvtr.
901 407 981 482 ιι.
1043 417 1107 489 477

60 603 163 668 quam
178 581 218 646 rb
233 585 303 646 eiue
321 593 449 651 auctore
468 579 675 644 sacerdotium
695 595 860 666 tamquam
878 583 1107 648 hereditarium

62 685 210 756 traneiit,
236 697 272 745 ut
292 685 327 745 in
344 685 412 748 aliie
429 680 562 754 fulehut.
588 685 674 766 quod
696 686 853 770 exemplis
874 684 989 768 probat
1008 686 1106 768 Spau-

63 789 157 850 hem.
184 787 224 848 ad
245 783 431 850 callimach.
455 785 491 846 in
510 785 588 848 Pali.
608 805 641 852 r.
663 795 722 867 34.
775 787 976 852 succurritur
996 799 1105 849 autem

63 889 184 960 Melae,
209 885 230 945 fi
245 885 438 948 Branchidae
452 887 619 969 oppidum,
642 888 696 950 vel
713 889 821 950 locum
835 885 926 952 firiise
942 901 1105 970 putemur,

63 989 157 1072 quod
177 1007 247 1052 nou
271 985 374 1050 folum
394 987 570 1048 admittunt
587 988 687 1050 multa
700 989 787 1060 loca.
814 987 867 1051 sed
882 1002 915 1050 et
935 988 1104 1073 pullulant.

63 1093 114 1154 lta
138 1091 229 1152 enim
247 1087 440 1150 Branchidae
462 1087 660 1152 Milesiorum
682 1089 760 1152 dicit
781 1091 964 1153 Herodotus
988 1111 1017 1162 ι,
1041 1105 1102 1170 92.

62 1192 122 1278 τῆς
143 1185 319 1277 Μιλησίας.
359 1191 407 1250 Ita
421 1187 589 1253 l’euhniue
605 1205 638 1266 7.
657 1203 689 1270 5.
707 1208 741 1254 u.
762 1188 950 1280 Βραγχίδαι
966 1192 1026 1277 τῆς
1041 1191 1105 1254 Μι-

63 1289 202 1380 λγσίας,
228 1292 378 1372 idemque
395 1303 428 1368 5,
445 1305 478 1364 7.
495 1306 529 1370 3.
554 1287 644 1355 nurci
663 1289 857 1380 Βραγχίδας
880 1291 1041 1376 Alpheum
1063 1313 1104 1357 ex

63 1407 148 1458 tetra
178 1411 341 1477 emergere
371 1389 479 1454 refert.
536 1392 637 1484 Porro
670 1395 819 1460 Seleucus
844 1391 875 1464 ἐν
898 1389 1105 1483 Βραγχίδαις

62 1495 233 1560 oraculum
249 1491 434 1556 consuluisse
449 1489 545 1554 refert
559 1495 695 1559 Diodor.
716 1497 778 1560 Sic.
802 1513 856 1576 19,
874 1513 934 1576 90.
959 1517 1017 1578 pro
1037 1515 1102 1578 quo

62 1599 205 1681 Appian.
227 1596 261 1654 in
278 1596 346 1674 Syr.
367 1613 395 1656 c.
414 1595 473 1671 56.
499 1592 614 1666 scribit,
643 1594 826 1681 responsum
844 1595 945 1660 tulisse
959 1591 990 1661 ἐν
1009 1593 1104 1662 Διδυ·

61 1696 164 1790 μείρει,
199 1697 272 1766 vel,
304 1709 342 1756 ut
363 1694 648 1778 Schweighaeuser.
679 1699 796 1770 edidit,
827 1695 857 1763 ἐν
877 1693 1040 1786 Διδυμὲινς
1062 1697 1102 1764 sc.

61 1793 222 1890 μαντείῳ.
275 1797 363 1856 Ταιο
385 1797 435 1856 uti
458 1792 489 1860 ἐν
506 1794 709 1884 Βραγχίδαις
725 1801 852 1871 dicitur,
877 1801 920 1861 ita
942 1801 1039 1862 etiarn
1060 1799 1102 1864 de

62 1901 183 1964 eodem
205 1897 332 1960 oraculo
350 1891 386 1970 iv
408 1887 578 1984 Διδύμοις,
610 1901 743 1962 utillud
769 1903 808 1964 de
828 1901 978 1984 Apolline
1001 1901 1103 1964 Hero·

63 2003 161 2064 domu
182 2019 213 2072 ι,
234 2011 316 2078 157.
339 1998 400 2062 hoc
414 1997 579 2062 Pausaniae
595 2017 628 2072 α,
650 2021 702 2072 ιο,
717 2011 753 2080 4.
777 2017 810 2078 7,
828 2018 861 2072 o.
876 2012 911 2082 4.
936 2001 1051 2083 inquo
1068 2015 1103 2065 et

64 2103 201 2164 alterurn
222 2101 338 2184 iegitur
355 2109 387 2176 8.
410 2102 470 2180 46,
493 2118 527 2164 u.
578 2103 640 2166 Sed
663 2115 696 2166 et
717 2117 823 2185 operte
851 2099 1039 2190 Βραγχίδαι
1060 2103 1102 2165 de
1155 2123 1162 2146 ¹

64 2201 280 2266 sacerdotibus
303 2199 469 2284 usurpatur
485 2201 566 2284 aputl
585 2202 730 2268 Strabon.
751 2215 806 2285 ι4.
824 2225 857 2288 p.
873 2205 958 2284 436.
975 2202 996 2268 f.
1016 2205 1102 2284 654.

62 2305 198 2368 suidam
212 2303 245 2364 h.
266 2323 300 2366 ν.
350 2301 477 2365 Pollero
496 2317 603 2366 autem
626 2319 771 2388 ternpore
793 2307 881 2368 locus
903 2306 956 2368 ille
979 2319 1012 2366 et
1034 2325 1101 2367 ora·

64 2407 177 2468 culum
200 2404 325 2464 dictum
347 2403 390 2466 eil
410 2403 575 2487 Didymo,
607 2405 794 2470 Branchidis
821 2407 942 2490 templo
969 2407 1100 2490 prodito

63 2527 137 2570 curn
156 2508 262 2567 Xerxe
284 2502 494 2588 fugientibus.
526 2505 752 2589 (Straboni.
784 2511 863 2572 item
886 2529 940 2570 ιι.
963 2527 996 2590 p.
1015 2511 1100 2588 556.

61 2607 82 2671 s.
101 2604 213 2690 513.)
263 2607 306 2670 At
323 2605 510 2668 remanserat
531 2607 782 2672 Branchidarum
805 2607 903 2682 famu.
935 2629 1030 2692 quare
1043 2611 1101 2693 iph

60 2705 175 2793 passim
198 2708 349 2787 Didymis
370 2707 509 2768 habitare
530 2707 695 2780 dicuntur.
724 2711 826 2773 veluti
848 2713 882 2771 in
902 2711 999 2774 Suide
1013 2711 1046 2775 h.
1065 2732 1100 2777 v.

62 2811 215 2875 Cononis
229 2825 341 2870 narrat.
355 2821 414 2888 35.
439 2808 495 2869 ubi
508 2809 547 2869 de
556 2809 718 2872 Branchus
733 2811 772 2872 ab
789 2811 937 2894 Apolline
952 2809 1101 2888 ἐπίπνους

59 2911 221 3003 μαντικῆς
246 2904 389 2993 γεγονὼς
413 2904 444 2974 ἐν
469 2903 639 3000 Διδύμοις,
671 2911 721 2994 τῷ
745 2908 877 3000 χωρίῳ,
910 2913 1100 2976 vaticinatus

60 3013 122 3076 else
143 3025 298 3075 narratur.
335 3011 467 3092 Proprie
485 3024 589 3072 tumen
603 3014 702 3094 prius,
721 3033 737 3074 a
752 3013 837 3076 Mela
852 3013 985 3074 relatum
1002 3013 1098 3092 ualet.

58 3117 157 3176 Vatee
180 3125 286 3174 auteur
310 3113 457 3194 exaquio
480 3131 632 3193 vaporem
654 3113 850 3176 hauriebant.
885 3113 1099 3192 (Iamblichur

58 3217 100 3278 de
117 3214 245 3294 myster.
261 3213 335 3297 Aeg.
355 3227 387 3290 3,
407 3233 461 3276 ιι.
477 3215 522 3277 in.
548 3211 588 3276 cf.
603 3213 739 3295 pollen.)
786 3215 878 3276 Plura
896 3216 935 3277 de
950 3215 1097 3278 Brancho

58 3331 92 3380 et
114 3311 369 3377 Branchidarum
397 3315 530 3376 oraculis
553 3315 674 3374 dabunt
694 3315 876 3400 Boulenget
899 3315 939 3379 ‹le
963 3317 1096 3384 oraculie

57 3433 91 3482 et
112 3415 244 3480 vatibue
267 3435 293 3476 c.
313 3435 347 3494 9.
374 3429 406 3478 et
422 3413 566 3478 Oleari‘ue
581 3416 619 3476 ad
636 3416 814 3480 l'hiioslrat.
830 3428 864 3496 4,
888 3439 916 3480 ι.
937 3437 969 3500 p.
990 3427 1070 3498 ι4ο.

134 3617 198 3681 Di
206 3614 360 3698 ἄγονοί)
412 3615 542 3680 Nomen
558 3636 574 3678 n
589 3615 738 3700 Didyma
757 3621 902 3692 ductum,
926 3619 966 3682 de
980 3620 1096 3702 quibu!

53 3725 137 3784 haec
157 3719 354 3798 Stephanus:
388 3713 518 3806 Δίδυμα
542 3713 715 3804 οὐδετέρως
737 3717 839 3798 τόπος
862 3717 919 3784 καί
944 3721 1096 3810 μαντεῖον

54 3817 235 3907 Μιλήτου.
269 3816 488 3907 ἂφιεριυμὲνον
509 3817 567 3880 Διί
586 3812 640 3880 καί
662 3816 853 3886 Ἀπόλλωνι.
905 3825 958 3885 Sic
978 3824 1094 3886 Conon

54 3947 83 3988 c.
102 3925 126 3986 l.
148 3917 273 4006 χωρίον
297 3934 403 3990 vocnt,
442 3933 475 3980 et
508 3921 667 4002 ternplum
693 3924 850 4004 Apollinis
877 3938 909 3986 et
933 3927 1094 3987 oraculum

53 4024 212 4104 Didymie
227 4019 315 4084 fuisse
336 4020 431 4084 refert
452 4019 581 4083 Pausan.
598 4035 630 4096 7,
649 4038 682 4090 u,
698 4035 733 4102 4.
770 4025 873 4106 Atque
892 4025 969 4086 hinc
984 4023 1092 4108 passim

53 4126 143 4212 apud
167 4141 295 4187 aucoreu
318 4119 350 4187 ἐν
373 4112 525 4213 Διδύμοις
546 4119 807 4213 οοίςνΜιλγοίιιν
824 4127 959 4202 dicitur,
992 4128 1094 4190 veluti
