2892 4950
198 377 416 438 1910919.
446 376 552 436 Mlti.
592 375 672 432 Li.
715 375 876 433 cxviii.
917 375 944 445 ς.
968 394 996 432 ι.
1058 385 1120 449 6²²

85 557 221 624 Ptolem.
239 565 275 632 5.
294 567 328 616 9.
355 569 474 634 nempe
489 549 523 612 in
538 549 679 614 Aeolidis
695 549 847 612 confinio.
884 549 962 614 Non
977 550 1088 632 prorui
1106 569 1125 614 a

84 657 226 724 fontibue
240 651 419 736 excipiebat
434 649 575 744 Mysiam
591 671 629 713 ex
641 651 771 714 Temno
788 663 906 724 ortum.
927 654 1053 734 (Strabo
1068 671 1123 734 13.

85 785 115 846 p.
136 773 223 840 424.
250 754 272 822 i.
294 756 394 832 aro.)
427 773 522 836 quem
549 767 656 814 tamen
676 765 802 814 mutato
829 756 962 818 nomino
984 761 1126 826 eundem

86 874 175 946 putat
190 855 437 921 onomaton.
458 867 513 934 15,
532 867 616 928 977.
640 855 726 936 quod
744 855 841 916 etiam
858 856 961 918 statuit
978 858 1127 925 Mannert

87 963 156 1028 Vol.
174 962 209 1026 6.
232 959 270 1022 Ρ.
287 973 321 1034 3.
345 979 376 1042 p.
395 971 479 1036 397.
529 957 724 1018 Decurrebat
745 956 830 1018 inter
844 959 970 1020 Elaeam
994 975 1026 1022 et
1045 963 1127 1026 Pita-

86 1087 161 1136 nen,
185 1058 321 1146 (Noster
335 1073 368 1121 et
383 1059 468 1122 Ptin.
482 1071 516 1136 5,
533 1071 592 1134 59.
609 1053 630 1120 1.
641 1053 722 1138 30.)
748 1057 790 1118 ita
805 1071 842 1118 ut
856 1078 873 1120 a
887 1059 1000 1124 Pitane
1012 1063 1127 1129 aboffet

88 1183 133 1244 3⁰
151 1163 274 1232 dadin,
299 1162 337 1222 ab
355 1161 449 1222 Elaea
470 1174 524 1222 au.
548 1155 681 1243 (Strabo
701 1169 755 1233 13.
773 1179 805 1240 p.
819 1169 905 1238 423.
923 1159 943 1224 1.
960 1162 1078 1251 615.)
1093 1181 1128 1230 et

88 1267 219 1330 tandem
249 1264 284 1322 in
311 1262 483 1324 Eiaiaicum
510 1259 613 1322 sanum
637 1258 865 1326 effunderetur.
888 1257 1022 1350 (Strabo
1037 1286 1064 1330 c.
1082 1265 1127 1356 1.)

86 1369 132 1434 Η.
153 1363 407 1448 Mandragorai.

162 1563 360 1647 Elaeam)
412 1559 467 1626 Gr.
483 1559 614 1630 Ἐλαῖα.
660 1563 750 1628 otim
766 1566 849 1628 diota
865 1565 1024 1642 Cidoenin
1051 1571 1128 1636 teste

88 1671 266 1754 Stephano.
293 1665 507 1730 Conditorem
522 1680 612 1728 nacta
629 1665 672 1730 eii
686 1657 850 1730 Mnesthea
866 1683 899 1730 et
909 1671 1128 1746 Athenienses,

87 1773 144 1856 qni
163 1771 258 1832 ilium
284 1769 323 1830 ad
340 1768 474 1830 Troiam
497 1767 594 1832 ieonti
616 1781 721 1839 erant,
756 1781 795 1830 ut
817 1787 857 1830 ex
879 1771 1022 1836 Homero
1039 1776 1077 1838 ll.
1094 1791 1128 1847 9.

88 1887 174 1953 559.
196 1869 356 1954 probatur.
409 1869 456 1930 lta
476 1867 620 1934 referunt
642 1870 753 1933 Strabo
776 1883 831 1950 13.
853 1891 885 1952 p.
901 1881 987 1952 498.
1004 1872 1025 1938 1.
1042 1877 1128 1943 699,

86 1972 298 2056 (Stephanus)
320 1969 477 2034 Mnesthei
499 1972 596 2032 etiam
619 1989 739 2033 nomen
756 1972 898 2054 adposito
919 1975 1019 2055 capite
1042 1997 1130 2058 prae·

88 2075 198 2138 ferunt
215 2074 309 2134 numi
331 2072 472 2154 quidam.
506 2070 646 2150 (Raiohe
663 2072 740 2134 Lex.
762 2092 854 2136 num.
872 2075 970 2138 Tom.
988 2091 1020 2139 9.
1037 2077 1075 2141 P.
1097 2097 1128 2146 a.

88 2199 122 2262 p.
142 2187 228 2254 551.
263 2173 388 2236 Eokhel
415 2175 449 2234 in
468 2173 569 2236 doctr.
593 2193 683 2236 num.
710 2175 746 2235 P.
769 2194 799 2238 a.
822 2175 891 2237 vot.
916 2191 947 2238 9.
973 2181 1127 2259 19494.)

88 2279 187 2342 Urbis
202 2291 309 2338 aurern
325 2293 446 2338 nomen
462 2275 500 2338 ab
517 2278 678 2338 Amazone
694 2275 777 2357 petit
788 2274 928 2342 Eussath.
942 2280 980 2338 ad
996 2278 1129 2360 Dionys.

88 2401 122 2444 r.
141 2389 227 2457 898.
254 2377 340 2458 quod
361 2375 523 2446 fi'raleat.
551 2375 630 2438 illud
654 2377 694 2438 de
718 2375 885 2440 Mnestheo
909 2379 947 2440 ad
967 2379 1130 2442 coloniam

87 2477 311 2546 revocandum
342 2475 395 2546 sat,
430 2479 515 2558 quod
545 2491 651 2540 tamon
684 2477 844 2540 dictorum
876 2483 1044 2544 auctoritas
1073 2483 1130 2544 vix

87 2583 237 2666 patiatur.
300 2579 340 2638 ln
361 2577 479 2642 Aeoliis
504 2577 652 2647 orbibus,
689 2579 805 2660 quibua
836 2580 1045 2645 adnumerant
1066 2585 1130 2653 aiii.
1181 2615 1184 2622 Α
1242 2629 1244 2634 ,

90 2680 201 2746 omitit
228 2677 386 2740 Herodot.
408 2698 438 2750 ι,
467 2689 545 2764 149.
573 2679 779 2742 Attalicorum
812 2701 925 2766 regum
950 2699 1059 2766 portua
1086 2685 1131 2746 ibi

91 2783 157 2846 init
170 2795 206 2846 et
224 2779 347 2842 navale.
375 2779 500 2856 (Strabo
513 2799 541 2843 a.
557 2781 579 2842 1.
604 2795 637 2842 et
653 2801 684 2863 p.
694 2791 781 2860 498.
793 2780 812 2844 s.
825 2785 866 2844 61
876 2785 923 2860 5.)
958 2785 1044 2848 Hinc
1059 2786 1132 2848 Pto·

89 2887 234 2948 lemaeua
256 2881 389 2942 Latinua
405 2896 438 2960 5.
457 2897 490 2944 9.
515 2881 554 2944 ad
580 2881 683 2946 Elaea
708 2882 797 2944 addit
822 2885 1049 2963 Pergamorum
1075 2907 1132 2948 no·

90 2986 195 3048 valio.
233 2982 351 3045 Aberat
367 2993 475 3044 tamen
492 2983 680 3068 aPergamo
706 2998 774 3047 roo
794 2981 913 3054 stantia,
942 2981 1074 3060 (Strabo
1096 2989 1132 3048 in

90 3085 209 3172 podet.
227 3080 321 3166 ioco)
344 3082 396 3146 vel
415 3085 458 3148 16
475 3083 522 3146 Μ.
541 3083 578 3147 Ρ.
603 3083 721 3167 (rabula
736 3083 885 3168 I‘euting.
901 3103 935 3164 9.
952 3083 1008 3168 D.)
1046 3088 1132 3150 Hinc

90 3203 124 3254 et
139 3185 288 3250 Aristidea
302 3185 344 3245 T.
363 3203 394 3248 a.
415 3205 448 3268 p.
466 3194 549 3264 848.
570 3184 659 3248 labb.
679 3183 799 3257 scribit,
833 3184 862 3247 ie
883 3187 993 3250 Elaeae
1012 3190 1133 3271 requie·

92 3287 190 3360 vilia,
216 3299 250 3348 et
270 3283 393 3369 postero
415 3287 466 3348 die
488 3287 564 3348 inde
585 3286 777 3371 Pergamum
800 3285 928 3350 venilia.
970 3285 1037 3352 Sub
1057 3291 1133 3352 Tra·

92 3393 169 3454 iano
195 3398 405 3450 terraemotu
428 3385 569 3448 concussa
592 3387 645 3450 eii.
671 3388 827 3466 (Synoell.
845 3409 916 3474 pag.
933 3392 1016 3465 976.
1033 3391 1133 3468 Ven.)

93 3494 235 3556 Ducitur
243 3487 280 3550 ab
287 3488 380 3550 Elaea
388 3483 542 3564 'Edai'rn
555 3490 644 3573 regio
659 3488 786 3564 (Strabo
801 3503 895 3574 13.p.
907 3493 992 3570 498.
1002 3489 1023 3553 i.
1033 3493 1134 3571 616.)

94 3607 128 3658 et
154 3583 346 3663 Ἐλαΐτικός
377 3582 520 3664 κόλπος,
558 3590 591 3650 in
625 3607 722 3671 quem
753 3591 861 3672 paullo
894 3605 968 3654 ante
1001 3591 1135 3656 Caicum

95 3693 229 3758 effluere
250 3691 373 3754 notari.
425 3689 553 3752 Gemite
566 3685 730 3775 Ἐλαιίτης
744 3691 828 3772 apud
841 3693 1051 3776 Stephanum,
1077 3695 1134 3756 ubi

94 3809 205 3859 tamen
229 3789 369 3854 Holiien.
392 3813 424 3874 p.
441 3803 520 3870 ¹⁰8·
545 3811 584 3852 ex
603 3791 672 3854 MS.
688 3794 777 3876 regio
798 3793 949 3874 producit
967 3790 1133 3882 Ἑλαΐτης,

94 3897 185 3982 quod
209 3907 243 3956 et
262 3894 473 3974 comprobant
497 3892 590 3952 multi
613 3895 715 3956 numi.
765 3893 870 3957 Etfic
892 3897 1134 3960 exauctoribus

93 3996 228 4063 Pausan.
244 4005 277 4072 5.
297 4003 355 4072 94,
379 4015 407 4057 ι.
453 3991 583 4055 Nomen
602 3991 814 4065 hodiernum,
847 3994 950 4079 aqua
974 3997 1063 4062 urbie
1085 4017 1136 4062 err·

92 4101 176 4164 ssent
196 4095 342 4182 vestigia,
368 4093 430 4160 fide
447 4105 530 4160 certa
546 4106 687 4181 repetere
704 4115 841 4180 nequeo.
