2892 4950
214 361 569 422 utronnunr.
611 361 695 420 nr.
736 357 871 418 om.
913 359 993 430 tr.
1064 370 1125 436 ⁶5²

153 535 345 620 Parion)
396 535 452 598 Gr.
467 529 603 624 Πάριον.
639 534 767 598 Gentlle
790 527 931 624 Πάριος,
957 533 1037 596 civia
1055 529 1127 596 Πα-

75 633 187 728 ριινὸς
206 637 264 702 sec.
281 637 498 720 Stephanum,
528 651 562 700 et
582 637 659 698 hine
682 630 882 725 Παριανεὺς,
907 635 963 700 etii
985 635 1124 720 Scaliger

75 743 118 804 ael
134 738 266 802 Eusebii
289 741 401 802 chron.
421 761 455 823 p.
474 751 532 818 78.
554 741 720 802 Parianus
736 739 825 801 ducit
845 738 981 810 aPario,
1004 737 1125 798 Parius

75 861 94 902 a
108 842 204 904 Paro.
242 843 292 904 De
309 841 418 904 Parion
435 838 494 909 ns..
519 841 643 924 stoupia
658 842 748 924 plura
765 841 798 900 in
816 855 984 923 utramque
1000 835 1123 902 senten·

74 944 166 1015 tiam,
198 943 341 1006 Holllen.
363 943 572 1024 aristophan.
595 963 626 1026 p.
646 951 731 1024 245.
757 955 790 1005 et
811 940 937 1006 Salmas.
964 940 1004 1003 erl
1019 939 1122 1005 Solio.
1164 985 1167 991 -

73 1063 108 1127 p.
126 1064 173 1106 tn.
193 1043 278 1126 246.
316 1045 478 1106 Parianus
499 1045 584 1126 apud
610 1043 761 1127 Xenoph.
785 1043 825 1105 tle
849 1042 963 1126 expeti.
983 1056 1017 1121 5,
1036 1056 1070 1120 7,
1086 1053 1123 1120 5.

73 1145 162 1208 Ptin.
180 1155 215 1228 4,
239 1157 292 1224 ι8.
312 1144 332 1208 s.
354 1165 409 1208 ιι.
433 1179 480 1192 -·-
504 1161 538 1206 et
560 1148 593 1206 io
613 1147 723 1206 numia
745 1145 891 1208 occurrit.
943 1143 1069 1208 Plinius
1086 1155 1122 1222 5,

75 1257 139 1324 4⁰·
157 1243 177 1306 s.
196 1261 254 1326 32.
273 1244 461 1340 Adraslenm
478 1249 531 1324 (ει)
554 1248 690 1310 Homeri
707 1248 746 1309 ll.
765 1263 797 1317 2.
814 1258 898 1325 328.
920 1259 1022 1328 putat,
1044 1263 1121 1308 oon·

75 1361 125 1410 tn
150 1348 263 1410 Strabo
292 1363 346 1426 13.
374 1369 446 1434 pag.
464 1359 550 1429 404.
577 1347 598 1410 s.
619 1357 703 1426 588.
729 1363 897 1430 utramque
929 1348 989 1410 litu
1022 1348 1121 1410 etiem

74 1448 255 1534 distinguit.
307 1453 349 1512 At
374 1451 534 1512 exllinctia
560 1449 692 1512 urbibus
717 1451 859 1532 pluribus
880 1451 914 1510 in
934 1449 998 1514 hoc
1017 1461 1120 1512 tractu

76 1549 201 1616 incolae
219 1549 293 1612 aliae
312 1549 400 1613 sedet
422 1551 632 1634 quaesierunt.
681 1549 811 1616 Nomen
836 1572 854 1614 o
872 1551 965 1614 Pario
988 1549 1119 1615 salionlt

76 1651 163 1721 filio,
188 1669 286 1732 quem
305 1653 402 1714 etiam
423 1653 518 1734 aliqui
539 1651 641 1735 ipsum
661 1654 863 1715 conditorem
886 1650 1008 1724 ferunt,
1035 1655 1119 1732 (Ste-

73 1752 201 1834 phanae
217 1753 249 1816 lr.
267 1773 302 1816 v.
326 1753 487 1816 Ammian.
506 1771 564 1826 an,
581 1767 615 1832 8.
641 1754 788 1817 sirriauua
808 1753 891 1836 apud
913 1753 1054 1818 Enllath.
1077 1753 1118 1816 ad

74 1852 212 1916 Homer.
237 1852 346 1933 Odyls.
375 1867 408 1934 5,
440 1868 520 1934 125.
548 1877 580 1939 p.
603 1876 647 1918 ru.
669 1869 753 1936 213.
775 1857 835 1926 46.
863 1869 896 1918 et
919 1856 958 1917 ad
979 1853 1115 1936 Dionys.

73 1973 109 2016 v.
126 1959 229 2033 517.)
261 1956 404 2038 adeoque
427 1958 462 2019 in
488 1975 589 2020 numo
616 1956 718 2020 Pario
745 1957 874 2022 Condit.
898 1957 1023 2040 legitur.
1062 1955 1114 2023 Cs.

72 2053 212 2119 Eokhel.
231 2057 330 2120 doctr.
349 2077 440 2120 num.
459 2059 495 2121 P.
517 2079 546 2122 t.
567 2059 638 2122 Vol.
656 2073 689 2122 a.
705 2078 737 2142 p.
754 2059 840 2140 460.
867 2071 900 2120 et
919 2059 1060 2125 Holslen.
1075 2059 1116 2122 ad

72 2156 188 2240 Steph.
207 2178 240 2240 p.
255 2167 340 2237 245.
391 2159 455 2220 Alli
468 2173 575 2222 tamen
596 2159 725 2223 aliunde
738 2161 871 2222 colonos
885 2159 1050 2234 arcessunt,
1076 2173 1115 2222 ut

73 2257 263 2328 aMilostia,
291 2259 473 2339 Erythraeis
496 2274 529 2324 et
555 2261 654 2323 Pariis
676 2258 825 2322 insulanis
849 2260 961 2326 Strabo
978 2283 1006 2328 c.
1023 2264 1047 2329 l.
1073 2263 1115 2328 ab

72 2359 260 2438 Erythraeis
286 2358 360 2424 solia
386 2361 516 2424 Panion.
541 2380 575 2442 9,
598 2377 656 2438 27.
679 2363 725 2424 in.
778 2362 898 2424 Urbem
921 2365 1114 2429 maritimam

72 2474 236 2544 portuque
270 2461 450 2524 instructam
478 2463 613 2526 ollandit
638 2463 751 2526 Strabo
775 2483 802 2524 o.
829 2466 852 2528 l.
888 2465 987 2528 Plinii
1012 2481 1113 2532 aetate
1159 2537 1162 2544 ,

72 2563 201 2624 colonia
223 2559 285 2624 suit
307 2565 362 2644 (4,
390 2575 443 2639 ι8.
462 2563 484 2626 s.
507 2584 561 2628 tr.
590 2581 623 2640 5.
648 2577 707 2646 4ο.
724 2565 745 2626 s.
760 2570 840 2644 32.)
867 2568 992 2648 qualem
1015 2571 1113 2632 etiam

73 2665 168 2724 numi
186 2676 324 2734 norunt.
347 2667 523 2747 etquidem
538 2667 613 2728 iuria
628 2667 725 2728 italici
741 2685 779 2728 ex
795 2668 924 2751 Ulpiani
938 2670 1000 2734 fide
1016 2672 1054 2735 1..
1073 2672 1111 2736 t..

70 2765 194 2849 Digest.
214 2768 262 2828 tit.
279 2777 313 2842 5.
347 2763 399 2830 ci.
420 2769 459 2828 do
475 2767 526 2827 illo
548 2767 675 2830 colonia
692 2767 800 2846 Belley
820 2770 854 2830 in
870 2769 941 2834 hill.
960 2773 1001 2835 de
1020 2773 1112 2838 l'aca·

71 2868 181 2928 demie
201 2901 251 2914 -
267 2869 307 2930 de
323 2867 410 2930 Paria
424 2869 464 2930 Τ.
482 2881 540 2945 25.
556 2889 588 2950 p.
607 2879 656 2948 94
670 2867 732 2950 sqq.
777 2869 922 2932 Fuerunt
941 2871 997 2945 ibi,
1023 2879 1111 2961 quod

70 2968 282 3030 memorabile
304 2983 393 3031 notat
413 2968 544 3037 Strabo.
575 2963 771 3054 ὀφιογενεῖς,
802 2970 979 3049 Psyllorum
998 2999 1110 3063 genna,

70 3073 129 3151 qui
154 3091 172 3132 a
203 3069 344 3152 serpente
375 3071 485 3132 morsu
510 3071 632 3133 mederi
655 3083 819 3152 poterant,
853 3093 951 3153 quern
974 3082 1111 3160 probant

70 3174 169 3232 etiarn
182 3173 278 3233 Varro
289 3173 371 3254 apud
386 3169 534 3234 Priscian.
546 3193 578 3254 p.
588 3180 672 3257 894.
697 3172 733 3232 in
745 3171 887 3234 Putichii
902 3173 984 3256 synt.
996 3184 1111 3268 (vulgo

71 3273 118 3334 ibi
134 3274 258 3351 Pharii)
276 3287 309 3335 et
323 3273 406 3336 Plio.
424 3287 457 3348 7,
478 3289 512 3336 Ω.
539 3272 688 3334 Pococke
705 3273 802 3336 Tom.
814 3287 846 3354 8.
860 3294 892 3356 p.
904 3299 949 3342 ιιι.
964 3283 1045 3348 ¹62.
1065 3284 1112 3346 ibi

71 3375 168 3438 sunm
185 3375 315 3445 indicat,
343 3374 398 3436 nbi
420 3393 507 3435 nuno
528 3371 718 3454 conspicitur
741 3376 830 3438 viena
855 3378 987 3455 Kimere,
1012 3405 1110 3468 quem

71 3477 239 3542 d’Anville
265 3480 299 3537 in
323 3476 499 3540 Memoiret
521 3503 571 3520 -
596 3476 636 3537 da
657 3474 746 3540 Paria
767 3477 865 3542 Torn.
886 3491 944 3557 28.
973 3505 1006 3568 p.
1027 3487 1110 3569 886.

70 3593 167 3643 vocat
191 3579 354 3642 Isamort's.

149 3779 364 3862 Priapos)
416 3779 471 3842 Gr.
491 3777 656 3867 Πρίαπος,
679 3781 765 3843 unde
789 3780 993 3872 Πριαπηιός,
1017 3787 1114 3878 Πριη·

68 3879 150 3958 κάς,
178 3875 346 3970 Πριαπεῐις
365 3895 398 3943 et
418 3885 511 3966 regio.
533 3877 673 3968 slptorrit
693 3884 777 3963 apud
796 3883 1012 3966 Stephanum,
1038 3912 1114 3973 qoo-

68 4007 146 4049 rum
160 3985 261 4066 aliqua
277 3986 312 4044 in
328 3983 512 4082 auotoripua
526 3997 558 4044 et
570 3985 681 4046 numia
695 3983 857 4068 leguntur.
886 3989 958 4052 Viri.
969 3990 1100 4056 Holllen

69 4109 104 4172 p.
121 4085 208 4155 262.
232 4099 266 4150 et
278 4083 399 4150 ursone
414 4085 493 4151 Lex.
512 4085 603 4170 Τ.4.
624 4085 664 4153 Ρ.
686 4105 716 4150 a.
732 4105 765 4170 p.
781 4097 824 4164 51
848 4086 888 4171 sq.
915 4089 970 4154 nbi
990 4093 1116 4156 additur
