2764 4958
268 313 328 363 ῆοο
535 299 695 359 NOTAE
736 297 1037 356 Exnoarrcan

275 473 369 537 sentit
389 473 485 534 etiam
506 473 708 536 Ptolemaeus
727 479 762 551 4,
785 479 820 551 4.
838 473 883 534 in.
911 484 942 532 at
964 465 1087 530 diverso
1109 467 1185 539 litu,
1218 455 1309 531 untia

274 574 338 658 ipla
361 573 521 636 tliverlttas
542 575 753 636 terminorum
772 585 839 634 orta
859 572 912 637 etl.
948 571 1017 634 atta
1032 568 1184 653 superiori
1204 572 1310 654 capite

275 677 385 760 attigi.
422 677 473 736 De
491 673 709 738 Catabathmo
727 676 794 738 vid.
815 671 907 737 infra.

366 875 622 960 Cyrenaica)
677 879 733 942 Gr.
756 871 903 966 Kopion,
934 889 970 936 nt
990 875 1081 944 urbe,
1111 871 1223 936 Strabo
1251 889 1314 951 ¹7·

278 999 313 1064 p.
333 979 415 1056 576.
435 977 455 1040 l.
473 991 494 1056 8
501 995 557 1058 37,
591 979 790 1042 Ptolemaeus
807 989 839 1060 4.
858 990 892 1056 4.
910 1005 959 1021 ·-
985 977 1037 1038 vel
1061 969 1243 1061 ttupunn'a,
1273 985 1316 1033 ut

281 1079 395 1144 Strabo
417 1094 470 1156 ι7.
484 1101 517 1162 p.
533 1082 616 1158 576.
636 1080 657 1142 l.
673 1093 756 1160 353.
782 1101 820 1142 ex
837 1081 956 1140 Latinio
977 1077 1135 1140 Sallustius
1156 1075 1225 1158 lug.
1240 1093 1316 1155 cap.

287 1198 343 1258 19.
366 1210 414 1224 -
446 1181 617 1261 Cyrenaica
639 1183 807 1261 provincia
821 1195 853 1242 et
871 1181 955 1260 regio
975 1193 1007 1256 5,
1024 1187 1058 1259 4.
1073 1191 1105 1238 et
1123 1189 1156 1254 5.
1185 1175 1313 1236 Plinius

283 1295 317 1344 et
334 1296 367 1350 2,
388 1291 448 1360 44.
464 1279 485 1342 i.
501 1293 561 1360 45.
612 1283 664 1345 Sic
685 1283 839 1344 Herodot.
860 1292 894 1359 4,
918 1298 997 1358 199.
1020 1273 1184 1364 Κυρηναίη
1202 1269 1317 1362 χώρη,

283 1381 422 1444 Ptolem.
447 1393 479 1458 4,
505 1393 539 1459 4.
558 1383 602 1442 in.
620 1377 808 1468 ¹Koptyvni'niy
833 1377 995 1469 ἐπαρχία,
1029 1392 1060 1440 et
1080 1377 1260 1459 simpliciter
1277 1384 1318 1451 4,

286 1493 321 1559 5.
339 1483 381 1542 in.
406 1477 611 1568 Koptytta'iniy,
646 1483 753 1546 lustin.
773 1497 829 1562 39.
849 1495 881 1560 5,
908 1500 939 1542 a.
966 1481 1158 1562 Cyrenarum
1184 1496 1321 1555 regttttm

283 1583 406 1645 Eatlem
420 1587 501 1642 dicta
518 1584 770 1661 Pentapolitana
791 1584 887 1666 (Plin.
906 1603 932 1644 c.
949 1578 984 1661 l.)
1006 1570 1210 1651 Πεντᾶπολις
1230 1574 1323 1658 (Eu-

285 1682 374 1746 bath.
393 1683 429 1742 arl
455 1682 587 1762 Dionys.
611 1705 643 1746 v.
663 1681 768 1767 213.)
794 1705 831 1745 ex
856 1697 876 1762 5
899 1682 1032 1744 urbihnt
1055 1679 1122 1762 poll
1144 1676 1321 1739 recenfitta.

285 1784 337 1844 Ex
363 1782 584 1864 posterioribus
617 1785 731 1846 Sextus
757 1783 860 1846 Rufus
884 1803 949 1864 cap.
978 1795 1033 1861 18.
1073 1777 1246 1842 lornandee
1273 1775 1322 1838 de

287 1881 409 1946 l'ucceli.
431 1905 458 1948 c.
476 1897 535 1962 57.
556 1883 692 1970 Libyam
706 1887 986 1964 Pentapolitattam
1008 1895 1134 1944 vocant.
1187 1876 1326 1940 Oroliua

286 1997 395 2046 tamen
414 1987 443 2055 t.
469 2004 500 2048 o.
523 1983 657 2068 Libyam
670 1985 873 2067 Cyrenaicum
890 1999 922 2048 et
938 1982 1139 2060 Pentapolim
1155 1979 1328 2062 separatim

287 2087 391 2169 ponit.
444 2085 570 2170 Nempe
589 2087 760 2166 Cyrenaica
774 2087 857 2168 apud
879 2100 1002 2148 veterea
1022 2083 1073 2146 vel
1095 2083 1173 2152 late,
1199 2079 1250 2140 vel
1266 2099 1329 2140 an·

288 2186 375 2270 guile
399 2186 523 2250 dicitur.
559 2185 609 2249 Ci.
628 2185 707 2248 infra
727 2188 764 2248 ad
781 2189 992 2248 Paraetonius
1010 2197 1132 2265 portus.
1183 2181 1246 2242 Alii
1264 2179 1330 2240 ob·

288 2299 416 2368 ponunt
432 2286 564 2370 Libyam
579 2289 787 2368 Pentapolim.
809 2290 916 2371 inqua
932 2288 1058 2368 Cyrene
1076 2283 1159 2354 utba,
1181 2279 1329 2360 Libyam

291 2386 429 2457 aritiam,
455 2389 635 2466 (Ammian.
660 2404 718 2454 22.
733 2387 776 2468 i.)
803 2387 824 2451 l.
847 2386 981 2470 Libyam
1003 2381 1148 2477 ficcam,·
1177 2381 1330 2462 (Schon-

290 2485 385 2548 hovii
399 2487 522 2549 libellus
537 2490 680 2569 provinc.
697 2491 814 2568 Rom.)
841 2487 975 2572 Libyam
992 2501 1023 2548 et
1038 2483 1239 2564 Pentapolim
1258 2483 1330 2543 ‹lia-

291 2588 394 2648 oernit
412 2588 563 2651 Aethione
587 2591 620 2649 in
639 2589 808 2676 Colmogr.
829 2612 861 2672 p.
887 2605 970 2665 721.
990 2589 1041 2651 ed.
1064 2587 1209 2648 Gronov.
1244 2583 1329 2644 Pro·

293 2688 380 2770 copii
403 2701 503 2750 aetate
529 2690 616 2767 (vid.
640 2692 679 2752 de
702 2689 795 2754 aedil.
820 2693 852 2761 6.
877 2693 930 2768 e.)
959 2690 1078 2770 Libyae
1097 2706 1162 2749 uno
1185 2685 1329 2746 nomiae

291 2786 476 2870 Pentapolis
490 2791 714 2873 adpellabatttr.
750 2793 968 2853 Marmaricam
986 2811 1021 2851 ea
1037 2788 1126 2848 limul
1143 2785 1331 2867 complecti·

291 2901 347 2948 tur
362 2890 465 2952 noller
480 2911 554 2952 curn
571 2893 724 2960 Strabone
745 2911 798 2969 17.
815 2915 847 2975 p.
866 2895 947 2970 576.
961 2891 980 2954 i.
991 2901 1075 2970 838.
1101 2887 1234 2956 Plinius.
1258 2885 1333 2948 Sal·

293 2988 364 3052 lull.
381 2992 452 3076 lug.
467 3012 493 3053 c.
517 3012 572 3074 ¹9·
595 2996 713 3077 quippe
728 2996 781 3076 qni
800 2997 894 3056 etiam
911 2995 948 3055 atl
968 2989 1200 3056 Catabathmon
1216 3001 1333 3048 exten·

296 3089 397 3163 dunt,
429 3105 461 3152 et
478 3093 606 3156 Oroliue
631 3115 660 3165 t,
684 3111 717 3155 o.
756 3097 810 3176 qni
830 3096 868 3156 acl
891 3095 1114 3156 Paraetonium
1136 3101 1333 3173 promoven

295 3205 403 3253 contra
426 3191 543 3275 separat
562 3195 762 3256 Ptolemaeus
777 3205 811 3273 4,
835 3205 869 3276 4.
886 3209 919 3257 et
937 3209 968 3274 5.
1003 3193 1205 3278 Agathemer.
1233 3206 1265 3259 a.
1291 3201 1330 3266 5.

159 3353 163 3366 ,
295 3291 360 3353 Sed
376 3294 414 3353 ad
432 3294 650 3356 Marmaricam
667 3295 815 3376 Cyrenen
838 3293 932 3358 refert
953 3297 1065 3376 Scylax
1079 3315 1111 3377 p.
1129 3300 1190 3371 44.
1226 3290 1333 3374 Quod

296 3393 382 3454 inter
407 3395 485 3456 duae
514 3397 622 3475 Syrtes
648 3397 723 3457 inde
749 3417 766 3458 a
797 3395 1005 3470 Catabathmo
1029 3395 1169 3478 porrexit
1196 3391 1333 3453 Solinua

297 3511 365 3575 cap.
385 3507 442 3573 80.
457 3493 478 3556 l.
499 3512 554 3570 27.
578 3500 714 3582 graviter
736 3497 893 3582 calligavit
907 3497 1071 3559 Salmasius
1085 3517 1117 3578 p.
1132 3514 1177 3557 m.
1197 3503 1267 3568 aas
1284 3489 1331 3573 sq.

300 3593 508 3658 Celebrantur
528 3599 561 3658 in
585 3619 619 3660 ea
641 3601 772 3684 regione
798 3599 913 3668 olettm.
942 3597 1126 3680 (Theophr.
1150 3597 1190 3657 de
1213 3593 1334 3677 plantio

292 3703 335 3775 4.
353 3695 410 3780 3.)
435 3689 535 3789 rofre,
557 3698 757 3775 (Athenaeus
774 3712 826 3776 15,
845 3712 877 3777 8.
893 3720 925 3782 p.
937 3700 1040 3776 682.)
1065 3717 1198 3765 crocum,
1221 3694 1335 3774 (idam

287 3807 329 3860 c.
346 3797 368 3860 l.
394 3811 425 3858 et
440 3799 622 3860 Callintach.
644 3803 677 3860 in
699 3801 801 3882 Apoll.
819 3811 879 3879 35.
899 3813 932 3863 et
953 3801 998 3861 ibi
1016 3797 1209 3881 Spanhem.)
1232 3796 1337 3856 maxi·

300 3917 355 3960 me
371 3895 545 3986 stipidum,
584 3901 703 3960 Latinie
732 3892 927 3992 laserpitium
957 3903 1011 3962 vel
1037 3901 1111 3964 ideo
1139 3897 1334 3967 notandum,

300 4003 387 4080 quod
403 3999 497 4059 numi
513 3999 680 4080 Cyrenaici
696 4001 870 4084 adpositum
887 4015 1021 4089 gerunt;
1054 4001 1094 4064 de
1111 4018 1175 4084 quo
1193 3999 1231 4059 ad
1251 3999 1337 4060 Stra-
