2790 4956
191 373 245 431 IN
275 373 409 432 ΡοΜΡ.
440 375 549 432 ntssL.
591 377 670 436 LI.
714 377 820 434 (ΗΧ.
863 376 941 453 Μ.
1025 387 1088 450 515

63 527 131 610 llum
153 540 207 634 [v.
228 539 333 632 248]
356 548 476 628 inquit,
503 569 573 611 eam
593 561 662 609 tum
679 547 838 612 extensam
856 547 943 611 luisse
961 549 997 610 ad
1018 567 1090 630 qua·

62 653 220 730 dringenta
235 661 268 709 et
284 649 401 732 viginti
417 649 520 713 lladia.
554 652 753 732 Porphyrius
769 653 802 712 in
821 653 951 733 optimis
968 639 1091 712 scholiis

62 751 94 812 ad
116 749 209 810 lliarla
233 750 388 819 Homeri,
421 753 589 834 aliquando
613 753 741 814 anobis
765 756 798 814 in
819 753 924 815 lucem
948 752 1091 822 edendis,

62 849 115 938 [sl.
134 852 172 910 de
189 851 229 910 iis
247 851 363 930 Heyne
383 852 417 912 in
435 853 563 934 praelat.
580 855 618 914 ad
635 855 770 917 Homer.
785 856 825 916 Τ.
846 871 877 937 3.
891 875 923 935 p.
941 855 988 932 63
1006 848 1091 942 qu.]

60 970 192 1014 necnon
210 951 392 1033 Stephanus
409 955 640 1016 Grammaticus
664 951 713 1043 [c.
730 949 772 1040 l.]
795 955 905 1016 finilia
922 953 1010 1037 [upra
1026 977 1092 1017 me·

59 1055 180 1114 moratis
194 1073 236 1112 ex
251 1054 375 1115 Catone
390 1059 504 1127 citant,
536 1077 571 1118 ac
591 1058 897 1142 quadringentorum
921 1055 1093 1118 lladiorum

59 1152 169 1214 faciunt
197 1154 451 1238 longitudinem.
503 1159 565 1221 Sed
598 1161 765 1240 quomodo
791 1171 875 1220 tanta
900 1160 1005 1238 potuit
1031 1155 1091 1218 ello

58 1255 221 1337 longitudo
256 1255 459 1330 Thebarum,
494 1259 516 1320 li
545 1261 632 1322 mille
663 1273 791 1320 tantum
817 1273 850 1320 et
882 1257 1095 1342 septingentas,

61 1345 193 1443 ἀρούρας
222 1357 527 1438 comprehenderit?
562 1361 615 1423 ills
645 1363 732 1422 enim
767 1358 910 1447 dpoupdrv
938 1377 1094 1421 numerus

60 1457 224 1520 commode
256 1459 415 1520 contineri
440 1462 541 1544 potest
566 1463 688 1523 ambitu
719 1463 929 1524 ducentorum
956 1473 988 1523 et
1013 1459 1093 1522 lexa·

59 1559 137 1641 ginta
157 1571 298 1640 quatuor
324 1559 505 1626 stadiorum.
565 1564 701 1626 Videtur
729 1579 835 1625 autem
858 1563 934 1624 haec
962 1561 1036 1624 urbs
1057 1563 1092 1623 in

59 1661 183 1744 longum
210 1657 301 1720 inille
327 1677 468 1742 porrecta
494 1664 532 1725 ad
558 1666 639 1747 ripas
669 1665 753 1737 Nili,
788 1685 823 1727 ac
853 1683 921 1726 non
948 1664 1093 1724 multum

61 1759 213 1842 poss'edille
248 1762 437 1826 latitudinis.
490 1766 554 1827 Sed
584 1785 662 1829 vero
695 1767 806 1828 omnia
835 1768 923 1850 prius
954 1765 1091 1836 credam,

60 1880 145 1940 qnam
167 1874 292 1924 tantam
321 1865 496 1928 incolarum
523 1869 648 1951 copiam
673 1869 707 1929 in
733 1869 797 1930 ulla
828 1887 968 1949 unquam
1003 1863 1092 1928 fuiffe

60 1963 138 2024 urbs.
191 1965 305 2025 Unum
325 1963 480 2038 adieram,
506 1970 593 2031 unde
608 1990 702 2052 quam
717 1971 856 2032 maxime
872 1967 1042 2030 absurdum
1058 1967 1091 2026 id

61 2063 112 2124 elle
128 2063 305 2147 adparebit.
359 2069 505 2130 Tradunt
527 2072 688 2134 Diodorus
705 2072 828 2134 Siculus
844 2085 877 2131 et
891 2070 962 2140 alii,
991 2069 1093 2151 Aegy-

62 2177 155 2244 ptum,
187 2170 421 2231 cummaxime
441 2173 564 2252 populo
583 2173 769 2243 abundaret,
801 2170 941 2233 habuille
965 2171 999 2230 in
1023 2170 1093 2228 uni·

63 2262 178 2325 serlum
197 2265 374 2353 septuagies
391 2286 521 2333 centena
537 2273 708 2335 hominum
723 2274 830 2337 millia.
869 2274 964 2353 Atqui
984 2271 1093 2331 fitoti·

64 2367 130 2424 dem
153 2387 284 2448 quoque
305 2371 426 2434 Thebis
452 2371 593 2445 irrident,
626 2377 687 2437 iam
712 2387 875 2458 oporteret
894 2387 1010 2436 ceteras
1035 2374 1093 2433 Ae·

64 2463 145 2549 pypti
171 2469 270 2531 urbes
295 2491 408 2535 vacuas
434 2471 522 2536 luille
548 2477 789 2540 habitatoribus.
841 2477 927 2537 Hinc
956 2475 1092 2554 adparet,

65 2587 265 2650 quascunque
291 2573 331 2633 de
362 2575 525 2638 Thebanis
549 2577 714 2662 Aegyptiis
740 2597 915 2658 eorumque
949 2577 1092 2657 potentia

67 2673 221 2742 dicuntur,
259 2675 438 2755 accipienda
468 2677 528 2739 elle
552 2680 592 2740 de
617 2693 683 2740 tota
710 2679 866 2762 Aegypto.
918 2678 1036 2737 Verum
1059 2677 1094 2735 id

65 2769 131 2850 elle,
155 2785 189 2832 et
205 2773 386 2836 universam
405 2777 584 2860 Aegyptum
600 2781 727 2842 Thebas
742 2782 818 2842 olim
837 2777 924 2839 inille
938 2789 1093 2848 vocatam,

66 2869 322 2937 loculentilsrmus
353 2877 437 2939 tellis
470 2880 512 2941 est
541 2881 743 2953 Herodotus,
784 2883 874 2942 cuins
899 2878 995 2939 verba
1022 2875 1094 2938 lunt

67 2971 113 3032 lib.
133 2988 166 3035 2.
197 2970 288 3060 [cap.
313 2973 387 3065 ²5·]
422 2980 479 3040 ubi
503 2983 542 3042 de
567 2985 658 3046 Delta
681 2986 763 3068 agit.
797 2977 901 3046 πάλαι
924 2978 956 3039 αἱ
983 2977 1093 3063 Θῆβαι

67 3067 221 3156 Αἴγυπτος
248 3073 413 3142 ἐκαλέετο.
465 3081 527 3144 Sed
554 3099 586 3145 et
612 3085 792 3147 Aristoteles
820 3080 1031 3162 llleteorolog.
1061 3101 1091 3141 ι.

68 3167 145 3258 [cap.
165 3171 245 3264 14]
279 3173 319 3242 τὸ
346 3178 486 3268 ἀρχαῖον
509 3176 527 3268 ir
554 3179 721 3271 Αἴγυπτος
744 3181 853 3269 Θῆβαι
880 3170 1092 3266 καλούμεναι.

69 3295 198 3340 vossrvs.
253 3281 288 3342 Si
304 3298 527 3364 comparentur
547 3307 598 3358 ea,
624 3308 703 3368 qnae
721 3285 808 3368 supra
824 3285 861 3345 ad
884 3286 913 3361 §.
933 3301 963 3344 1.
981 3282 1020 3343 tle
1038 3281 1096 3340 ho·

68 3378 185 3439 minum
202 3379 380 3461 frequentia
403 3387 435 3444 in
452 3386 599 3470 Aegypto
619 3410 657 3450 ex
679 3387 862 3449 auctoribus
883 3384 1021 3443 conlecta
1043 3381 1096 3441 ad·

69 3477 158 3556 poltri,
179 3498 266 3544 recte
282 3483 445 3555 dubitatur
461 3487 500 3548 de
517 3487 610 3551 huius
623 3489 807 3550 narrationis
824 3486 965 3546 veritate.
1006 3483 1093 3545 Ferri

69 3577 152 3656 possit
168 3583 347 3655 Homerus,
378 3587 466 3648 lrrel
483 3589 522 3650 ad
541 3590 706 3652 Thebaida
729 3603 830 3650 totam
853 3585 1015 3655 retuleris,
1042 3585 1094 3646 vel

70 3679 118 3742 illo
137 3681 232 3764 lpatio
256 3685 394 3748 extensas
418 3685 509 3750 inille
531 3691 657 3753 Thebas
680 3689 839 3759 lumleris‚
870 3688 956 3769 quod
978 3688 1025 3746 illi
1043 3687 1096 3745 tri·

71 3779 165 3844 buitur
179 3787 212 3846 in
226 3787 429 3870 longitudine
445 3799 518 3867 400
538 3795 590 3854 rel
605 3803 679 3871 itan
698 3793 879 3853 stadiorum.
916 3789 958 3849 At
974 3787 1094 3872 infigns

70 3897 211 3960 truentum
229 3887 313 3950 Mela
327 3891 419 3951 illurn
437 3893 571 3954 Homeri
587 3913 759 3954 numerum
774 3904 885 3974 auget,
913 3902 944 3949 et
963 3907 1020 3971 pro
1038 3889 1096 3948 du·

71 3988 160 4048 centis
181 3991 321 4068 myriada
341 3994 445 4074 ponit.
497 3995 603 4078 Quare
621 3997 717 4056 etiam
733 3993 786 4054 vel
804 3991 922 4052 Melam
941 3990 1095 4050 memoria

72 4083 176 4166 lapsum
201 4091 326 4166 erralle,
360 4093 414 4156 val
438 4110 624 4182 corruptum
647 4116 664 4159 a
686 4095 821 4158 librariis
844 4089 948 4156 exiille
969 4089 1096 4156 censent
