2852 4946
187 401 242 461 rra
268 400 407 462 rorte.
437 401 546 462 mat.
586 402 667 460 ω.
710 399 841 464 cxvi·
882 398 963 470 §.n
1036 400 1100 474 ⁴57

55 599 90 662 P·
109 585 200 659 394·
212 573 234 640 f·
248 585 333 654 572·
351 573 374 640 f·
408 584 464 660 ²4·
486 597 519 660 p·
537 583 624 654 454·
640 571 661 638 s·
676 576 724 641 66
731 593 761 640 ι.
788 588 821 640 et
835 592 915 657 quae
930 583 1016 634 recte
1030 585 1101 630 mo·

56 681 134 742 nuit
150 677 300 740 Maonert
315 679 386 741 Vol.
399 679 434 742 6.
448 679 489 742 T.
502 691 536 756 3.
552 699 584 760 p.
599 677 679 754 186.
703 695 822 760 nempe
836 673 980 744 Ceribur,
1000 669 1103 732 conti·

57 783 172 844 nentia
191 781 314 850 incolis,
343 780 475 866 Lelegee
490 778 520 842 ie
534 779 718 852 adiunxiiie.
748 797 788 842 ex
804 775 913 842 infulie
931 769 1101 858 proiectae.

59 884 221 962 Utroeque
245 893 329 944 certe
351 881 517 966 distinguit
537 881 672 946 Homer.
691 882 730 944 11.
750 899 805 951 ιο,
827 889 914 960 429.
940 891 974 938 et
989 869 1103 936 Strabo

65 997 122 1064 23.
149 1003 183 1064 p.
199 992 284 1060 420.
302 981 324 1046 s.
341 985 384 1048 61
397 1003 425 1048 ι.
449 995 522 1046 octo
537 981 632 1046 urbea
645 983 684 1044 ab
704 985 743 1046 iie
759 982 793 1044 in
810 981 868 1044 heo
882 980 1013 1064 regione
1030 993 1107 1040 con·

60 1085 144 1146 ditae
159 1080 249 1144 iuiffe
263 1104 302 1146 ex
320 1084 389 1146 aliia
404 1081 509 1146 refert.
545 1081 708 1148 Cicutae
727 1083 903 1166 proximae.
938 1078 1106 1142 Accedunt

65 1185 197 1257 Caunii,
218 1185 389 1262 (Mannert
410 1185 586 1264 maeonii)
606 1173 688 1268 quoa
702 1185 887 1248 Herodotue
907 1204 936 1254 ι,
957 1195 1037 1262 172.
1058 1181 1106 1242 in·

61 1288 197 1372 digena
212 1299 314 1370 putat,
337 1306 409 1349 curu
426 1286 483 1371 ipsr
500 1285 529 1350 ie
545 1307 584 1349 ex
599 1285 692 1350 Crete
707 1283 850 1371 migraffe
867 1283 996 1348 ferrent.
1020 1285 1033 1358 (
1042 1282 1106 1346 He·

60 1387 172 1452 rodot.
191 1407 218 1448 c.
235 1388 257 1448 1.
281 1401 314 1450 et
334 1388 447 1452 Strabo
467 1397 521 1472 ¹4·
542 1407 574 1470 p.
590 1398 675 1469 448.
692 1385 714 1452 f.
732 1389 815 1466 652.
830 1389 895 1467 in.)
932 1381 1000 1469 Ipia
1015 1385 1106 1468 regio

61 1510 80 1551 a
94 1488 197 1568 Lydia
212 1491 336 1550 transiit
350 1489 389 1550 ad
405 1486 521 1560 Persae,
543 1477 714 1574 (Herodot.
735 1507 764 1561 ι.
783 1487 881 1571 174.)
907 1508 986 1570 quoe
1002 1485 1107 1550 Maee-

63 1592 167 1652 donee
192 1603 401 1672 exceperunt,
432 1590 575 1668 (Arrian.
601 1591 642 1653 de
665 1591 777 1672 exped.
799 1589 890 1656 Alex.
909 1611 938 1661 ι,
963 1587 1109 1671 aoiqq.)

62 1689 246 1756 Alexandro
280 1705 413 1753 mortuo
445 1687 534 1754 ceffit
562 1693 670 1772 Syriae
698 1691 845 1776 regibua,
879 1693 937 1774 qui
967 1709 1041 1754 com
1066 1689 1109 1752 ad

62 1791 267 1856 Antiochum
295 1788 481 1866 tenuiffent,
516 1793 592 1855 huic
618 1805 760 1876 ereptam
782 1793 923 1856 Romani
949 1792 1108 1854 dederuut

63 1893 208 1956 Eumeni
228 1891 376 1979 Pergami
396 1895 481 1979 regi.
506 1896 520 1972 (
529 1894 639 1958 Liviae
653 1907 712 1974 57.
730 1893 812 1973 56.)
838 1895 942 1958 donec
959 1892 1016 1974 ipfi
1034 1909 1108 1955 eam

66 1993 122 2055 ubi
143 1989 365 2066 vindicarent,
391 2007 424 2056 et
446 1985 652 2078 imperatorer
673 2013 786 2060 eorum
807 1995 1008 2079 provinciam
1028 1989 1109 2058 iace·

65 2107 148 2160 reut.
193 2093 292 2158 Nunc
307 2094 451 2160 Natoliae
466 2116 537 2182 para
557 2095 611 2161 eii.

142 2294 397 2380 indigenas)
449 2296 576 2364 Graecia
599 2297 671 2362 funt
698 2286 922 2385 αὒτὸχθοιες,
948 2299 1056 2383 qualee
1078 2295 1108 2364 se

69 2399 227 2464 iactabant
251 2396 475 2471 Athenienses,
505 2400 666 2488 γηγενεῖς,
699 2401 891 2486 terrigenae,
918 2421 983 2484 quo
1006 2399 1107 2464 verbo

69 2503 224 2586 ignotam,
242 2500 296 2562 vel
311 2499 472 2564 obscuram
489 2503 648 2587 originem
662 2502 854 2566 indicebant.
882 2501 933 2566 Cf.
944 2501 1109 2582 Heyuead

69 2603 254 2685 Apollodor.
273 2618 307 2672 2,
329 2621 356 2674 ι,
374 2616 408 2680 5.
461 2601 515 2666 Sic
530 2603 626 2668 Cerea
642 2602 671 2666 ie
692 2592 909 2688 αὐτόχθονας
929 2597 1111 2692 ἠπειρώτας

71 2701 199 2772 diuiffe,
238 2697 335 2764 refert
368 2703 553 2766 Herodotua
581 2725 610 2776 ι,
643 2719 723 2782 ι7ι.
775 2703 828 2770 cf.
853 2721 929 2768 nota
958 2691 1111 2790 superior.

72 2804 247 2885 indigenae
279 2803 491 2888 obponuntur
520 2803 664 2868 advectis
701 2807 787 2890 apud
813 2807 915 2868 Tacit
943 2809 979 2868 in
1003 2807 1112 2892 Agric-

71 2925 137 2988 cap.
161 2924 217 2967 ιι.
236 2905 283 2968 in.
324 2907 397 2970 Vid.
415 2905 593 2992 Lougoliue
614 2907 653 2970 ad
675 2907 780 2970 Taciti
804 2907 913 2970 Germ.
929 2927 996 2990 cap.
1013 2923 1046 2971 2.
1063 2909 1111 2971 in.

71 3023 277 3069 rzacuvcna.
326 3007 485 3092 Magnum
502 3011 536 3070 in
551 3009 591 3070 iia
612 3009 696 3090 apud
716 3009 863 3090 antiquos
882 3020 948 3074 erat
963 3007 1112 3072 momen·

71 3121 160 3180 tum,
192 3126 237 3170 ne
261 3122 448 3190 cogerentur
472 3109 610 3192 aliquam
640 3121 772 3194 gentem
802 3107 987 3194 agnoscere,
1021 3109 1113 3173 cuiue

70 3205 177 3276 forent
191 3207 317 3278 coloni.
343 3223 376 3272 et
390 3211 444 3272 cui
463 3224 632 3296 propterea
648 3209 841 3294 cogebantur
860 3209 1011 3293 praestare
1025 3205 1110 3274 varia

70 3311 269 3374 reverentiae
290 3309 500 3384 documenta,
532 3325 569 3374 ut
594 3309 776 3394 praesertim
800 3313 939 3376 decimae
961 3313 1111 3374 omnium

71 3413 278 3493 praedarum,
311 3424 408 3493 prout
429 3413 588 3499 Carthago
609 3411 760 3494 praestitit
779 3414 869 3495 Tyro
895 3414 980 3498 apud
1001 3411 1111 3477 lustin.

71 3515 125 3578 lib.
147 3530 207 3595 19·
233 3505 362 3600 [18,7‚
381 3506 436 3600 7.]
470 3533 496 3578 ι.
512 3531 709 3594 οιοιιονιγι
724 3513 802 3578 MS.

148 3713 254 3780 Pela
253 3705 281 3806 J
282 3735 357 3796 gos
364 3712 384 3798 )
422 3715 512 3802 Quae
527 3735 606 3801 gene
620 3715 747 3779 erratica
763 3735 820 3800 per
836 3735 950 3781 omnee
966 3717 1113 3782 Graeciae

71 3819 240 3906 regiones,
268 3817 355 3880 uude
372 3819 468 3882 totiea
481 3835 595 3882 eorum
609 3821 759 3880 meminit
773 3819 828 3882 hic
843 3833 963 3884 auctor.
989 3815 1114 3909 [veluti

77 3943 105 3992 ι,
129 3931 238 3998 ιω.
277 3933 386 4003 19‚2.
421 3913 600 4006 a.2.ro.]
649 3919 711 3982 sed
737 3920 822 4001 apud
851 3921 1058 3983 Herodotum
1081 3935 1116 3984 at

71 4025 149 4086 alica
164 4031 271 4104 patet,
299 4020 335 4083 in
357 4019 508 4085 omnibus
527 4017 672 4104 partibut
690 4037 747 4102 per
764 4021 886 4101 aliquot
907 4035 1036 4105 tempue
1054 4022 1116 4088 hoa

72 4121 220 4210 Pelasgo·
244 4119 414 4186 consedilie
437 4135 471 4188 et
492 4123 623 4188 taudem
646 4117 736 4187 fuiffe
760 4122 891 4188 eiectoe.
929 4141 955 4189 ι.
984 4133 1116 4190 cauno·
