2892 4950
376 343 441 418 aaa
647 339 811 400 nouae
850 343 1149 434 exacuurcaa

374 515 545 580 Boccatiue
561 513 601 580 dc
616 515 790 602 Genealog.
805 517 903 578 Deor.
919 528 953 594 5.
977 537 1031 581 ιο.
1057 515 1109 581 cl.
1123 511 1379 600 indellhodiginur

376 619 412 679 in
434 617 522 680 lectt.
542 631 608 681 ant.
623 625 658 700 4,
678 630 737 700 25.
761 637 793 700 p.
812 629 897 695 215.
948 619 1068 680 Filium
1095 619 1233 701 plerique
1253 613 1380 697 lpolliuia

375 717 514 790 iaciunt,
540 719 580 780 de
605 720 694 782 cuiue
714 733 808 802 partu
827 721 908 780 mira
923 732 1101 782 narraverat
1116 721 1229 792 Varroa
1258 715 1380 778 analium

376 821 445 884 eiua
460 819 574 883 Strabo
596 829 651 898 ι4.
671 841 704 902 p.
717 821 804 900 456.
821 818 842 880 l.
860 821 944 898 654.
980 821 1165 883 Terentian.
1186 820 1305 881 Maurus
1322 833 1378 899 pag.

377 929 438 1004 94.
453 919 486 984 b.
509 921 561 984 ed.
575 918 669 983 Parii.
690 933 798 1000 1531.
839 921 1038 982 Vaticinandi
1060 935 1124 984 arte
1147 921 1304 984 inllructue
1320 935 1378 978 cum

376 1022 480 1084 inbito
496 1020 601 1104 pollea
620 1021 804 1093 evanuillct,
830 1023 986 1105 templum
1002 1039 1111 1086 metue
1127 1023 1179 1094 ell,
1204 1021 1284 1106 quod
1300 1019 1380 1079 Breu-

375 1122 511 1185 chiudon
527 1121 547 1184 l.
563 1121 814 1195 Branchiadion,
839 1125 887 1184 uti
906 1123 1068 1185 Lutatium
1084 1144 1112 1187 c.
1129 1125 1151 1186 l.
1172 1121 1311 1186 emendat
1324 1119 1380 1179 llar-

375 1225 475 1295 thiue,
498 1227 703 1287 nominatum
718 1223 773 1286 ell.
806 1224 887 1286 lnde
901 1225 1011 1305 patrio
1028 1225 1171 1308 aequalis
1184 1223 1290 1286 honori
1299 1220 1380 1282 Brau-

374 1326 453 1387 chus
471 1326 590 1397 Statirae
612 1324 717 1388 Theb.
741 1339 773 1404 3.
797 1334 883 1404 473.
910 1322 950 1388 cf.
965 1336 999 1403 8.
1022 1338 1101 1406 198.
1154 1317 1298 1390 Succellit
1314 1321 1381 1382 elin

373 1447 446 1488 cum
469 1440 502 1488 et
524 1423 718 1507 praefectura
739 1427 859 1488 oraculi
881 1427 1064 1510 Euangelus
1087 1440 1120 1490 et
1146 1427 1222 1488 binc
1242 1423 1315 1508 apud
1333 1419 1382 1482 lli·

371 1527 464 1590 leima
481 1525 545 1588 luit
562 1521 652 1616 ἁρχὴ
676 1524 787 1611 γένους
807 1517 1057 1610 Εὖαγγελιδῶν,
1083 1530 1132 1590 uti
1147 1528 1191 1591 ell
1212 1529 1245 1588 in
1262 1521 1382 1588 Cononir

371 1643 486 1692 narrat.
513 1638 574 1708 44.
621 1627 803 1690 Branchum
823 1649 862 1692 ex
878 1628 1021 1691 Machaei
1040 1629 1169 1712 polletis
1192 1640 1309 1691 tantum
1331 1641 1383 1686 ora·

373 1730 449 1792 culo
474 1727 655 1813 praefuisse,
686 1728 792 1790 scribit
815 1729 926 1793 Strabo
951 1747 985 1808 9.
1011 1751 1044 1812 p.
1063 1746 1149 1810 29⁰·
1170 1728 1191 1794 l.
1207 1741 1289 1810 421.
1323 1725 1382 1787 Ora·

373 1831 484 1892 culum
506 1829 608 1913 ipsum
623 1851 640 1892 a
655 1831 764 1893 multis
782 1831 965 1894 celebratur.
1003 1832 1160 1894 l'aticinia
1179 1831 1277 1894 edidit
1290 1827 1382 1890 mulier

372 1926 585 2020 χρησμῳὸὸς,
624 1931 699 1994 telle
723 1931 899 1994 Iamblicho
924 1931 964 1993 de
990 1933 1116 2012 myller.
1135 1945 1169 2012 5,
1192 1954 1246 1995 ιι.
1260 1951 1323 2014 pag.
1336 1935 1381 2003 74.

370 2035 422 2096 Ex
445 2033 582 2096 Branchi
603 2033 796 2096 carminibus
815 2053 919 2094 unum
941 2031 1069 2096 versum
1092 2031 1231 2096 servavit
1257 2033 1382 2096 clemen

371 2135 463 2199 Alex.
499 2135 616 2197 Strom.
642 2147 675 2213 5.
701 2153 734 2216 p.
760 2147 842 2213 570.
867 2134 917 2198 ed.
940 2133 1030 2214 Sylb.
1093 2135 1206 2198 Plurea
1233 2147 1331 2196 tamen
1351 2127 1381 2188 de

371 2236 523 2318 Apolline
537 2239 571 2297 in
590 2235 778 2315 Branchidis
798 2233 958 2306 referunt,
984 2235 1076 2296 cuius
1093 2237 1193 2298 etlam
1207 2235 1253 2298 lbi
1267 2247 1381 2297 aeneum

373 2337 571 2398 irmulacrnm
593 2335 699 2408 inille,
725 2357 742 2398 a
762 2339 864 2399 Xerxe
884 2335 1066 2418 abreptum,
1092 2356 1110 2398 a
1127 2339 1262 2400 Seleuco
1277 2329 1380 2396 Milelilt

370 2437 548 2507 remilium,
570 2439 665 2500 tradit
679 2436 808 2500 Paulan.
826 2450 859 2516 3,
873 2439 933 2517 46,
950 2455 983 2502 2.
1021 2437 1107 2499 ilinc
1121 2432 1201 2514 θεὸς
1221 2433 1283 2502 ὁὲν
1297 2435 1336 2522 Bp
1356 2451 1380 2514 4·

370 2535 483 2624 xilem
504 2538 587 2620 apud
609 2539 768 2602 Herodot.
791 2560 818 2610 a,
841 2552 922 2616 157.
948 2553 981 2602 et
1003 2532 1068 2625 ἱρὸν
1091 2535 1121 2602 ἐν
1142 2534 1339 2628 Βραγχίδῃσι
1355 2541 1379 2608 5.

374 2639 433 2724 36.
468 2638 575 2702 Croesr
590 2653 734 2722 tempore
750 2641 785 2700 in
801 2639 948 2703 Graeciae
968 2640 1099 2703 oraculis
1118 2641 1264 2711 valuille,
1286 2634 1381 2700 constat

370 2760 411 2803 ex
426 2741 543 2802 eodem
562 2759 591 2812 a,
606 2740 666 2822 46.
704 2740 828 2803 Plinius
843 2755 877 2818 5.
895 2755 952 2820 31.
966 2739 988 2805 l.
1001 2757 1059 2820 29.
1081 2740 1203 2826 Melam
1221 2740 1335 2802 lecutue
1350 2737 1381 2794 ita

371 2841 483 2904 hahet:
517 2841 678 2904 oraculum
703 2841 957 2904 Branchidarum
982 2841 1197 2921 capellarum,
1227 2861 1307 2904 aluno
1333 2835 1381 2898 Di·

371 2943 474 3026 dymei
493 2941 659 3024 Apollinis.
697 2943 809 3006 Strabo
826 2957 931 3004 autem
952 2954 1007 3022 14.
1028 2964 1059 3024 p.
1076 2945 1162 3024 456.
1181 2943 1201 3007 l.
1219 2944 1300 3022 634.
1319 2956 1382 3028 put·

369 3043 456 3110 reim
475 3057 568 3107 vocat
586 3041 647 3108 τοῦ
668 3040 831 3132 Δρδυμέως
852 3037 1057 3119 Ἀπόλλωνος
1078 3039 1118 3107 τὸ
1140 3038 1170 3107 ἓν
1188 3037 1383 3132 Βραγχίδαις.

370 3149 415 3210 Et
434 3145 472 3206 fic
488 3165 600 3208 omnes
615 3143 819 3208 consentiunt
839 3147 873 3206 in
894 3145 1023 3228 plurali,
1054 3157 1087 3206 et
1101 3146 1190 3226 quod
1213 3140 1384 3208 lamblicbua

371 3246 455 3332 apud
470 3246 643 3310 stobaeum
657 3245 737 3309 lent.
747 3261 804 3326 79.
820 3267 851 3328 p.
862 3256 909 3330 47
919 3265 947 3309 t.
970 3240 1000 3310 ἐν
1015 3243 1187 3333 Βραγχίδη
1205 3241 1281 3322 θεὸς
1297 3241 1383 3306 habco

371 3369 408 3412 ea
422 3349 462 3408 de
476 3344 561 3409 caula
575 3361 758 3430 corruptum
774 3347 878 3410 censet
891 3346 1071 3430 Welleling.
1083 3349 1120 3409 ad
1132 3347 1288 3410 Herodot.
1301 3355 1383 3422 1292·

372 3452 408 3512 Si
429 3465 555 3528 auctore
573 3443 696 3519 volbo,
729 3450 832 3511 dictus
856 3448 899 3511 est
919 3449 1033 3530 Apollo
1052 3444 1240 3534 Βραγχὶδης
1262 3447 1282 3510 l.
1297 3446 1384 3532 Βραγ-

370 3543 505 3638 χιὰὁης,
537 3550 633 3610 etiam
657 3549 742 3611 Mela
763 3549 802 3611 ab
825 3548 882 3611 ulu
904 3549 1099 3632 antiquitatis
1118 3550 1258 3612 deflexit.
1298 3545 1385 3611 dtiu

370 3670 527 3733 nunquam
543 3650 726 3732 adpellatur,
752 3671 812 3712 nec
830 3651 868 3712 ab
888 3649 1043 3714 sacerdote
1061 3665 1093 3713 et
1109 3649 1267 3732 praelecto
1283 3642 1385 3710 oraculi

372 3754 412 3814 lic
430 3765 514 3814 recte
536 3751 682 3832 adpellari
708 3750 842 3834 potuille
864 3752 1001 3813 videtur.
1053 3752 1160 3813 Immo
1180 3752 1202 3812 fi
1223 3746 1384 3826 aBrancbo

370 3873 491 3917 nomen
525 3852 717 3914 deducamus
750 3851 868 3920 exhllat
899 3855 1007 3935 potiua
1036 3852 1229 3920 Branchius.
1258 3853 1311 3912 uti
1336 3863 1383 3930 pro

370 3948 500 4038 Βάκχιε
529 3955 563 4013 in
595 3953 717 4036 Orphei
745 3953 870 4034 hymno
892 3968 948 4032 35.
973 3969 1007 4030 7.
1039 3951 1175 4014 malebat
1198 3949 1382 4032 Thryllitiua.

370 4055 482 4118 Minue
497 4054 642 4118 etiamid
660 4054 758 4118 tribui
773 4051 868 4141 polilt
883 4055 1020 4120 Branchi
1037 4053 1167 4140 posteris
1182 4069 1216 4120 ct
1229 4053 1331 4143 genti,
1353 4045 1384 4112 ad
