2756 4964
327 411 386 464 102
592 401 751 463 Nom
789 403 1093 462 axaoaatcan

228 565 231 576 ¹
332 602 362 652 r,
393 600 422 651 1,
450 577 483 643 6.
525 571 581 640 Sic
604 577 719 638 Strabo
744 595 773 640 9.
798 599 829 660 p.
854 586 912 654 87.
932 576 954 639 s.
976 579 1054 640 196.
1087 571 1221 655 Dionys.
1243 597 1274 637 v.
1303 585 1355 650 18.

326 681 427 742 Varro
448 677 536 762 apud
551 675 733 741 Charisrum
748 675 821 740 Lib.
844 701 872 740 1.
893 699 925 762 p.
941 687 1000 758 45.
1028 681 1040 755 (
1047 675 1082 738 in
1097 677 1226 758 Putsch.
1245 679 1356 739 Gram-

326 783 424 858 mat)
458 775 558 842 Silius
576 781 645 840 Ital.
668 802 697 850 1,
720 781 799 860 196.
832 775 918 842 Plin.
936 794 968 856 3,
995 801 1024 840 1.
1044 775 1186 864 aliique,
1212 797 1294 862 quos
1312 793 1356 837 eu

327 879 395 942 iam
413 877 525 941 innuit
539 880 744 962 Agathemer.
764 903 792 953 1,
819 899 848 941 1.
900 880 1141 963 contraquam
1164 875 1358 961 opinionem

326 978 467 1064 insurgit
482 981 669 1042 Herodotus
689 999 721 1051 9,
744 985 797 1058 ¹7·
824 977 902 1065 quia
918 982 959 1044 src
979 981 1143 1064 Aegyptus
1159 976 1237 1040 Nilo
1255 975 1357 1038 divisa

327 1079 417 1145 etin
439 1082 508 1144 Asta
528 1079 681 1164 ponenda
707 1082 742 1143 srt
763 1096 797 1142 et
818 1077 854 1142 in
876 1078 994 1143 Africa.
1043 1077 1109 1142 Alii
1126 1075 1360 1142 Alexandriam

325 1179 506 1246 terminum
521 1180 678 1250 statuunt,
705 1178 875 1266 inquibus
891 1177 1018 1242 Hirtius
1037 1180 1077 1242 de
1092 1182 1129 1242 Β.
1147 1181 1236 1242 Alex.
1255 1201 1282 1242 c.
1303 1191 1358 1257 14.

227 1286 232 1296 “
329 1284 461 1346 Orosius
489 1306 518 1352 r,
545 1299 575 1343 9.
622 1279 744 1342 Melius
771 1277 827 1342 alii
856 1301 934 1344 cum
955 1277 1194 1344 recentioribus
1218 1277 1361 1342 Arabico

329 1383 400 1445 stnu
421 1397 454 1442 et
473 1378 588 1444 isthmo
610 1377 856 1453 disterminant,
888 1397 926 1443 ut
949 1383 1065 1444 Strabo
1086 1403 1114 1443 1.
1136 1403 1168 1464 p.
1186 1391 1241 1460 94.
1261 1381 1282 1442 l.
1299 1392 1361 1458 35.

329 1479 407 1562 (ubi
430 1481 572 1566 praefert
593 1479 744 1565 adpositis
763 1483 884 1560 causta)
919 1482 1124 1565 Agathemer.
1140 1500 1171 1553 9,
1191 1499 1221 1543 9.
1246 1497 1279 1544 et
1303 1491 1361 1562 ¹4·

328 1581 382 1646 Cf.
399 1581 439 1643 de
456 1583 520 1644 hoc
534 1597 567 1644 et
580 1584 726 1666 Aegypto
739 1581 881 1644 Eustath.
898 1583 940 1644 ad
954 1579 1085 1661 Dionys.
1103 1605 1132 1643 tr.
1154 1591 1207 1657 ¹8·
1224 1598 1257 1644 et
1278 1595 1363 1659 175.

330 1679 365 1744 si
390 1684 616 1745 Ptolemaeum
643 1679 873 1766 inspiciamus,
905 1679 1019 1744 retulit
1044 1679 1100 1742 ille
1118 1691 1154 1761 4,
1178 1693 1211 1758 5.
1263 1683 1363 1744 Cata·

327 1785 487 1844 batlrmon
508 1804 585 1846 cum
598 1785 744 1870 Aegypto
759 1799 792 1848 et
808 1780 1013 1848 occidentale
1028 1785 1110 1844 latus
1126 1783 1210 1844 linus
1224 1780 1363 1846 Arabici

329 1883 371 1945 ad
392 1879 546 1947 Africam.

404 2033 597 2118 brevior)
644 2031 757 2097 Minus
780 2039 896 2120 longa,
928 2035 1018 2120 quod
1041 2055 1159 2098 verum
1180 2034 1240 2098 esse
1263 2055 1363 2119 expe-

198 2167 204 2202 ·,
327 2131 467 2196 rientiae
503 2132 632 2196 indices
665 2137 796 2200 tabulae
829 2137 965 2206 docent,
1008 2133 1151 2198 maxime
1183 2134 1242 2197 ubi
1274 2133 1363 2204 mari

328 2235 436 2298 nostro
469 2232 632 2298 imminet.
665 2254 851 2300 vantanva.
909 2233 1054 2320 Respicit
1086 2257 1185 2298 omne
1218 2235 1363 2320 spatium

328 2325 587 2418 magnitudinis,
619 2349 658 2400 ut
672 2337 709 2398 srt
723 2334 828 2420 magia
849 2331 986 2420 exigua,
1014 2357 1077 2399 nec
1093 2352 1262 2423 tantopere
1285 2358 1363 2420 por«

327 2433 454 2519 rigatur
466 2433 569 2520 spatio
585 2435 660 2509 suo,
692 2455 792 2522 quam
812 2433 948 2522 quidem
963 2440 1116 2500 alterutra
1132 2436 1264 2499 istarum
1287 2460 1363 2520 par·

327 2533 433 2614 tium;
475 2551 574 2620 prout
590 2535 693 2600 brevis
720 2537 978 2621 usurpatur'pro
1001 2559 1122 2621 parv03
1155 2555 1193 2600 ut
1206 2530 1363 2629 scopulus

327 2633 430 2698 brevis
458 2637 546 2720 apud
567 2625 726 2702 Ovidium
748 2639 882 2700 Metam.
905 2657 939 2718 9,
968 2641 1047 2701 996.
1083 2655 1116 2700 et
1136 2638 1259 2700 brevior
1282 2634 1363 2728 Offi

329 2737 418 2820 apud
439 2733 580 2800 Martial.
598 2747 631 2814 8,
649 2739 709 2814 36,
728 2729 770 2804 6.
797 2739 885 2800 unde
908 2736 1111 2822 patet'fuilsc
1134 2736 1169 2801 in
1190 2740 1254 2801 hoc
1277 2739 1363 2801 anti«

258 2911 261 2918 ,
328 2857 471 2920 quorum
487 2858 642 2910 errorem,
666 2836 743 2924 quia
759 2835 1013 2922 ignoraverunt,
1032 2855 1235 2924 quantopere
1250 2839 1363 2904 Africa

327 2937 439 2998 versus
479 2936 654 3000 meridiem
687 2935 919 3023 porrigeretur.
988 2961 1012 3004 1.
1049 2960 1250 3006 enonovtve
1285 2943 1363 3006 MS,

327 3038 456 3121 Nempe
477 3036 631 3122 concepit
651 3040 739 3101 Mela
761 3037 871 3102 animo
890 3038 1012 3102 lineam
1033 3056 1174 3113 rectam,
1209 3061 1297 3125 qnae
1326 3046 1363 3108 at

329 3157 385 3200 ora
401 3137 627 3202 Mauretaniae
642 3138 840 3202 occidentali
856 3141 897 3202 ad
907 3141 1146 3204 Catabathmon
1162 3157 1218 3202 aut
1232 3139 1363 3218 Nilum,

327 3237 458 3303 Africae
476 3261 516 3302 ex
536 3255 687 3302 veterum
702 3237 859 3302 sententia
875 3239 992 3312 finem,
1021 3241 1227 3311 extenditur,
1260 3243 1363 3307 hanc«

328 3359 393 3424 que
410 3356 578 3426 comparat
595 3337 689 3401 fimili
707 3339 826 3413 lineae,
850 3361 933 3425 quae
947 3362 965 3402 a
979 3339 1143 3404 Lusitania
1159 3342 1201 3403 ad
1215 3342 1363 3420 Tanain,

327 3443 481 3524 Europae
512 3437 710 3512 terminum,
743 3456 904 3524 protracta
933 3438 1070 3524 cogitari
1105 3441 1223 3526 potest;
1264 3465 1363 3527 quae,

329 3538 407 3627 quia
439 3538 495 3602 illa
528 3538 635 3602 maior
667 3537 942 3624 deprehenditur,
982 3540 1127 3604 Africam
1160 3539 1363 3618 breviorem,

328 3661 426 3726 quam
442 3643 596 3724 Europen
613 3641 673 3703 else
695 3639 787 3704 dicit.
819 3663 999 3706 retractura
1023 3644 1056 3704 in
1077 3639 1252 3733 proluflorre
1265 3636 1363 3734 sesto

326 3741 439 3833 lastiea
468 3741 509 3802 de
538 3762 615 3802 vera
643 3738 772 3804 Africae
797 3739 901 3824 figura
930 3741 1109 3806 secundum
1134 3741 1363 3826 Pomponium

324 3843 467 3914 Melam,
494 3840 600 3904 Hofae
622 3857 727 3922 1791.
748 3852 784 3920 η.

400 4013 471 4054 nec
494 4013 662 4076 usquam
684 4021 734 4042 -
758 3989 1019 4074 obtenditur)
1058 3992 1226 4077 Nusquam
1246 3988 1363 4077 inquit

275 4085 281 4097 '
326 4091 433 4168 Afiae,
459 4089 561 4156 etiam
580 4089 616 4154 in
630 4093 765 4179 pelagus
786 4091 931 4156 nostrum
950 4090 1175 4180 procurrenti,
1203 4089 1267 4156 suis
1286 4091 1363 4159 lito·
