<?xml version="1.0" encoding="UTF-8"?>
<!DOCTYPE html PUBLIC "-//W3C//DTD XHTML 1.0 Transitional//EN"
    "http://www.w3.org/TR/xhtml1/DTD/xhtml1-transitional.dtd">
<html xmlns="http://www.w3.org/1999/xhtml" xml:lang="en" lang="en">
 <head>
  <title>
</title>
<meta http-equiv="Content-Type" content="text/html;charset=utf-8" />
  <meta name='ocr-system' content='tesseract 3.04.00' />
  <meta name='ocr-capabilities' content='ocr_page ocr_carea ocr_par ocr_line ocrx_word'/>
</head>
<body>
  <div class='ocr_page' id='page_1' title='image "./pomponiimelaede06melagoog_0486.png"; bbox 0 0 2892 4950; ppageno 0'>
   <div class='ocr_carea' id='block_1_1' title="bbox 340 379 1114 454">
    <p class='ocr_par' dir='ltr' id='par_1_1' title="bbox 340 379 1114 454">
     <span class='ocr_line' id='line_1_1' title="bbox 340 379 1114 454; baseline -0.013 -6"><span class='ocrx_word' id='word_1_1' title='bbox 340 383 404 454; x_wconf 68' lang='grc'>480</span> <span class='ocrx_word' id='word_1_2' title='bbox 610 379 772 440; x_wconf 76' lang='lat' dir='ltr'>Nom</span> <span class='ocrx_word' id='word_1_3' title='bbox 812 379 1114 440; x_wconf 73' lang='lat' dir='ltr'>axaoartcaa</span> 
     </span>
    </p>
   </div>
   <div class='ocr_carea' id='block_1_2' title="bbox 342 552 1414 1550">
    <p class='ocr_par' dir='ltr' id='par_1_2' title="bbox 342 552 1414 1550">
     <span class='ocr_line' id='line_1_2' title="bbox 342 552 1361 639; baseline 0.002 -25"><span class='ocrx_word' id='word_1_4' title='bbox 342 564 377 614; x_wconf 82' lang='lat' dir='ltr'>et</span> <span class='ocrx_word' id='word_1_5' title='bbox 396 553 436 616; x_wconf 86' lang='lat' dir='ltr'>de</span> <span class='ocrx_word' id='word_1_6' title='bbox 458 571 543 616; x_wconf 86' lang='lat' dir='ltr'>nova</span> <span class='ocrx_word' id='word_1_7' title='bbox 565 552 690 616; x_wconf 87' lang='lat' dir='ltr'>colonia</span> <span class='ocrx_word' id='word_1_8' title='bbox 714 553 972 639; x_wconf 86' lang='lat' dir='ltr'>intelligendum.</span> <span class='ocrx_word' id='word_1_9' title='bbox 1014 553 1067 619; x_wconf 82' lang='lat' dir='ltr'><strong>Cf.</strong></span> <span class='ocrx_word' id='word_1_10' title='bbox 1091 553 1246 620; x_wconf 84' lang='lat' dir='ltr'>Herodnr.</span> <span class='ocrx_word' id='word_1_11' title='bbox 1261 573 1293 636; x_wconf 82' lang='lat'><strong>9.</strong></span> <span class='ocrx_word' id='word_1_12' title='bbox 1309 570 1361 636; x_wconf 82' lang='lat'><strong>97.</strong></span> 
     </span>
     <span class='ocr_line' id='line_1_3' title="bbox 343 651 1364 740; baseline -0.003 -23"><span class='ocrx_word' id='word_1_13' title='bbox 343 651 517 718; x_wconf 75' lang='lat' dir='ltr'>Pausanc.</span> <span class='ocrx_word' id='word_1_14' title='bbox 538 655 559 717; x_wconf 94' lang='lat' dir='ltr'>l.</span> <span class='ocrx_word' id='word_1_15' title='bbox 600 655 717 718; x_wconf 89' lang='lat' dir='ltr'>Conon</span> <span class='ocrx_word' id='word_1_16' title='bbox 741 670 853 718; x_wconf 83' lang='lat' dir='ltr'>narrat.</span> <span class='ocrx_word' id='word_1_17' title='bbox 880 663 914 719; x_wconf 75' lang='grc' dir='ltr'>Ω.</span> <span class='ocrx_word' id='word_1_18' title='bbox 955 655 1065 720; x_wconf 87' lang='lat' dir='ltr'>Schol.</span> <span class='ocrx_word' id='word_1_19' title='bbox 1090 658 1252 740; x_wconf 80' lang='lat' dir='ltr'>Apollonii</span> <span class='ocrx_word' id='word_1_20' title='bbox 1276 657 1310 718; x_wconf 92' lang='lat' dir='ltr'>ad</span> <span class='ocrx_word' id='word_1_21' title='bbox 1339 676 1364 724; x_wconf 84' lang='lat' dir='ltr'>t.</span> 
     </span>
     <span class='ocr_line' id='line_1_4' title="bbox 350 755 1363 838; baseline -0.001 -21"><span class='ocrx_word' id='word_1_22' title='bbox 350 757 457 832; x_wconf 77' lang='lat'><strong>¹076.</strong></span> <span class='ocrx_word' id='word_1_23' title='bbox 484 755 605 820; x_wconf 83' lang='lat' dir='ltr'>delian.</span> <span class='ocrx_word' id='word_1_24' title='bbox 621 757 659 818; x_wconf 93' lang='lat' dir='ltr'><strong>V.</strong></span> <span class='ocrx_word' id='word_1_25' title='bbox 672 756 716 832; x_wconf 83' lang='lat' dir='ltr'>H.</span> <span class='ocrx_word' id='word_1_26' title='bbox 731 769 765 834; x_wconf 82' lang='grc'>8,</span> <span class='ocrx_word' id='word_1_27' title='bbox 782 769 814 834; x_wconf 83' lang='grc'>5.</span> <span class='ocrx_word' id='word_1_28' title='bbox 839 769 872 820; x_wconf 92' lang='lat' dir='ltr'>et</span> <span class='ocrx_word' id='word_1_29' title='bbox 884 776 963 838; x_wconf 87' lang='lat' dir='ltr'>quae</span> <span class='ocrx_word' id='word_1_30' title='bbox 978 758 1022 818; x_wconf 92' lang='lat' dir='ltr'>ibi</span> <span class='ocrx_word' id='word_1_31' title='bbox 1041 763 1167 820; x_wconf 88' lang='lat' dir='ltr'>notarit</span> <span class='ocrx_word' id='word_1_32' title='bbox 1184 759 1363 826; x_wconf 73' lang='lat' dir='ltr'>Perizonius.</span> 
     </span>
     <span class='ocr_line' id='line_1_5' title="bbox 344 839 1365 940; baseline -0.003 -19"><span class='ocrx_word' id='word_1_33' title='bbox 344 861 428 921; x_wconf 81' lang='lat' dir='ltr'>etin</span> <span class='ocrx_word' id='word_1_34' title='bbox 448 858 582 919; x_wconf 81' lang='lat' dir='ltr'>Hellene</span> <span class='ocrx_word' id='word_1_35' title='bbox 598 877 631 939; x_wconf 87' lang='lat' dir='ltr'>p.</span> <span class='ocrx_word' id='word_1_36' title='bbox 649 869 735 939; x_wconf 74' lang='lat'><strong>451.</strong></span> <span class='ocrx_word' id='word_1_37' title='bbox 761 857 814 940; x_wconf 92' lang='lat' dir='ltr'>(in</span> <span class='ocrx_word' id='word_1_38' title='bbox 832 857 991 920; x_wconf 88' lang='lat' dir='ltr'>Gronovii</span> <span class='ocrx_word' id='word_1_39' title='bbox 1009 839 1088 923; x_wconf 76' lang='lat' dir='ltr'>thel.</span> <span class='ocrx_word' id='word_1_40' title='bbox 1110 861 1181 924; x_wconf 94' lang='lat' dir='ltr'>Vol.</span> <span class='ocrx_word' id='word_1_41' title='bbox 1204 857 1277 940; x_wconf 86' lang='grc' dir='ltr'>ιι.)</span> <span class='ocrx_word' id='word_1_42' title='bbox 1301 860 1365 918; x_wconf 89' lang='lat' dir='ltr'>Viu-</span> 
     </span>
     <span class='ocr_line' id='line_1_6' title="bbox 345 957 1366 1044; baseline -0.003 -24"><span class='ocrx_word' id='word_1_43' title='bbox 345 960 485 1044; x_wconf 80' lang='lat' dir='ltr'>dingiue.</span> <span class='ocrx_word' id='word_1_44' title='bbox 537 957 685 1042; x_wconf 87' lang='lat' dir='ltr'>Quatuor</span> <span class='ocrx_word' id='word_1_45' title='bbox 705 961 773 1022; x_wconf 86' lang='lat' dir='ltr'>eiua</span> <span class='ocrx_word' id='word_1_46' title='bbox 797 974 908 1043; x_wconf 85' lang='lat' dir='ltr'>portua</span> <span class='ocrx_word' id='word_1_47' title='bbox 930 958 1062 1044; x_wconf 74' lang='lat' dir='ltr'>latisque</span> <span class='ocrx_word' id='word_1_48' title='bbox 1080 963 1204 1044; x_wconf 72' lang='lat' dir='ltr'>amplos</span> <span class='ocrx_word' id='word_1_49' title='bbox 1225 971 1366 1022; x_wconf 83' lang='lat' dir='ltr'>memorat</span> 
     </span>
     <span class='ocr_line' id='line_1_7' title="bbox 344 1059 1366 1132; baseline -0.006 -8"><span class='ocrx_word' id='word_1_50' title='bbox 344 1062 458 1124; x_wconf 80' lang='lat' dir='ltr'>Strabo</span> <span class='ocrx_word' id='word_1_51' title='bbox 475 1079 501 1122; x_wconf 90' lang='lat' dir='ltr'>c.</span> <span class='ocrx_word' id='word_1_52' title='bbox 518 1059 541 1122; x_wconf 91' lang='lat' dir='ltr'>l.</span> <span class='ocrx_word' id='word_1_53' title='bbox 580 1059 695 1122; x_wconf 85' lang='lat' dir='ltr'>Multia</span> <span class='ocrx_word' id='word_1_54' title='bbox 713 1061 808 1124; x_wconf 78' lang='lat' dir='ltr'>rebus</span> <span class='ocrx_word' id='word_1_55' title='bbox 830 1061 992 1132; x_wconf 84' lang='lat' dir='ltr'>inclaruit,</span> <span class='ocrx_word' id='word_1_56' title='bbox 1023 1063 1164 1125; x_wconf 85' lang='lat' dir='ltr'>maxime</span> <span class='ocrx_word' id='word_1_57' title='bbox 1183 1063 1366 1125; x_wconf 89' lang='lat' dir='ltr'>coloniamm</span> 
     </span>
     <span class='ocr_line' id='line_1_8' title="bbox 345 1160 1367 1248; baseline -0.004 -24"><span class='ocrx_word' id='word_1_58' title='bbox 345 1163 570 1231; x_wconf 88' lang='lat' dir='ltr'>multitudine,</span> <span class='ocrx_word' id='word_1_59' title='bbox 604 1162 645 1224; x_wconf 82' lang='lat' dir='ltr'>stc</span> <span class='ocrx_word' id='word_1_60' title='bbox 665 1175 701 1222; x_wconf 91' lang='lat' dir='ltr'>ut</span> <span class='ocrx_word' id='word_1_61' title='bbox 719 1161 843 1225; x_wconf 86' lang='lat' dir='ltr'>Pliniua</span> <span class='ocrx_word' id='word_1_62' title='bbox 859 1160 950 1244; x_wconf 84' lang='lat' dir='ltr'>snper</span> <span class='ocrx_word' id='word_1_63' title='bbox 971 1179 1017 1242; x_wconf 78' lang='lat'>30</span> <span class='ocrx_word' id='word_1_64' title='bbox 1042 1164 1172 1226; x_wconf 89' lang='lat' dir='ltr'>urbium</span> <span class='ocrx_word' id='word_1_65' title='bbox 1193 1185 1250 1248; x_wconf 91' lang='lat' dir='ltr'>per</span> <span class='ocrx_word' id='word_1_66' title='bbox 1270 1173 1367 1224; x_wconf 87' lang='lat' dir='ltr'>cuncta</span> 
     </span>
     <span class='ocr_line' id='line_1_9' title="bbox 345 1258 1366 1346; baseline -0.005 -20"><span class='ocrx_word' id='word_1_67' title='bbox 345 1258 445 1326; x_wconf 87' lang='lat' dir='ltr'>maria</span> <span class='ocrx_word' id='word_1_68' title='bbox 464 1263 652 1346; x_wconf 80' lang='lat' dir='ltr'>genitricem</span> <span class='ocrx_word' id='word_1_69' title='bbox 668 1277 773 1334; x_wconf 86' lang='lat' dir='ltr'>vocet,</span> <span class='ocrx_word' id='word_1_70' title='bbox 796 1265 851 1325; x_wconf 88' lang='lat' dir='ltr'>etii</span> <span class='ocrx_word' id='word_1_71' title='bbox 864 1265 982 1328; x_wconf 80' lang='lat' dir='ltr'>Seneca</span> <span class='ocrx_word' id='word_1_72' title='bbox 999 1267 1033 1326; x_wconf 93' lang='lat' dir='ltr'>in</span> <span class='ocrx_word' id='word_1_73' title='bbox 1047 1264 1167 1328; x_wconf 84' lang='lat' dir='ltr'><strong>consol.</strong></span> <span class='ocrx_word' id='word_1_74' title='bbox 1178 1268 1216 1326; x_wconf 87' lang='lat' dir='ltr'>ad</span> <span class='ocrx_word' id='word_1_75' title='bbox 1232 1263 1366 1327; x_wconf 76' lang='lat' dir='ltr'>Helviam</span> 
     </span>
     <span class='ocr_line' id='line_1_10' title="bbox 346 1363 1414 1444; baseline -0.004 -18"><span class='ocrx_word' id='word_1_76' title='bbox 346 1384 414 1444; x_wconf 88' lang='lat' dir='ltr'>cap.</span> <span class='ocrx_word' id='word_1_77' title='bbox 436 1363 471 1426; x_wconf 83' lang='grc'>6.</span> <span class='ocrx_word' id='word_1_78' title='bbox 490 1374 536 1439; x_wconf 83' lang='lat'>75</span> <span class='ocrx_word' id='word_1_79' title='bbox 554 1363 613 1440; x_wconf 87' lang='lat' dir='ltr'>(al.</span> <span class='ocrx_word' id='word_1_80' title='bbox 632 1366 711 1442; x_wconf 86' lang='lat'><strong>70.)</strong></span> <span class='ocrx_word' id='word_1_81' title='bbox 733 1365 840 1428; x_wconf 87' lang='lat' dir='ltr'>habet.</span> <span class='ocrx_word' id='word_1_82' title='bbox 879 1365 1003 1428; x_wconf 85' lang='lat' dir='ltr'>Effudit</span> <span class='ocrx_word' id='word_1_83' title='bbox 1019 1368 1108 1428; x_wconf 90' lang='lat' dir='ltr'>enim</span> <span class='ocrx_word' id='word_1_84' title='bbox 1128 1369 1261 1429; x_wconf 85' lang='lat' dir='ltr'>colouoa</span> <span class='ocrx_word' id='word_1_85' title='bbox 1276 1367 1307 1425; x_wconf 91' lang='lat' dir='ltr'>in</span> <span class='ocrx_word' id='word_1_86' title='bbox 1327 1376 1367 1423; x_wconf 89' lang='lat' dir='ltr'>to·</span> <span class='ocrx_word' id='word_1_87' title='bbox 1413 1439 1414 1442; x_wconf 8' lang='grc' dir='ltr'><strong>Ἴ</strong></span> 
     </span>
     <span class='ocr_line' id='line_1_11' title="bbox 348 1464 1368 1550; baseline -0.003 -24"><span class='ocrx_word' id='word_1_88' title='bbox 348 1479 419 1526; x_wconf 89' lang='lat' dir='ltr'>tum</span> <span class='ocrx_word' id='word_1_89' title='bbox 450 1464 614 1526; x_wconf 80' lang='lat' dir='ltr'>Euxinum</span> <span class='ocrx_word' id='word_1_90' title='bbox 647 1466 808 1537; x_wconf 84' lang='lat' dir='ltr'>Pontum,</span> <span class='ocrx_word' id='word_1_91' title='bbox 841 1466 1075 1550; x_wconf 77' lang='lat' dir='ltr'>Propontidem</span> <span class='ocrx_word' id='word_1_92' title='bbox 1108 1479 1142 1530; x_wconf 87' lang='lat' dir='ltr'>et</span> <span class='ocrx_word' id='word_1_93' title='bbox 1174 1469 1247 1532; x_wconf 80' lang='lat' dir='ltr'>aliae</span> <span class='ocrx_word' id='word_1_94' title='bbox 1276 1481 1368 1534; x_wconf 84' lang='lat' dir='ltr'>terna,</span> 
     </span>
    </p>
   </div>
   <div class='ocr_carea' id='block_1_3' title="bbox 209 1564 1368 1650">
    <p class='ocr_par' dir='ltr' id='par_1_3' title="bbox 209 1564 1368 1650">
     <span class='ocr_line' id='line_1_12' title="bbox 209 1564 1368 1650; baseline -0.004 -21"><span class='ocrx_word' id='word_1_95' title='bbox 209 1617 214 1634; x_wconf 85' lang='lat'><strong>.</strong></span> <span class='ocrx_word' id='word_1_96' title='bbox 348 1564 584 1644; x_wconf 71' lang='lat' dir='ltr'>(Straboni.)</span> <span class='ocrx_word' id='word_1_97' title='bbox 610 1566 650 1629; x_wconf 86' lang='lat' dir='ltr'>de</span> <span class='ocrx_word' id='word_1_98' title='bbox 673 1566 788 1650; x_wconf 84' lang='lat' dir='ltr'>quibua</span> <span class='ocrx_word' id='word_1_99' title='bbox 811 1567 876 1630; x_wconf 84' lang='lat' dir='ltr'>rid.</span> <span class='ocrx_word' id='word_1_100' title='bbox 896 1568 1068 1650; x_wconf 77' lang='lat' dir='ltr'>spanhem.</span> <span class='ocrx_word' id='word_1_101' title='bbox 1085 1569 1126 1631; x_wconf 83' lang='lat' dir='ltr'>cle</span> <span class='ocrx_word' id='word_1_102' title='bbox 1145 1569 1202 1631; x_wconf 86' lang='lat' dir='ltr'>niu</span> <span class='ocrx_word' id='word_1_103' title='bbox 1218 1597 1266 1614; x_wconf 84' lang='lat'>·-</span> <span class='ocrx_word' id='word_1_104' title='bbox 1289 1583 1368 1627; x_wconf 90' lang='lat' dir='ltr'>num.</span> 
     </span>
    </p>
   </div>
   <div class='ocr_carea' id='block_1_4' title="bbox 347 1668 1374 3066">
    <p class='ocr_par' dir='ltr' id='par_1_4' title="bbox 347 1668 1374 3066">
     <span class='ocr_line' id='line_1_13' title="bbox 347 1668 1369 1752; baseline -0.005 -24"><span class='ocrx_word' id='word_1_105' title='bbox 347 1668 389 1728; x_wconf 90' lang='lat' dir='ltr'>T.</span> <span class='ocrx_word' id='word_1_106' title='bbox 411 1686 441 1731; x_wconf 89' lang='lat'><strong>1.</strong></span> <span class='ocrx_word' id='word_1_107' title='bbox 464 1685 496 1748; x_wconf 88' lang='lat' dir='ltr'><strong>p.</strong></span> <span class='ocrx_word' id='word_1_108' title='bbox 519 1677 602 1744; x_wconf 80' lang='lat'><strong>575.</strong></span> <span class='ocrx_word' id='word_1_109' title='bbox 629 1681 663 1730; x_wconf 86' lang='lat' dir='ltr'>et</span> <span class='ocrx_word' id='word_1_110' title='bbox 685 1669 720 1728; x_wconf 89' lang='lat' dir='ltr'>in</span> <span class='ocrx_word' id='word_1_111' title='bbox 741 1668 899 1752; x_wconf 79' lang='lat' dir='ltr'>Singulari</span> <span class='ocrx_word' id='word_1_112' title='bbox 917 1669 1027 1732; x_wconf 88' lang='lat' dir='ltr'>libello</span> <span class='ocrx_word' id='word_1_113' title='bbox 1052 1669 1092 1731; x_wconf 88' lang='lat' dir='ltr'>de</span> <span class='ocrx_word' id='word_1_114' title='bbox 1115 1670 1231 1733; x_wconf 84' lang='lat' dir='ltr'>Mileto</span> <span class='ocrx_word' id='word_1_115' title='bbox 1253 1668 1369 1746; x_wconf 76' lang='lat' dir='ltr'>eiusque</span> 
     </span>
     <span class='ocr_line' id='line_1_14' title="bbox 348 1767 1370 1850; baseline 0 -20"><span class='ocrx_word' id='word_1_116' title='bbox 348 1767 460 1830; x_wconf 71' lang='lat' dir='ltr'>incolis</span> <span class='ocrx_word' id='word_1_117' title='bbox 481 1771 622 1848; x_wconf 81' lang='lat'><strong>(¹79⁰·)</strong></span> <span class='ocrx_word' id='word_1_118' title='bbox 643 1768 866 1832; x_wconf 81' lang='lat' dir='ltr'>Rambaohiua.</span> <span class='ocrx_word' id='word_1_119' title='bbox 915 1771 1083 1833; x_wconf 80' lang='lat' dir='ltr'>Accedunt</span> <span class='ocrx_word' id='word_1_120' title='bbox 1098 1772 1186 1836; x_wconf 81' lang='lat' dir='ltr'>cirea</span> <span class='ocrx_word' id='word_1_121' title='bbox 1201 1771 1284 1840; x_wconf 86' lang='lat' dir='ltr'>clari,</span> <span class='ocrx_word' id='word_1_122' title='bbox 1304 1785 1370 1850; x_wconf 82' lang='lat' dir='ltr'>qno·</span> 
     </span>
     <span class='ocr_line' id='line_1_15' title="bbox 347 1869 1370 1955; baseline -0.004 -25"><span class='ocrx_word' id='word_1_123' title='bbox 347 1889 420 1931; x_wconf 88' lang='lat' dir='ltr'>rum</span> <span class='ocrx_word' id='word_1_124' title='bbox 446 1870 569 1951; x_wconf 86' lang='lat' dir='ltr'>aliquoa</span> <span class='ocrx_word' id='word_1_125' title='bbox 595 1869 709 1934; x_wconf 86' lang='lat' dir='ltr'>Noster</span> <span class='ocrx_word' id='word_1_126' title='bbox 742 1871 902 1952; x_wconf 83' lang='lat' dir='ltr'>producit.</span> <span class='ocrx_word' id='word_1_127' title='bbox 952 1871 1114 1932; x_wconf 81' lang='lat' dir='ltr'>Laudatur</span> <span class='ocrx_word' id='word_1_128' title='bbox 1147 1892 1244 1955; x_wconf 90' lang='lat' dir='ltr'>porro</span> <span class='ocrx_word' id='word_1_129' title='bbox 1269 1872 1370 1932; x_wconf 80' lang='lat' dir='ltr'>orium</span> 
     </span>
     <span class='ocr_line' id='line_1_16' title="bbox 348 1971 1370 2054; baseline -0.003 -22"><span class='ocrx_word' id='word_1_130' title='bbox 348 1971 499 2052; x_wconf 83' lang='lat' dir='ltr'>lanaeque</span> <span class='ocrx_word' id='word_1_131' title='bbox 513 1972 714 2054; x_wconf 78' lang='lat' dir='ltr'>praestantia.</span> <span class='ocrx_word' id='word_1_132' title='bbox 738 1972 775 2033; x_wconf 88' lang='lat' dir='ltr'>ad</span> <span class='ocrx_word' id='word_1_133' title='bbox 793 1991 888 2053; x_wconf 88' lang='lat' dir='ltr'>quam</span> <span class='ocrx_word' id='word_1_134' title='bbox 903 1971 1026 2034; x_wconf 90' lang='lat' dir='ltr'>adludit</span> <span class='ocrx_word' id='word_1_135' title='bbox 1041 1972 1196 2037; x_wconf 81' lang='lat' dir='ltr'>Martialis</span> <span class='ocrx_word' id='word_1_136' title='bbox 1209 1984 1242 2050; x_wconf 83' lang='lat'><strong>8.</strong></span> <span class='ocrx_word' id='word_1_137' title='bbox 1255 1982 1311 2048; x_wconf 72' lang='lat'>28,</span> <span class='ocrx_word' id='word_1_138' title='bbox 1324 1988 1370 2032; x_wconf 92' lang='grc' dir='ltr'>ιο.</span> 
     </span>
     <span class='ocr_line' id='line_1_17' title="bbox 348 2062 1369 2156; baseline -0.006 -20"><span class='ocrx_word' id='word_1_139' title='bbox 348 2073 413 2136; x_wconf 87' lang='lat' dir='ltr'>Sed</span> <span class='ocrx_word' id='word_1_140' title='bbox 435 2073 523 2154; x_wconf 88' lang='lat' dir='ltr'>plura</span> <span class='ocrx_word' id='word_1_141' title='bbox 546 2062 668 2135; x_wconf 83' lang='lat' dir='ltr'>dabunt</span> <span class='ocrx_word' id='word_1_142' title='bbox 684 2072 840 2136; x_wconf 82' lang='lat' dir='ltr'>Meurfiua</span> <span class='ocrx_word' id='word_1_143' title='bbox 863 2072 902 2133; x_wconf 86' lang='lat' dir='ltr'>ad</span> <span class='ocrx_word' id='word_1_144' title='bbox 923 2073 1072 2155; x_wconf 78' lang='lat' dir='ltr'>Apollon.</span> <span class='ocrx_word' id='word_1_145' title='bbox 1089 2074 1219 2154; x_wconf 78' lang='lat' dir='ltr'>Dyscot.</span> <span class='ocrx_word' id='word_1_146' title='bbox 1242 2095 1303 2156; x_wconf 86' lang='lat' dir='ltr'>cap.</span> <span class='ocrx_word' id='word_1_147' title='bbox 1320 2087 1369 2132; x_wconf 89' lang='lat' dir='ltr'>tto.</span> 
     </span>
     <span class='ocr_line' id='line_1_18' title="bbox 349 2170 1370 2260; baseline -0.005 -24"><span class='ocrx_word' id='word_1_148' title='bbox 349 2175 383 2236; x_wconf 78' lang='lat' dir='ltr'>e&#39;t</span> <span class='ocrx_word' id='word_1_149' title='bbox 404 2175 438 2234; x_wconf 91' lang='lat' dir='ltr'>in</span> <span class='ocrx_word' id='word_1_150' title='bbox 462 2175 574 2256; x_wconf 85' lang='lat' dir='ltr'>primia</span> <span class='ocrx_word' id='word_1_151' title='bbox 589 2172 749 2236; x_wconf 84' lang='lat' dir='ltr'>Fischertte</span> <span class='ocrx_word' id='word_1_152' title='bbox 767 2175 800 2234; x_wconf 88' lang='lat' dir='ltr'>in</span> <span class='ocrx_word' id='word_1_153' title='bbox 816 2173 921 2236; x_wconf 90' lang='lat' dir='ltr'>indice</span> <span class='ocrx_word' id='word_1_154' title='bbox 935 2175 1115 2259; x_wconf 87' lang='lat' dir='ltr'>Palaephati</span> <span class='ocrx_word' id='word_1_155' title='bbox 1130 2175 1153 2239; x_wconf 83' lang='lat' dir='ltr'>i.</span> <span class='ocrx_word' id='word_1_156' title='bbox 1171 2199 1205 2240; x_wconf 85' lang='lat' dir='ltr'><strong>v.</strong></span> <span class='ocrx_word' id='word_1_157' title='bbox 1227 2170 1370 2260; x_wconf 65' lang='grc' dir='ltr'>Μίλητος.</span> 
     </span>
     <span class='ocr_line' id='line_1_19' title="bbox 351 2274 1370 2358; baseline 0.002 -23"><span class='ocrx_word' id='word_1_158' title='bbox 351 2274 449 2357; x_wconf 88' lang='lat' dir='ltr'>Quod</span> <span class='ocrx_word' id='word_1_159' title='bbox 465 2276 560 2336; x_wconf 92' lang='lat' dir='ltr'>multi</span> <span class='ocrx_word' id='word_1_160' title='bbox 575 2277 609 2338; x_wconf 90' lang='lat' dir='ltr'>in</span> <span class='ocrx_word' id='word_1_161' title='bbox 626 2277 716 2340; x_wconf 85' lang='lat' dir='ltr'>Caria</span> <span class='ocrx_word' id='word_1_162' title='bbox 730 2288 866 2358; x_wconf 84' lang='lat' dir='ltr'>ponunt,</span> <span class='ocrx_word' id='word_1_163' title='bbox 884 2286 921 2335; x_wconf 89' lang='lat' dir='ltr'>nt</span> <span class='ocrx_word' id='word_1_164' title='bbox 936 2275 1047 2355; x_wconf 85' lang='lat' dir='ltr'>Scylax</span> <span class='ocrx_word' id='word_1_165' title='bbox 1060 2296 1091 2358; x_wconf 89' lang='lat' dir='ltr'>p.</span> <span class='ocrx_word' id='word_1_166' title='bbox 1110 2291 1169 2358; x_wconf 81' lang='lat'><strong>59.</strong></span> <span class='ocrx_word' id='word_1_167' title='bbox 1186 2275 1284 2340; x_wconf 85' lang='lat' dir='ltr'>Hndi.</span> <span class='ocrx_word' id='word_1_168' title='bbox 1314 2275 1370 2337; x_wconf 75' lang='lat' dir='ltr'>sn</span> 
     </span>
     <span class='ocr_line' id='line_1_20' title="bbox 349 2375 1370 2458; baseline 0 -24"><span class='ocrx_word' id='word_1_169' title='bbox 349 2375 484 2458; x_wconf 87' lang='lat' dir='ltr'>phanue.</span> <span class='ocrx_word' id='word_1_170' title='bbox 505 2377 750 2454; x_wconf 86' lang='lat' dir='ltr'>Ptolemaeua5‚</span> <span class='ocrx_word' id='word_1_171' title='bbox 770 2394 801 2440; x_wconf 83' lang='lat' dir='ltr'>a.</span> <span class='ocrx_word' id='word_1_172' title='bbox 827 2377 990 2439; x_wconf 76' lang='lat' dir='ltr'>Hieroclen</span> <span class='ocrx_word' id='word_1_173' title='bbox 1004 2397 1034 2458; x_wconf 91' lang='lat' dir='ltr'>p.</span> <span class='ocrx_word' id='word_1_174' title='bbox 1047 2379 1131 2455; x_wconf 82' lang='lat'><strong>687.</strong></span> <span class='ocrx_word' id='word_1_175' title='bbox 1152 2393 1186 2441; x_wconf 92' lang='lat' dir='ltr'>et</span> <span class='ocrx_word' id='word_1_176' title='bbox 1203 2378 1370 2442; x_wconf 82' lang='lat' dir='ltr'>ferereren·</span> 
     </span>
     <span class='ocr_line' id='line_1_21' title="bbox 351 2475 1371 2560; baseline 0.004 -26"><span class='ocrx_word' id='word_1_177' title='bbox 351 2477 464 2548; x_wconf 83' lang='lat' dir='ltr'>tiorea,</span> <span class='ocrx_word' id='word_1_178' title='bbox 488 2478 522 2537; x_wconf 92' lang='lat' dir='ltr'>in</span> <span class='ocrx_word' id='word_1_179' title='bbox 545 2479 584 2540; x_wconf 82' lang='lat' dir='ltr'>iia</span> <span class='ocrx_word' id='word_1_180' title='bbox 606 2479 744 2539; x_wconf 86' lang='lat' dir='ltr'>maxime</span> <span class='ocrx_word' id='word_1_181' title='bbox 760 2475 962 2547; x_wconf 82' lang='lat' dir='ltr'>Scholiassae.</span> <span class='ocrx_word' id='word_1_182' title='bbox 994 2490 1027 2540; x_wconf 89' lang='lat' dir='ltr'>et</span> <span class='ocrx_word' id='word_1_183' title='bbox 1046 2499 1128 2560; x_wconf 87' lang='lat' dir='ltr'>quoa</span> <span class='ocrx_word' id='word_1_184' title='bbox 1149 2482 1269 2542; x_wconf 84' lang='lat' dir='ltr'>indicat</span> <span class='ocrx_word' id='word_1_185' title='bbox 1290 2477 1371 2538; x_wconf 82' lang='lat' dir='ltr'>Mun·</span> 
     </span>
     <span class='ocr_line' id='line_1_22' title="bbox 351 2571 1371 2662; baseline -0.003 -24"><span class='ocrx_word' id='word_1_186' title='bbox 351 2575 440 2638; x_wconf 87' lang='lat' dir='ltr'>oker.</span> <span class='ocrx_word' id='word_1_187' title='bbox 457 2579 495 2638; x_wconf 85' lang='lat' dir='ltr'>ad</span> <span class='ocrx_word' id='word_1_188' title='bbox 513 2577 634 2662; x_wconf 78' lang='lat' dir='ltr'>Hygia.</span> <span class='ocrx_word' id='word_1_189' title='bbox 656 2576 718 2641; x_wconf 87' lang='lat' dir='ltr'>fab.</span> <span class='ocrx_word' id='word_1_190' title='bbox 740 2591 795 2657; x_wconf 77' lang='grc'>14.</span> <span class='ocrx_word' id='word_1_191' title='bbox 817 2597 855 2640; x_wconf 86' lang='lat' dir='ltr'>ex</span> <span class='ocrx_word' id='word_1_192' title='bbox 875 2579 1002 2661; x_wconf 87' lang='lat' dir='ltr'>antiqua</span> <span class='ocrx_word' id='word_1_193' title='bbox 1018 2577 1137 2642; x_wconf 86' lang='lat' dir='ltr'>Carum</span> <span class='ocrx_word' id='word_1_194' title='bbox 1158 2580 1231 2644; x_wconf 82' lang='lat' dir='ltr'>fede</span> <span class='ocrx_word' id='word_1_195' title='bbox 1252 2571 1371 2660; x_wconf 81' lang='lat' dir='ltr'>intelligi</span> 
     </span>
     <span class='ocr_line' id='line_1_23' title="bbox 350 2674 1370 2768; baseline 0.008 -31"><span class='ocrx_word' id='word_1_196' title='bbox 350 2674 461 2758; x_wconf 85' lang='lat' dir='ltr'>potell.</span> <span class='ocrx_word' id='word_1_197' title='bbox 497 2677 611 2760; x_wconf 85' lang='lat' dir='ltr'>Neque</span> <span class='ocrx_word' id='word_1_198' title='bbox 627 2679 714 2740; x_wconf 90' lang='lat' dir='ltr'>enim</span> <span class='ocrx_word' id='word_1_199' title='bbox 737 2679 811 2740; x_wconf 90' lang='lat' dir='ltr'>inde</span> <span class='ocrx_word' id='word_1_200' title='bbox 825 2679 987 2760; x_wconf 84' lang='lat' dir='ltr'>duplicem</span> <span class='ocrx_word' id='word_1_201' title='bbox 1002 2679 1126 2744; x_wconf 87' lang='lat' dir='ltr'>Cariam</span> <span class='ocrx_word' id='word_1_202' title='bbox 1144 2683 1264 2768; x_wconf 80' lang='lat' dir='ltr'>lingere</span> <span class='ocrx_word' id='word_1_203' title='bbox 1283 2681 1370 2744; x_wconf 78' lang='lat' dir='ltr'>liceat.</span> 
     </span>
     <span class='ocr_line' id='line_1_24' title="bbox 352 2779 1371 2858; baseline 0.003 -20"><span class='ocrx_word' id='word_1_204' title='bbox 352 2797 451 2839; x_wconf 86' lang='lat' dir='ltr'>unum</span> <span class='ocrx_word' id='word_1_205' title='bbox 467 2779 551 2840; x_wconf 88' lang='lat' dir='ltr'>inter</span> <span class='ocrx_word' id='word_1_206' title='bbox 566 2780 688 2842; x_wconf 85' lang='lat' dir='ltr'>ioniam</span> <span class='ocrx_word' id='word_1_207' title='bbox 705 2793 737 2842; x_wconf 87' lang='lat' dir='ltr'>et</span> <span class='ocrx_word' id='word_1_208' title='bbox 755 2779 893 2858; x_wconf 84' lang='lat' dir='ltr'>Lyciam,</span> <span class='ocrx_word' id='word_1_209' title='bbox 918 2781 1047 2842; x_wconf 84' lang='lat' dir='ltr'>alteram</span> <span class='ocrx_word' id='word_1_210' title='bbox 1069 2784 1180 2846; x_wconf 86' lang='lat' dir='ltr'>Ioniae</span> <span class='ocrx_word' id='word_1_211' title='bbox 1201 2787 1281 2846; x_wconf 85' lang='lat' dir='ltr'>circa</span> <span class='ocrx_word' id='word_1_212' title='bbox 1296 2779 1371 2841; x_wconf 77' lang='lat' dir='ltr'>Mile·</span> 
     </span>
     <span class='ocr_line' id='line_1_25' title="bbox 353 2879 1373 2962; baseline -0.004 -20"><span class='ocrx_word' id='word_1_213' title='bbox 353 2892 442 2950; x_wconf 87' lang='lat' dir='ltr'>tum,</span> <span class='ocrx_word' id='word_1_214' title='bbox 464 2881 550 2962; x_wconf 90' lang='lat' dir='ltr'>quod</span> <span class='ocrx_word' id='word_1_215' title='bbox 567 2901 584 2942; x_wconf 90' lang='lat' dir='ltr'>a</span> <span class='ocrx_word' id='word_1_216' title='bbox 599 2879 727 2962; x_wconf 81' lang='lat' dir='ltr'>Ryclrio</span> <span class='ocrx_word' id='word_1_217' title='bbox 743 2882 886 2943; x_wconf 75' lang='lat' dir='ltr'>monitus</span> <span class='ocrx_word' id='word_1_218' title='bbox 902 2879 976 2942; x_wconf 84' lang='lat' dir='ltr'>lecit</span> <span class='ocrx_word' id='word_1_219' title='bbox 992 2881 1162 2946; x_wconf 86' lang='lat' dir='ltr'>Muncker.</span> <span class='ocrx_word' id='word_1_220' title='bbox 1180 2902 1209 2948; x_wconf 87' lang='lat' dir='ltr'>c.</span> <span class='ocrx_word' id='word_1_221' title='bbox 1227 2886 1249 2948; x_wconf 90' lang='lat' dir='ltr'>l.</span> <span class='ocrx_word' id='word_1_222' title='bbox 1282 2879 1373 2944; x_wconf 83' lang='lat' dir='ltr'>Poste·</span> 
     </span>
     <span class='ocr_line' id='line_1_26' title="bbox 351 2980 1374 3066; baseline -0.002 -26"><span class='ocrx_word' id='word_1_223' title='bbox 351 2981 429 3042; x_wconf 88' lang='lat' dir='ltr'>riori</span> <span class='ocrx_word' id='word_1_224' title='bbox 460 2997 567 3044; x_wconf 87' lang='lat' dir='ltr'>tamen</span> <span class='ocrx_word' id='word_1_225' title='bbox 595 2995 740 3064; x_wconf 89' lang='lat' dir='ltr'>tempore</span> <span class='ocrx_word' id='word_1_226' title='bbox 767 2982 876 3044; x_wconf 86' lang='lat' dir='ltr'>Cariae</span> <span class='ocrx_word' id='word_1_227' title='bbox 900 2980 1086 3066; x_wconf 80' lang='lat' dir='ltr'>adscriptam</span> <span class='ocrx_word' id='word_1_228' title='bbox 1117 2981 1226 3058; x_wconf 81' lang='lat' dir='ltr'>inille,</span> <span class='ocrx_word' id='word_1_229' title='bbox 1257 2997 1292 3046; x_wconf 91' lang='lat' dir='ltr'>nt</span> <span class='ocrx_word' id='word_1_230' title='bbox 1313 2981 1374 3043; x_wconf 83' lang='lat' dir='ltr'>aliar</span> 
     </span>
    </p>
   </div>
   <div class='ocr_carea' id='block_1_5' title="bbox 215 3080 1374 3166">
    <p class='ocr_par' dir='ltr' id='par_1_5' title="bbox 215 3080 1374 3166">
     <span class='ocr_line' id='line_1_27' title="bbox 215 3080 1374 3166; baseline 0.001 -22"><span class='ocrx_word' id='word_1_231' title='bbox 215 3127 220 3136; x_wconf 74' lang='lat'><em>,</em></span> <span class='ocrx_word' id='word_1_232' title='bbox 352 3082 464 3144; x_wconf 88' lang='lat' dir='ltr'>Ioniae</span> <span class='ocrx_word' id='word_1_233' title='bbox 480 3083 572 3144; x_wconf 74' lang='lat' dir='ltr'>urbes</span> <span class='ocrx_word' id='word_1_234' title='bbox 592 3083 677 3146; x_wconf 82' lang='lat' dir='ltr'>Aliae</span> <span class='ocrx_word' id='word_1_235' title='bbox 697 3081 933 3166; x_wconf 80' lang='lat' dir='ltr'>proconsulari.·</span> <span class='ocrx_word' id='word_1_236' title='bbox 952 3087 1080 3166; x_wconf 85' lang='lat' dir='ltr'>adparet</span> <span class='ocrx_word' id='word_1_237' title='bbox 1096 3105 1134 3146; x_wconf 88' lang='lat' dir='ltr'>ex</span> <span class='ocrx_word' id='word_1_238' title='bbox 1152 3086 1308 3149; x_wconf 83' lang='lat' dir='ltr'>Hierocle.</span> <span class='ocrx_word' id='word_1_239' title='bbox 1342 3080 1374 3140; x_wconf 79' lang='lat' dir='ltr'>ln</span> 
     </span>
    </p>
   </div>
   <div class='ocr_carea' id='block_1_6' title="bbox 353 3181 1374 4177">
    <p class='ocr_par' dir='ltr' id='par_1_6' title="bbox 353 3181 1374 4177">
     <span class='ocr_line' id='line_1_28' title="bbox 354 3181 1374 3271; baseline 0.001 -28"><span class='ocrx_word' id='word_1_240' title='bbox 354 3184 583 3247; x_wconf 84' lang='lat' dir='ltr'>cularnitatiltua</span> <span class='ocrx_word' id='word_1_241' title='bbox 611 3187 680 3246; x_wconf 87' lang='lat' dir='ltr'>eina</span> <span class='ocrx_word' id='word_1_242' title='bbox 712 3181 808 3246; x_wconf 83' lang='lat' dir='ltr'>refert</span> <span class='ocrx_word' id='word_1_243' title='bbox 837 3183 1041 3248; x_wconf 71' lang='lat' dir='ltr'>Straboni.</span> <span class='ocrx_word' id='word_1_244' title='bbox 1074 3189 1374 3271; x_wconf 69' lang='lat' dir='ltr'>expugnationem</span> 
     </span>
     <span class='ocr_line' id='line_1_29' title="bbox 353 3279 1373 3370; baseline -0.002 -26"><span class='ocrx_word' id='word_1_245' title='bbox 353 3283 453 3346; x_wconf 83' lang='lat' dir='ltr'>Perlie</span> <span class='ocrx_word' id='word_1_246' title='bbox 473 3282 586 3346; x_wconf 83' lang='lat' dir='ltr'>factam</span> <span class='ocrx_word' id='word_1_247' title='bbox 608 3285 778 3367; x_wconf 88' lang='lat' dir='ltr'>(Herodot.</span> <span class='ocrx_word' id='word_1_248' title='bbox 796 3285 829 3353; x_wconf 87' lang='lat'>6.</span> <span class='ocrx_word' id='word_1_249' title='bbox 853 3282 922 3370; x_wconf 82' lang='lat'><strong>¹8·)</strong></span> <span class='ocrx_word' id='word_1_250' title='bbox 946 3287 1074 3348; x_wconf 87' lang='lat' dir='ltr'>alteram</span> <span class='ocrx_word' id='word_1_251' title='bbox 1088 3287 1127 3348; x_wconf 89' lang='lat' dir='ltr'>ab</span> <span class='ocrx_word' id='word_1_252' title='bbox 1145 3288 1318 3351; x_wconf 78' lang='lat' dir='ltr'>atexandro</span> <span class='ocrx_word' id='word_1_253' title='bbox 1334 3279 1373 3342; x_wconf 77' lang='lat' dir='ltr'>ll·</span> 
     </span>
     <span class='ocr_line' id='line_1_30' title="bbox 355 3383 1374 3468; baseline 0.001 -22"><span class='ocrx_word' id='word_1_254' title='bbox 355 3387 491 3460; x_wconf 78' lang='lat' dir='ltr'>(Arrian.</span> <span class='ocrx_word' id='word_1_255' title='bbox 512 3387 551 3446; x_wconf 82' lang='lat' dir='ltr'>cla</span> <span class='ocrx_word' id='word_1_256' title='bbox 571 3405 642 3468; x_wconf 87' lang='lat' dir='ltr'>exp.</span> <span class='ocrx_word' id='word_1_257' title='bbox 666 3407 695 3456; x_wconf 88' lang='lat' dir='ltr'>t.</span> <span class='ocrx_word' id='word_1_258' title='bbox 717 3403 771 3464; x_wconf 90' lang='lat'>19.</span> <span class='ocrx_word' id='word_1_259' title='bbox 788 3383 809 3446; x_wconf 88' lang='lat' dir='ltr'>l.</span> <span class='ocrx_word' id='word_1_260' title='bbox 829 3389 902 3460; x_wconf 79' lang='lat' dir='ltr'>ao.)</span> <span class='ocrx_word' id='word_1_261' title='bbox 938 3387 1020 3448; x_wconf 83' lang='lat' dir='ltr'>Aliae</span> <span class='ocrx_word' id='word_1_262' title='bbox 1036 3388 1259 3451; x_wconf 80' lang='lat' dir='ltr'>conversronea</span> <span class='ocrx_word' id='word_1_263' title='bbox 1274 3407 1310 3450; x_wconf 89' lang='lat' dir='ltr'>ex</span> <span class='ocrx_word' id='word_1_264' title='bbox 1331 3399 1374 3443; x_wconf 75' lang='lat' dir='ltr'>ru·</span> 
     </span>
     <span class='ocr_line' id='line_1_31' title="bbox 354 3479 1374 3572; baseline -0.004 -26"><span class='ocrx_word' id='word_1_265' title='bbox 354 3487 494 3548; x_wconf 84' lang='lat' dir='ltr'>ctoribua</span> <span class='ocrx_word' id='word_1_266' title='bbox 515 3487 668 3568; x_wconf 91' lang='lat' dir='ltr'>proponit</span> <span class='ocrx_word' id='word_1_267' title='bbox 689 3487 878 3570; x_wconf 82' lang='lat' dir='ltr'>Vindingins</span> <span class='ocrx_word' id='word_1_268' title='bbox 894 3487 928 3546; x_wconf 89' lang='lat' dir='ltr'>in</span> <span class='ocrx_word' id='word_1_269' title='bbox 945 3487 1078 3551; x_wconf 86' lang='lat' dir='ltr'>Hellena</span> <span class='ocrx_word' id='word_1_270' title='bbox 1093 3509 1120 3552; x_wconf 91' lang='lat' dir='ltr'>c.</span> <span class='ocrx_word' id='word_1_271' title='bbox 1136 3491 1158 3552; x_wconf 96' lang='lat' dir='ltr'>l.</span> <span class='ocrx_word' id='word_1_272' title='bbox 1196 3490 1257 3572; x_wconf 86' lang='lat' dir='ltr'>lpst</span> <span class='ocrx_word' id='word_1_273' title='bbox 1276 3479 1374 3548; x_wconf 85' lang='lat' dir='ltr'>Milelii</span> 
     </span>
     <span class='ocr_line' id='line_1_32' title="bbox 355 3581 1374 3682; baseline 0 -36"><span class='ocrx_word' id='word_1_274' title='bbox 355 3588 433 3646; x_wconf 88' lang='lat' dir='ltr'>olim</span> <span class='ocrx_word' id='word_1_275' title='bbox 452 3587 600 3648; x_wconf 86' lang='lat' dir='ltr'>valebant</span> <span class='ocrx_word' id='word_1_276' title='bbox 614 3587 730 3648; x_wconf 88' lang='lat' dir='ltr'>robore</span> <span class='ocrx_word' id='word_1_277' title='bbox 750 3601 783 3646; x_wconf 85' lang='lat' dir='ltr'>et</span> <span class='ocrx_word' id='word_1_278' title='bbox 800 3585 1006 3661; x_wconf 81' lang='lat' dir='ltr'>fortitudine,</span> <span class='ocrx_word' id='word_1_279' title='bbox 1031 3591 1119 3651; x_wconf 90' lang='lat' dir='ltr'>nude</span> <span class='ocrx_word' id='word_1_280' title='bbox 1138 3593 1234 3682; x_wconf 81' lang='lat' dir='ltr'>etiam</span> <span class='ocrx_word' id='word_1_281' title='bbox 1256 3581 1374 3674; x_wconf 73' lang='grc' dir='ltr'>ἄλκιμοι</span> 
     </span>
     <span class='ocr_line' id='line_1_33' title="bbox 356 3684 1374 3770; baseline 0.005 -23"><span class='ocrx_word' id='word_1_282' title='bbox 356 3687 433 3748; x_wconf 88' lang='lat' dir='ltr'>dicti</span> <span class='ocrx_word' id='word_1_283' title='bbox 454 3686 534 3750; x_wconf 91' lang='lat' dir='ltr'>lunt.</span> <span class='ocrx_word' id='word_1_284' title='bbox 571 3685 622 3753; x_wconf 84' lang='lat' dir='ltr'>cf.</span> <span class='ocrx_word' id='word_1_285' title='bbox 640 3684 799 3768; x_wconf 80' lang='lat' dir='ltr'>aristoph.</span> <span class='ocrx_word' id='word_1_286' title='bbox 821 3690 854 3748; x_wconf 92' lang='lat' dir='ltr'>in</span> <span class='ocrx_word' id='word_1_287' title='bbox 878 3688 972 3750; x_wconf 87' lang='lat' dir='ltr'>Pluto</span> <span class='ocrx_word' id='word_1_288' title='bbox 993 3711 1026 3753; x_wconf 79' lang='lat' dir='ltr'><strong>v.</strong></span> <span class='ocrx_word' id='word_1_289' title='bbox 1046 3705 1151 3770; x_wconf 80' lang='lat'><strong>1003.</strong></span> <span class='ocrx_word' id='word_1_290' title='bbox 1173 3708 1205 3753; x_wconf 89' lang='lat' dir='ltr'>et</span> <span class='ocrx_word' id='word_1_291' title='bbox 1228 3689 1327 3764; x_wconf 78' lang='lat'><strong>1076.</strong></span> <span class='ocrx_word' id='word_1_292' title='bbox 1347 3694 1374 3742; x_wconf 87' lang='lat' dir='ltr'>et</span> 
     </span>
     <span class='ocr_line' id='line_1_34' title="bbox 357 3788 1374 3871; baseline -0.002 -21"><span class='ocrx_word' id='word_1_293' title='bbox 357 3789 464 3852; x_wconf 86' lang='lat' dir='ltr'>Schol.</span> <span class='ocrx_word' id='word_1_294' title='bbox 481 3789 567 3851; x_wconf 84' lang='lat' dir='ltr'>adv.</span> <span class='ocrx_word' id='word_1_295' title='bbox 587 3803 692 3866; x_wconf 79' lang='lat'><strong>1003.</strong></span> <span class='ocrx_word' id='word_1_296' title='bbox 718 3788 774 3848; x_wconf 90' lang='lat' dir='ltr'>ubi</span> <span class='ocrx_word' id='word_1_297' title='bbox 795 3789 895 3850; x_wconf 86' lang='lat' dir='ltr'>multa</span> <span class='ocrx_word' id='word_1_298' title='bbox 915 3791 1039 3855; x_wconf 88' lang='lat' dir='ltr'>adtulit.</span> <span class='ocrx_word' id='word_1_299' title='bbox 1088 3791 1262 3862; x_wconf 76' lang='lat' dir='ltr'>Pontum,</span> <span class='ocrx_word' id='word_1_300' title='bbox 1283 3790 1374 3871; x_wconf 82' lang='lat' dir='ltr'>quiet</span> 
     </span>
     <span class='ocr_line' id='line_1_35' title="bbox 358 3885 1373 3976; baseline -0.001 -27"><span class='ocrx_word' id='word_1_301' title='bbox 358 3891 391 3950; x_wconf 91' lang='lat' dir='ltr'>in</span> <span class='ocrx_word' id='word_1_302' title='bbox 416 3891 623 3972; x_wconf 80' lang='lat' dir='ltr'>prouerbium</span> <span class='ocrx_word' id='word_1_303' title='bbox 640 3889 736 3959; x_wconf 86' lang='lat' dir='ltr'>abiit,</span> <span class='ocrx_word' id='word_1_304' title='bbox 767 3887 926 3960; x_wconf 85' lang='lat' dir='ltr'>dieloluti,</span> <span class='ocrx_word' id='word_1_305' title='bbox 954 3892 1183 3976; x_wconf 84' lang='lat' dir='ltr'>elanguerunt;</span> <span class='ocrx_word' id='word_1_306' title='bbox 1213 3907 1248 3954; x_wconf 87' lang='lat' dir='ltr'>ut</span> <span class='ocrx_word' id='word_1_307' title='bbox 1266 3911 1303 3954; x_wconf 84' lang='lat' dir='ltr'>ex</span> <span class='ocrx_word' id='word_1_308' title='bbox 1320 3885 1373 3948; x_wconf 87' lang='lat' dir='ltr'>dri·</span> 
     </span>
     <span class='ocr_line' id='line_1_36' title="bbox 358 3985 1372 4078; baseline 0.002 -26"><span class='ocrx_word' id='word_1_309' title='bbox 358 3989 469 4052; x_wconf 90' lang='lat' dir='ltr'>ilotele</span> <span class='ocrx_word' id='word_1_310' title='bbox 482 3989 576 4052; x_wconf 84' lang='lat' dir='ltr'>refert</span> <span class='ocrx_word' id='word_1_311' title='bbox 591 3988 731 4054; x_wconf 81' lang='lat' dir='ltr'>Eullatlr.</span> <span class='ocrx_word' id='word_1_312' title='bbox 745 3991 784 4052; x_wconf 89' lang='lat' dir='ltr'>ad</span> <span class='ocrx_word' id='word_1_313' title='bbox 799 3991 932 4054; x_wconf 91' lang='lat' dir='ltr'>Homer.</span> <span class='ocrx_word' id='word_1_314' title='bbox 951 3993 988 4056; x_wconf 93' lang='lat' dir='ltr'>ll.</span> <span class='ocrx_word' id='word_1_315' title='bbox 1005 4008 1063 4074; x_wconf 65' lang='lat' dir='ltr'>alp.</span> <span class='ocrx_word' id='word_1_316' title='bbox 1080 4005 1166 4075; x_wconf 90' lang='grc'><strong>444.</strong></span> <span class='ocrx_word' id='word_1_317' title='bbox 1183 4015 1216 4078; x_wconf 90' lang='lat' dir='ltr'>p.</span> <span class='ocrx_word' id='word_1_318' title='bbox 1232 4001 1330 4072; x_wconf 69' lang='lat'>1494·</span> <span class='ocrx_word' id='word_1_319' title='bbox 1344 3985 1372 4046; x_wconf 76' lang='lat'>6·</span> 
     </span>
     <span class='ocr_line' id='line_1_37' title="bbox 359 4089 1374 4177; baseline -0.004 -25"><span class='ocrx_word' id='word_1_320' title='bbox 359 4089 466 4155; x_wconf 86' lang='lat' dir='ltr'>Hodie</span> <span class='ocrx_word' id='word_1_321' title='bbox 482 4091 583 4154; x_wconf 86' lang='lat' dir='ltr'>ruinia</span> <span class='ocrx_word' id='word_1_322' title='bbox 601 4090 742 4156; x_wconf 85' lang='lat' dir='ltr'>clemerla</span> <span class='ocrx_word' id='word_1_323' title='bbox 767 4091 866 4167; x_wconf 83' lang='lat' dir='ltr'>iacet,</span> <span class='ocrx_word' id='word_1_324' title='bbox 900 4105 993 4176; x_wconf 85' lang='lat' dir='ltr'>atque</span> <span class='ocrx_word' id='word_1_325' title='bbox 1014 4095 1124 4161; x_wconf 87' lang='lat' dir='ltr'>locum</span> <span class='ocrx_word' id='word_1_326' title='bbox 1145 4097 1251 4160; x_wconf 80' lang='lat' dir='ltr'>vocari</span> <span class='ocrx_word' id='word_1_327' title='bbox 1275 4095 1374 4177; x_wconf 86' lang='lat' dir='ltr'>putant</span> 
     </span>
    </p>
   </div>
   <div class='ocr_carea' id='block_1_7' title="bbox 0 0 1470 4950">
    <p class='ocr_par' dir='ltr' id='par_1_7' title="bbox 0 0 1470 4950">
     <span class='ocr_line' id='line_1_38' title="bbox 0 0 1470 4950; baseline 0 0"><span class='ocrx_word' id='word_1_328' title='bbox 0 0 1470 4950; x_wconf 95' lang='lat' dir='ltr'> </span> 
     </span>
    </p>
   </div>
  </div>
 </body>
</html>
