2828 4966
346 372 385 440 14
610 365 772 422 NOTAE
814 365 1114 422 exeonrrcrn

344 536 455 598 Graeci
483 529 542 620 τὴν
567 529 641 602 εἴσω
667 533 857 612 θάλασσανς
900 551 993 602 extra
1024 557 1103 602 vero
1135 539 1173 602 erl
1202 537 1377 601 Oceanum

341 659 438 720 quem
461 632 520 725 τὴν
541 627 606 712 ἔξω
625 631 800 702 θάλασσαν
822 641 920 702 iidem
935 641 1111 722 appellant:
1144 641 1183 701 lic
1205 641 1311 700 Latini
1333 663 1377 700 ex

343 752 476 802 terreum.
529 738 612 800 infra
636 760 702 822 cap.
722 751 757 820 4.
790 743 888 804 Intra
909 754 1062 822 extraque
1085 743 1313 802 circumvectus
1338 763 1377 802 or

342 839 431 912 heum
471 854 504 900 et
525 841 650 902 Plinius
672 843 705 909 6.
731 857 788 921 31.
817 837 864 930 [c.
884 839 978 921 μί’.
1003 841 1025 904 s.
1043 837 1124 929 58.]
1160 840 1284 902 abunde
1310 841 1377 902 orb

343 953 496 1005 terrarum
518 957 611 1002 extro
642 943 729 1003 inira
758 943 910 1024 indiculo.
952 963 1165 1006 crrcconrvo.
1216 943 1270 1005 Sic
1292 945 1377 1003 intre

344 1045 384 1105 cle
401 1045 478 1104 rnari
494 1045 723 1104 mediterraneo
741 1046 875 1125 explicat
888 1045 985 1105 eiiam
1004 1065 1026 1105 ι.
1045 1062 1241 1105 onorrovrve
1256 1045 1334 1105 MS.
1356 1066 1368 1102 r

343 1143 502 1207 Referunt
522 1144 597 1204 haec
621 1145 682 1204 viri
705 1146 789 1206 decri
809 1147 965 1208 vadianus
983 1161 1015 1208 ot
1037 1146 1224 1210 Ciacconine
1238 1146 1276 1205 ad
1295 1163 1377 1206 marr

344 1247 624 1314 mediterraneum,
650 1247 736 1327 qnod
749 1237 868 1336 subroc
882 1261 915 1308 et
935 1249 1032 1308 iniret
1049 1261 1153 1318 terrae,
1180 1267 1213 1306 ac
1229 1246 1266 1305 orl
1284 1245 1376 1307 Ocea

343 1365 443 1414 nuni.
470 1348 555 1426 quod
573 1365 624 1408 eae
645 1347 841 1409 ciccumlrrat.
890 1348 932 1408 Ar
949 1367 1026 1409 vero
1044 1347 1163 1408 Auctor
1180 1349 1324 1428 loquitur
1341 1351 1377 1406 dr

343 1447 436 1510 omni
457 1447 568 1531 pelago
592 1466 666 1508 cnm
687 1449 957 1509 mediterraneum
977 1449 1114 1531 appellet
1135 1449 1276 1510 nostrum
1296 1449 1377 1529 pelo

343 1568 404 1633 gur
425 1568 490 1629 cap.
511 1559 544 1626 4.
567 1562 647 1610 extr.
675 1561 708 1610 et
730 1549 768 1608 cie
793 1546 935 1608 erunibus
957 1551 1024 1610 oris
1043 1571 1083 1608 ac
1104 1547 1266 1620 litoribus,
1300 1571 1377 1629 quar

336 1643 427 1741 jobii·
447 1649 591 1732 pelagus,
621 1649 748 1730 quando
772 1649 857 1712 sinuo
878 1647 969 1719 iacit,
1003 1649 1065 1710 sive
1090 1653 1124 1711 in
1147 1651 1377 1710 rrrctiirerranec

342 1749 426 1831 ipso,
460 1750 523 1812 sive
547 1751 580 1810 in
600 1750 746 1812 Oceano:
790 1751 984 1814 circumluit
999 1769 1077 1812 vero
1099 1753 1207 1812 omnia
1227 1771 1377 1832 proniori

343 1853 424 1912 toria
445 1865 595 1914 ottones
624 1853 821 1914 continentis
844 1867 1062 1922 excurrentes,
1094 1853 1156 1913 sire
1181 1853 1280 1918 inira.
1314 1852 1377 1912 sive

344 1967 430 2016 extra
448 1951 517 2017 sint.
569 1952 660 2020 Subit
678 1967 770 2014 terras
786 1967 892 2014 toturn
906 1955 1173 2014 mediterraneum
1189 1933 1245 2034 per
1261 1950 1377 2014 fretun

345 2055 552 2124 Gaditanum,
578 2074 613 2116 ec
628 2055 702 2114 dein
719 2071 774 2136 per
793 2069 894 2137 panes
910 2067 941 2116 et
955 2055 1037 2114 srnue
1052 2051 1122 2115 suos
1137 2055 1171 2114 in
1188 2055 1373 2114 Hadriatico

344 2170 382 2216 ot
396 2168 428 2216 et
442 2157 481 2215 in'
499 2155 592 2216 Ionio
608 2167 640 2216 et
654 2155 778 2236 Aegaeo
794 2155 872 2215 mari
887 2154 995 2216 verine
1008 2154 1220 2226 Corinthum
1251 2156 1377 2214 circum

343 2255 404 2318 luit
425 2275 503 2316 vero
525 2253 781 2336 Peloponnesum
806 2271 839 2316 et
870 2269 1009 2316 extrema
1033 2257 1139 2326 ltaliae
1163 2269 1285 2336 praeter
1308 2275 1377 2336 pro

344 2357 505 2418 monteria
535 2355 692 2416 variarum
717 2357 896 2440 regionum.
948 2357 1072 2420 Similia
1097 2358 1137 2418 de
1161 2357 1289 2418 Oceano
1315 2357 1377 2418 riicl

271 2509 277 2521 .
343 2455 481 2540 poliunt.
518 2475 734 2518 ecnrzorrrvs.
786 2459 883 2518 inira
903 2469 936 2518 et
955 2469 1057 2526 extra.
1081 2459 1206 2540 opinor,
1228 2471 1376 2520 recreer(⁴

343 2559 462 2642 plicant
486 2555 659 2638 superiores
682 2557 819 2619 domari
843 2559 971 2619 interno
988 2571 1020 2620 et
1036 2557 1164 2620 Oceano
1182 2579 1220 2620 ex
1245 2557 1327 2619 Mela
1353 2581 1376 2622 ι,

345 2671 381 2750 4.
399 2655 422 2720 s.
450 2675 482 2726 o,
501 2673 533 2734 7,
556 2677 584 2720 r.
610 2673 643 2720 er
665 2672 696 2738 5,
721 2680 748 2720 ι.
766 2660 811 2720 in.
862 2663 906 2720 Ar
923 2657 1177 2740 sequentiarecre
1192 2659 1376 2730 Perizonius

345 2761 384 2821 de
402 2773 535 2840 utroque
552 2761 720 2842 intelligit,
747 2759 833 2840 quoti
851 2773 1023 2841 utrumque
1039 2761 1073 2820 in
1095 2761 1173 2822 meri
1197 2765 1323 2821 interno
1347 2775 1376 2823 ei

347 2860 477 2923 Oceano
499 2857 681 2921 observatur
704 2858 821 2942 usuque
842 2863 944 2922 venir.
997 2861 1149 2922 Ceterum
1170 2874 1245 2922 nota
1265 2863 1375 2924 orario-

344 2963 396 3024 nis
421 2965 726 3022 commutationem:
761 2982 841 3043 quoe
856 2953 974 3050 forma
995 2989 1046 3004 ·-
1066 2983 1129 3046 quo
1151 2960 1243 3046 niodo
1267 2995 1316 3008 -
1342 2977 1375 3026 ui

337 3053 435 3154 serit,
476 3061 575 3142 qualis
602 3061 667 3122 lere
697 3061 849 3122 obiicitur
883 3063 917 3121 in
943 3061 1086 3124 Sallustio
1120 3061 1214 3125 Catil.
1240 3072 1272 3138 5.
1297 3077 1375 3128 einr⁴

343 3163 485 3224 Territum
508 3163 542 3224 in
562 3181 600 3223 eo
626 3164 851 3224 coniunctivae
870 3162 1045 3224 constanter
1064 3162 1210 3234 servatur,
1232 3183 1305 3224 cum
1325 3163 1375 3226 hir

345 3261 526 3324 [obiiciatur
550 3263 761 3335 indicativus,
785 3264 860 3346 -qni
881 3277 994 3342 *tamen
1019 3265 1119 3326 etiam
1143 3265 1178 3326 in
1204 3261 1268 3326 hoc
1292 3283 1374 3326 nexc

343 3365 451 3429 locum
471 3359 563 3426 suum
589 3379 706 3428 tuetur.

413 3557 531 3657 subit
537 3565 556 3647 )
603 3567 675 3628 Hoc
695 3566 733 3630 ed
750 3567 834 3630 linui
854 3565 1057 3639 referendum
1077 3565 1136 3638 eo,
1163 3585 1298 3648 quornm
1320 3587 1373 3651 po·

345 3661 455 3728 tilirrni
476 3682 608 3748 quatuor
630 3666 710 3738 sunt,
737 3669 802 3731 duo
819 3689 836 3730 a
854 3669 998 3737 Meridie,
1024 3669 1062 3730 ab
1079 3666 1197 3730 Occasu
1219 3689 1311 3739 unus,
1344 3683 1373 3732 ei

346 3788 431 3830 unus
456 3787 472 3828 a
495 3769 734 3849 Septerrtrione,
768 3771 946 3850 dequibus
977 3767 1031 3830 luo
1062 3771 1133 3832 loco
1161 3772 1282 3832 mentio
1309 3771 1373 3836 siet.

346 3867 398 3948 [c.
422 3890 449 3938 r,
469 3870 524 3948 5.]
558 3887 743 3931 vrnrrrrvs.
793 3871 846 3932 Est
867 3868 1061 3951 superiorum
1089 3870 1259 3952 expositim
1292 3891 1373 3936 nrare

345 3971 433 4032 eninr
456 3970 595 4030 noiirum
613 3967 696 4029 subit
717 3983 811 4049 alque
826 3973 920 4032 intrat
943 3985 1053 4038 terrae.
1084 3970 1228 4033 Oceanus
1248 3972 1372 4045 circum«

349 4069 420 4134 luit.
455 4087 668 4134 crrccorrrvr.
721 4069 829 4132 subire
848 4093 934 4134 mare
952 4071 975 4134 s.
997 4071 1144 4134 Oceanuc
1167 4084 1282 4132 terram
1301 4072 1372 4132 dici«
