2892 4950
355 377 418 446 51⁰
551 387 555 394 ·
624 366 789 428 noran
827 369 1129 430 axacnmcta

360 545 416 608 illo
429 555 463 606 et
476 561 516 604 ex
528 542 727 626 aegritudine
743 556 884 614 mortuo,
904 544 957 606 vel
972 541 1086 614 occiso.
1108 543 1222 610 tenuit.
1247 540 1378 621 (Pausaa.

364 662 398 725 5,
419 667 449 714 ι.
469 655 505 722 5.
538 644 674 706 Diodor.
690 645 803 726 Sion„
820 648 900 724 73.)
949 648 1000 709 dn
1021 663 1100 708 vero
1119 645 1208 708 victo
1231 643 1380 706 Oenomao

364 743 509 810 reversua
522 745 557 808 sit
573 746 607 807 iu
619 745 730 817 Asiam,
754 760 788 811 et
801 745 916 810 urbem
930 747 1126 816 exstruxerit.
1148 745 1281 808 dubium
1294 743 1382 806 rideri

365 847 478 931 potest.
528 847 646 930 Pelope
660 850 750 910 enim
766 851 888 912 eiectae
906 847 950 912 eil
963 868 1004 912 ex
1019 847 1160 932 Phrygia
1182 843 1220 930 (a
1235 865 1296 928 quo
1309 843 1383 904 Pelo·

367 960 439 1032 petia
455 968 538 1011 arvo
558 949 641 1031 apud
658 948 757 1012 Ouid.
775 949 910 1013 Metam.
927 959 961 1026 8,
977 951 1063 1015 siaa.
1086 949 1126 1012 de
1141 949 1277 1032 Phrygia
1291 947 1383 1008 dicun·

367 1046 450 1132 tun)
475 1049 514 1112 ab
534 1049 581 1113 llo
597 1049 632 1112 vi
652 1061 685 1112 et
698 1051 794 1114 mmie
816 1048 960 1128 (Pansan.
977 1067 1012 1122 a.
1028 1067 1087 1122 aa,
1102 1053 1153 1129 4.)
1173 1063 1208 1112 et
1222 1049 1305 1110 ricto
1317 1064 1383 1107 mor·

369 1167 490 1232 tuoque
507 1149 674 1214 Oenomao
696 1151 731 1213 in
747 1149 970 1234 Peloponneso
993 1151 1144 1222 consedit,
1168 1151 1317 1229 (Diodor.
1334 1147 1384 1206 Sir.

371 1273 398 1318 c.
416 1253 459 1332 l.)
490 1245 548 1314 ubi
570 1253 666 1315 etiam
689 1250 754 1335 ipse
777 1252 871 1316 obiit.
933 1253 1044 1316 Narrat
1069 1255 1158 1314 enim
1186 1247 1341 1314 Pausaniae
1360 1258 1385 1322 5·

377 1367 433 1432 13,
452 1365 486 1430 3.
510 1371 583 1414 cum
599 1363 687 1416 vater
701 1353 914 1425 monuissent,
938 1375 1004 1418 uon
1021 1353 1107 1438 posse
1121 1366 1196 1416 ante
1209 1353 1332 1414 Troiam
1346 1365 1386 1410 ex·

371 1454 516 1539 pugnari,
541 1473 635 1536 quarn
651 1468 775 1538 praeter
789 1455 850 1518 alia
866 1475 967 1518 uuum
983 1457 1079 1519 etiam
1094 1475 1133 1517 ex
1148 1454 1277 1536 Pelopia
1289 1443 1387 1512 osstbue

371 1555 573 1636 adportatum
595 1553 687 1626 ellat,
720 1553 790 1618 Pisa
816 1557 848 1618 irl
874 1556 1006 1641 petiisse.
1046 1555 1096 1619 Cs.
1117 1557 1217 1618 etiam
1234 1555 1267 1622 6.
1288 1550 1388 1615 amin.

372 1657 415 1721 At
434 1659 451 1714 ti
469 1655 581 1718 urbem
596 1655 728 1720 statuisse
743 1657 835 1730 velie.
861 1657 1040 1742 imposuisse
1061 1660 1159 1721 etiam
1175 1658 1223 1718 illi
1238 1654 1328 1716 debet
1345 1667 1391 1712 no·

374 1777 468 1825 men.
493 1758 578 1839 qnod
600 1757 690 1840 quale
712 1759 745 1819 id
760 1756 876 1830 suerit,
899 1775 1056 1842 nunqnam
1073 1759 1200 1822 iuveni.
1233 1751 1391 1816 Mundema

373 1857 506 1939 quidem
519 1859 556 1920 ad
576 1857 608 1922 h.
623 1859 645 1922 l.
664 1859 842 1938 Pelopeinm
865 1873 974 1932 vocat,
1001 1858 1051 1921 sed
1072 1859 1257 1943 simpliciter
1271 1869 1303 1920 et
1316 1851 1390 1915 nullo

370 1972 501 2022 attctore
527 1959 665 2022 adiutae.
716 1957 816 2024 Poffit
850 1961 954 2023 videri
983 1961 1135 2042 Pelopia,
1177 1959 1267 2024 riom
1290 1953 1391 2037 Lydiae

374 2061 462 2126 iuxta
482 2060 656 2148 Phrygiam
678 2061 762 2146 apud
782 2061 993 2148 Stephanum.

457 2257 622 2348 Cyme)
671 2264 726 2328 Gr.
749 2255 868 2354 itinn,
899 2285 994 2348 quam
1020 2263 1156 2328 sormrm
1183 2263 1281 2329 etiam
1306 2257 1392 2322 Latini

379 2378 524 2426 anctoree
549 2365 688 2436 servant,
721 2367 773 2429 vel
792 2387 832 2428 ex
855 2367 1040 2429 nrelloribue
1064 2361 1190 2430 Mssm
1219 2385 1277 2450 pro
1300 2363 1390 2446 Cyna.

305 2529 311 2540 ,
383 2463 500 2545 Cynrue
514 2465 721 2547 reposuerunt
739 2469 936 2550 interpretat.
964 2465 1015 2531 Cf.
1030 2488 1111 2549 quae
1126 2469 1326 2550 disputarunt
1342 2463 1391 2522 llu·

378 2561 475 2627 treme
489 2579 520 2627 et
537 2565 700 2629 Drakenb.
716 2568 754 2628 ad
772 2569 843 2630 Lir.
857 2583 915 2645 37,
931 2589 959 2632 ι.
976 2567 998 2630 s.
1024 2583 1058 2630 et
1072 2569 1230 2632 Cellarine
1247 2569 1280 2630 lu
1295 2565 1391 2646 Geogt·

380 2675 445 2726 ent·
465 2679 496 2744 3,
514 2681 546 2746 3,
564 2681 623 2742 7t.
659 2667 711 2730 Sic
725 2669 819 2730 etiam
836 2665 978 2730 scribitur
992 2671 1025 2730 in
1041 2669 1102 2732 tab.
1118 2669 1304 2754 Peutinger.
1319 2681 1348 2745 9.
1363 2661 1393 2721 E·

381 2765 531 2852 aGeogr.
554 2769 700 2830 Ravenn.
725 2773 768 2841 ns
786 2781 841 2848 13.
875 2783 908 2848 5,
929 2787 963 2856 9.
994 2771 1169 2852 eademqne
1197 2772 1317 2832 ratione
1337 2759 1394 2825 libri

382 2863 471 2949 saepe
491 2870 629 2932 ederunt
649 2890 781 2955 magnae
801 2872 948 2934 Graeciae
969 2871 1100 2943 urbem,
1121 2876 1207 2954 'quae
1223 2871 1336 2935 Cumae
1350 2881 1395 2922 vo·

382 2980 471 3030 catnr
483 2971 609 3046 usitate,
634 2973 754 3055 dequo
767 2973 866 3035 multa
883 2971 1045 3036 Drakentr.
1061 2971 1099 3033 ad
1118 2973 1176 3036 Sil.
1192 2971 1262 3034 ltal.
1277 2982 1309 3048 3,
1325 2975 1394 3046 533·

381 3073 590 3135 dorononiam
616 3073 712 3135 'etiam
741 3084 885 3136 vocatam
909 3071 986 3145 elle.
1019 3075 1112 3136 tradit
1136 3073 1316 3156 Stephanae
1336 3065 1354 3130 s.
1370 3083 1396 3122 v·

382 3161 492 3259 Κύμη.
520 3173 680 3237 Praeterea
695 3193 873 3258 cognomen
889 3174 963 3236 tulit
979 3163 1135 3262 Φρικωνὶς
1148 3176 1200 3238 vel
1219 3167 1396 3263 Φρικωνῖτῑς,

383 3275 431 3332 uti
454 3275 572 3336 docent
592 3277 774 3338 Herodoto·
796 3296 823 3346 ι,
846 3285 927 3357 ι49.
956 3289 989 3337 et
1008 3275 1120 3339 Strabo
1141 3275 1196 3338 lib.
1219 3289 1273 3356 13.
1290 3275 1332 3336 iu.
1354 3263 1397 3350 qni

382 3384 415 3433 et
434 3373 555 3436 calisam
576 3377 679 3446 addit,
705 3375 777 3456 qula
795 3389 918 3438 veterae
933 3376 1019 3438 urbia
1034 3377 1215 3440 conditorea
1235 3377 1286 3438 vel
1307 3365 1396 3435 coloni

384 3491 401 3534 a
418 3473 545 3537 Phrlcio
561 3475 704 3542 Locrirlie
718 3490 839 3549 monte,
861 3479 960 3560 priori
979 3477 1061 3550 sede,
1085 3478 1147 3540 huc
1164 3487 1327 3541 venerant.
1355 3463 1397 3532 Cf·

384 3589 414 3636 et
440 3576 633 3642 denomino
664 3579 820 3642 Heroum.
844 3579 876 3640 ln
902 3581 966 3641 vita
990 3581 1124 3642 Homeri
1151 3597 1219 3664 cap.
1238 3589 1296 3656 33.
1317 3587 1345 3636 et
1361 3565 1397 3629 llll

383 3673 508 3740 meoet.
535 3663 672 3742 'ranzo
689 3681 728 3742 ao
744 3679 874 3744 Hauon
888 3701 960 3763 opp.
981 3683 1024 3743 n.
1040 3701 1070 3760 ρ.
1088 3701 1133 3742 n.
1149 3695 1184 3744 a.
1235 3680 1331 3742 nene
1352 3669 1396 3755 tgr·-

385 3787 436 3837 tur
460 3779 720 3863 reprehenditur.
753 3781 839 3863 quod
866 3779 984 3842 diversa
1016 3779 1093 3842 haec
1126 3781 1259 3842 nomina
1284 3777 1396 3837 nrtnnu

384 3892 484 3958 putat.
529 3881 566 3942 lu
593 3884 759 3944 conditore
785 3878 984 3944 diesentiunt.
1026 3881 1155 3960 Cymen
1184 3893 1278 3941 vocat
1299 3871 1395 3938 Noster

383 3995 456 4041 cnm
476 3981 655 4066 Stephan03
680 3997 764 4048 certe
779 3982 833 4044 hic
847 3973 915 4046 ἀπὸ
936 3982 1039 4065 ponit.
1074 3981 1208 4044 Diodor.
1225 3981 1287 4044 sse.
1304 3993 1335 4057 3,
1349 3979 1396 4050 55·

384 4083 567 4168 Myrinam,
598 4103 721 4154 nomeu
740 4083 780 4150 ab
794 4081 993 4150 Autumnum
1009 4083 1089 4150 duce
1105 4083 1287 4170 impositum
1306 4071 1395 4144 referi
