2892 4950
179 408 232 468 ιιι
258 406 396 466 votae.
427 406 532 463 orer.
574 407 609 462 L.
629 407 653 460 r.
694 403 853 468 cxvm.
894 403 973 480 tq.
1036 407 1098 477 541

49 583 156 664 ,etiam
179 579 292 644 Strabo
309 593 342 661 5.
368 601 401 663 p.
419 591 478 659 95.
496 577 517 643 s.
540 589 619 659 138.
658 578 722 642 Sed
744 575 858 642 reuett
876 565 970 651 nou‘.
1004 592 1100 642 etex

53 684 155 747 radiis
173 679 281 746 stactis
300 683 334 744 iu
349 681 505 764 dioptrica
520 680 704 765 explicatur.

132 881 391 964 adtollitur)
441 883 565 946 Totum
588 883 676 946 hunc
692 883 803 946 locum
825 881 933 966 paucle
956 884 1100 956 mutatio.

57 987 114 1050 vel
131 974 249 1048 additis
262 985 404 1048 reddidit
416 985 582 1048 Boccatiue
596 985 636 1047 de
652 985 817 1048 montibus
831 983 854 1049 s.
871 1005 904 1048 v.
923 985 995 1057 lde;
1021 985 1101 1047 Dio-

56 1087 179 1151 dorum
189 1088 251 1149 Sic.
267 1103 322 1164 17.
337 1101 370 1161 7.
394 1107 411 1148 u
429 1085 541 1150 Nollro
555 1086 717 1148 redditum
732 1099 826 1170 putat
841 1087 879 1147 ad
895 1107 923 1148 c.
939 1085 962 1149 l.
985 1085 1024 1147 W
1029 1083 1102 1148 elle-

56 1190 197 1273 lingiue;
223 1187 414 1250 adverbum
431 1208 531 1269 paene
546 1184 740 1270 descriptum
752 1188 806 1250 vel
826 1187 921 1259 hunc,
946 1189 999 1250 vel
1013 1205 1102 1249 com·

58 1309 196 1352 munem
219 1303 381 1352 auctorem
403 1287 456 1350 hic
472 1283 610 1360 Vossius,
637 1291 692 1370 qui
713 1302 745 1353 et
766 1291 801 1350 in
826 1289 955 1351 diversio
976 1308 1101 1370 compa·

58 1392 221 1453 rationem
254 1391 392 1454 instituit
424 1404 457 1453 et
488 1410 557 1453 rem
597 1389 695 1472 ipsam
733 1391 888 1474 prolixius
921 1375 1101 1452 declaravit.

59 1488 213 1556 Conserri
232 1493 329 1554 etiam
347 1493 387 1553 de
412 1491 475 1552 hoc
496 1491 617 1554 ostento
637 1495 672 1552 in
693 1492 749 1554 lde
769 1491 871 1575 potell
887 1491 1050 1553 Lucretius
1067 1501 1101 1568 5.

62 1595 138 1657 662
156 1591 217 1674 sqq.
246 1608 278 1654 et
302 1591 411 1654 fimttta
434 1591 515 1663 sere,
548 1613 627 1673 quae
645 1597 685 1656 de
701 1594 804 1655 Aetna
826 1608 930 1654 narrat
949 1592 1102 1672 Brydoue

59 1691 177 1770 (Reise
198 1695 281 1756 nach
304 1695 432 1756 Sicilien
455 1695 520 1756 und
543 1694 659 1774 Malta)
686 1696 727 1756 T.
746 1715 833 1776 1.·p.
854 1695 936 1774 169.
988 1691 1103 1756 Noller

58 1813 131 1857 reru
153 1793 281 1857 solitam·
299 1807 353 1856 aut
371 1793 497 1858 insolite
517 1796 604 1858 auxit
624 1809 657 1856 et
677 1796 861 1867 adornavit,
892 1807 948 1857 aut
970 1795 1102 1879 singula·

58 1908 188 1958 temet
216 1897 367 1957 rariorem
394 1894 548 1978 exposuit.
599 1897 633 1958 st
660 1896 788 1967 eadem,
822 1916 901 1979 quae
925 1897 1101 1968 Diodorus.

59 2011 177 2068 narrat,
204 1997 355 2060 obiicitur
372 1997 404 2058 id
421 1995 526 2059 visum
544 1993 634 2061 nurci
656 1991 716 2083 τὴν
736 1995 797 2062 roll
821 1993 917 2070 κυνός
937 1991 1101 2084 ἐπιτολὴν,

60 2111 95 2162 et
111 2099 196 2159 hanc
213 2101 366 2180 temporie
381 2099 582 2162 notationem
597 2098 710 2161 Nolier
726 2099 807 2161 male
825 2099 977 2182 neglexit.
1011 2097 1102 2160 Turn

60 2220 142 2262 vero
158 2199 198 2262 cle
214 2198 286 2260 solie
303 2214 414 2262 exortu
432 2201 511 2262 circa
526 2199 664 2262 mediam
680 2211 809 2262 noctem
824 2201 961 2285 intelligi
979 2201 1101 2281 nequit,

61 2320 137 2362 cum
147 2299 316 2362 Caniculae
326 2315 414 2364 ortus
429 2301 475 2362 ibi
490 2303 543 2364 fiat
557 2301 750 2362 anctumnali
768 2301 949 2384 tempores.
967 2301 1102 2364 Octobri

60 2399 185 2470 mense,
213 2399 263 2462 sed
280 2403 388 2482 potius
405 2403 627 2484 explicandum
643 2403 771 2464 videtur
791 2403 830 2464 de
847 2422 954 2466 aurora
972 2402 1102 2474 boreali.

61 2501 153 2585 quod
174 2499 249 2563 fecit
269 2501 422 2566 Mentelle
444 2504 478 2564 in
500 2503 601 2565 libro:
636 2503 690 2568 die
715 2503 960 2587 vergleichende
983 2504 1102 2568 Erdbe·
1137 2515 1141 2525 '
1167 2525 1169 2528 ·

61 2602 259 2688 schreibung
277 2604 348 2666 Vol.
362 2621 393 2668 ι.
414 2625 447 2687 p.
463 2602 529 2682 156
544 2602 586 2685 lq.
621 2603 677 2667 ubi
698 2605 785 2667 idern
805 2624 843 2666 ex
865 2617 1012 2666 veterum
1033 2626 1101 2668 nar·

61 2703 247 2767 rationibus
268 2703 307 2765 de
325 2704 468 2788 Olympo
484 2706 638 2768 adfirmat.
690 2707 739 2766 Ex
756 2717 889 2786 utroque
910 2719 1018 2767 tamen
1034 2727 1103 2768 nar·

61 2807 146 2868 ratio
185 2805 348 2868 commiste
383 2809 529 2879 videtur,
564 2809 637 2889 quia
666 2826 774 2869 aurora
804 2805 937 2868 liorealie
965 2807 1000 2866 in
1031 2804 1102 2870 solit

62 2907 203 2994 globum
218 2925 285 2968 non
300 2908 374 2971 coit.
426 2909 499 2971 vid.
522 2928 601 2990 quae
617 2909 657 2970 de
678 2905 739 2990 ipsa
760 2907 819 2968 hac
839 2926 873 2968 re
894 2907 988 2968 docte
1009 2905 1074 2969 clius
1090 2941 1101 2958 ·

62 3021 204 3071 ruerunt
225 3007 366 3072 Bredow
383 3021 416 3070 et
438 3009 583 3094 Hellwag
603 3009 638 3071 in
661 3008 782 3071 Genius
803 3008 858 3069 der
879 3007 961 3079 Zeit,
987 3009 1102 3074 Altnna

63 3131 117 3174 un.
139 3123 247 3189 1797.
269 3130 339 3195 pag.
358 3123 429 3190 503
448 3109 509 3192 sqq.
563 3101 670 3172 xlixdie
703 3123 809 3170 tamen
834 3111 930 3171 etiam
957 3109 1103 3174 volantes

62 3213 159 3296 ignee
182 3211 261 3272 inde
286 3209 423 3293 conspici
448 3225 583 3284 narrant,
615 3211 679 3292 qui.
709 3229 783 3271 curn
803 3225 876 3271 ante
900 3223 1006 3271 ortum
1032 3210 1103 3282 solie

62 3309 176 3374 versus
193 3309 337 3373 occasum
359 3330 428 3374 aera
449 3328 676 3400 pervagentur.
705 3325 775 3373 orto
792 3308 854 3373 sole
868 3325 989 3374 coeant.
1029 3313 1103 3378 Vid.

63 3415 97 3476 le
114 3412 288 3476 chevalier
304 3432 428 3497 voyage
443 3415 482 3476 tle
498 3415 525 3476 la
539 3414 664 3476 'l'roarle
685 3413 749 3490 (ed.
763 3425 795 3492 3.
810 3432 860 3475 an.
877 3416 995 3490 1802.)
1015 3413 1056 3478 T.
1067 3428 1100 3478 n.

63 3536 99 3599 p.
122 3525 189 3590 ¹8¹
210 3511 273 3594 sqq.
298 3514 355 3575 ubi
375 3515 529 3598 conlegit,
556 3535 634 3598 quae
658 3515 697 3575 de
716 3531 755 3575 eo
777 3513 958 3576 adtulerunt
975 3514 1102 3587 Clarke.

66 3616 165 3698 Cripe
186 3627 219 3676 et
240 3615 404 3677 Franklin.
452 3615 525 3678 ldae
547 3635 626 3679 vero
644 3613 785 3678 Cretensi
805 3613 868 3676 hoc
889 3613 1000 3678 tribuit
1023 3617 1103 3679 Soli·

64 3736 131 3780 nuc
148 3735 175 3778 c.
198 3730 252 3790 17.
272 3713 293 3778 s.
314 3736 368 3780 ιι.
394 3735 491 3798 quent
512 3717 739 3802 calliguverunt
754 3713 879 3778 Salmas.
902 3735 934 3798 p.
954 3735 997 3779 ιιι.
1022 3733 1103 3794 tuo.

64 3832 101 3882 et
124 3817 181 3879 hic
196 3811 333 3881 Vosstue.
374 3817 428 3880 Sic
448 3819 488 3879 dc
504 3819 646 3882 Cretensi
667 3827 769 3878 narrat
788 3817 884 3877 etiarn
899 3815 1046 3882 Priscian.
1069 3821 1103 3880 in

63 3920 190 4006 pericg.
208 3938 242 3980 v.
261 3928 345 3996 528.
400 3918 499 4004 Quod
521 3920 665 3982 Plinium
683 3935 716 3989 ιι,
733 3929 766 3996 8.
783 3915 804 3978 s.
825 3937 880 3980 ιι.
903 3916 967 3979 huc
985 3913 1104 3984 aroess't·
1221 3924 1224 3933 ¹

65 4031 188 4086 ruunt
210 4020 374 4087 Sdmaliue
394 4034 429 4086 et
451 4017 584 4096 Volsrue,
600 4017 760 4085 refutavit
781 4017 978 4092 lietduinus.
1149 4027 1150 4032 ’
