2764 4954
160 403 208 461 ΙΝ
233 400 367 459 ΡΟΜΡ.
396 400 504 456 Mat.
546 399 628 456 Lt.
670 398 776 456 (ΗΧ.
819 400 897 478 69.
981 413 1043 476 811

43 575 129 645 satur,
152 575 247 638 multa
265 577 299 636 in
318 573 500 636 auetoribua
515 573 681 657 leguntur.
707 586 740 636 et
756 575 938 658 deincepaa
958 573 1044 636 Mela

42 679 230 760 attinguntur.
280 677 353 739 Vid.
375 695 456 756 quae
483 675 623 760 conlegit
644 675 814 738 d’sluville
835 697 867 758 p.
894 687 964 754 198
980 673 1042 758 sqq.

42 791 69 836 ut
84 777 150 840 alioa
168 791 293 840 taceam.
344 775 508 838 Straboni·
528 787 628 838 aetate
649 775 723 838 urbe
744 795 801 859 per
816 779 904 838 vicoa
925 775 1044 838 habita·

41 875 126 945 batur.
148 891 178 940 et
196 880 341 960 pleraque
357 877 475 962 templa
489 897 506 938 a
522 875 678 956 Carubyse
692 877 795 939 diruta
809 877 960 941 iacebant.
991 880 1043 940 De

41 978 172 1056 Cambysu
187 978 409 1040 vastationibus
429 979 517 1040 idem
539 975 680 1040 raserunt
695 979 830 1042 Diodor.
847 980 909 1042 Sic.
932 1001 960 1050 1,
981 980 1042 1057 46.

40 1088 84 1156 49.
107 1080 278 1140 Eustathiue
297 1080 336 1140 ad
359 1077 492 1159 Dionys.
514 1099 547 1142 v.
566 1087 650 1160 248.
701 1079 775 1142 Poll
793 1081 827 1140 in
842 1100 912 1142 eam
934 1079 1044 1142 saeviit

39 1179 209 1242 Ptolemaeus
225 1181 441 1252 Philometor,
472 1181 558 1262 quod
574 1177 676 1242 fratris
695 1195 798 1262 parter
814 1179 915 1244 secuta
931 1179 1043 1244 suerat.

39 1279 154 1352 (Pausau.
170 1303 197 1352 1,
213 1299 248 1361 9,
266 1283 313 1360 8.)
338 1281 421 1342 Aliae
439 1281 515 1342 duae
528 1281 629 1342 clades
644 1283 1042 1344 corumemorattlmruian.

42 1396 81 1452 17.
98 1396 128 1459 4.
150 1403 245 1444 unam
265 1381 437 1464 improviso
454 1379 582 1444 excursu
605 1381 756 1445 al’oenia
774 1395 846 1445 ante
866 1381 1045 1463 Cambysen

38 1481 157 1553 inlatam,
187 1485 317 1544 alteram
334 1503 350 1542 a
367 1483 516 1545 Cornelio
535 1482 646 1553 Gallo,
673 1484 777 1564 primo
797 1485 935 1568 Aegypti
956 1503 1044 1567 prae·

38 1579 115 1652 secto.
136 1605 229 1665 quam
243 1585 382 1666 adtingit
394 1581 505 1646 Strabo
520 1599 575 1657 17.
592 1603 624 1665 p.
642 1585 726 1662 563.
744 1581 764 1646 s.
782 1595 866 1664 819.
900 1587 947 1646 sta
963 1605 1043 1648 vero

8 1719 9 1724 κ
39 1681 217 1747 Germanicus
246 1705 359 1768 magua
381 1701 526 1747 veterum
547 1685 732 1745 Thebarum
753 1685 881 1770 velligia
906 1688 1042 1758 invenit,

40 1785 159 1856 (Tacitus
181 1787 296 1848 Annas.
316 1801 349 1854 2.
373 1787 452 1864 6ο.)
478 1799 512 1848 et
534 1785 646 1849 Strabo
670 1786 779 1846 rudera
805 1797 850 1863 8ο
874 1787 1044 1848 lladioruru

8 1871 9 1884 ¹
39 1882 233 1970 longitudinm
272 1887 454 1948 Euslathiua
474 1907 501 1948 c.
524 1886 545 1947 l.
573 1881 604 1950 ἐν
631 1879 767 1974 ὀνόματι
792 1881 891 1974 μόνον
915 1885 1045 1950 κεῖσθαι

8 2039 9 2042 ,
38 1981 128 2050 scribit.
176 1985 352 2071 Supersunt
368 2000 400 2048 et
420 1987 516 2050 hodie
532 1989 695 2050 ruinarum
711 1988 860 2068 reliquiae
875 1990 1046 2069 permulta

8 2075 9 2088 ¹
38 2085 86 2146 lora
98 2089 152 2150 late
166 2090 316 2152 disiectae
333 2102 363 2150 et
378 2109 394 2150 a
409 2089 521 2150 multia
536 2101 819 2159 commemoratae,
842 2088 931 2150 uude
946 2089 1045 2150 ambi·
1076 2093 1080 2104 “

39 2189 164 2250 tusurbie
184 2191 388 2273 intelligitur.
440 2187 492 2252 Cs.
515 2189 637 2250 Maillet
659 2209 691 2271 p.
710 2201 780 2268 500
801 2187 863 2272 sqq.
895 2189 1043 2253 Poeocke

39 2285 66 2346 Τ.
83 2307 106 2350 1.
121 2311 150 2371 p.
170 2305 211 2369 13
216 2304 240 2368 5
257 2289 319 2372 sqq.
344 2289 476 2351 Norden
496 2309 530 2370 p.
544 2309 588 2352 m.
605 2303 687 2370 303.
710 2291 825 2370 aliique
839 2290 955 2372 plures.
994 2293 1045 2352 Ex

39 2391 241 2453 recentioribus
264 2389 384 2452 consuli
412 2389 539 2472 poliunt
565 2391 667 2452 llruee
689 2388 803 2452 lieiseu
830 2391 903 2454 Vol.
924 2411 953 2454 1.
971 2411 1043 2478 pag.

43 2489 154 2572 ttsssqq.
176 2495 233 2573 qui
248 2491 367 2570 vastaq
383 2491 501 2572 templa
515 2491 618 2552 adhuc
631 2491 677 2551 ibi
692 2489 828 2573 conspici
842 2493 946 2564 tradit,
966 2493 1047 2555 Son·

38 2587 87 2648 uiui
100 2591 209 2654 Reisen
226 2594 270 2652 T.
290 2608 322 2653 2.
338 2613 369 2672 p.
389 2601 458 2670 540
469 2590 531 2672 sqq.
559 2594 676 2654 Deuou
692 2590 806 2654 lleisen
820 2613 852 2674 p.
865 2605 946 2672 188.
960 2605 1046 2674 254.

39 2691 76 2764 qui
93 2695 184 2755 multa
207 2705 244 2755 et
264 2693 389 2776 augusta
409 2693 520 2754 rudera
542 2692 681 2753 laudaut.
732 2693 916 2754 Comuntur
940 2709 1048 2758 autem

39 2806 76 2859 tt,
96 2794 147 2854 ubi
164 2794 266 2856 hodie
288 2791 359 2853 sunt
379 2792 509 2864 Laxet,
540 2793 667 2856 Curuae
687 2805 720 2854 et
740 2793 793 2853 alii
815 2795 945 2874 quidam
963 2796 1047 2878 pagi.

41 2887 114 2970 Quod
135 2893 232 2958 refert
259 2894 397 2956 Browue
420 2892 535 2956 Reisen
564 2915 596 2974 p.
623 2905 689 2970 187
713 2890 754 2972 sq.
781 2897 890 2956 ruinae
915 2895 985 2956 illae
1008 2895 1047 2956 ab

40 2990 165 3058 lrabibue
187 3008 346 3058 vocantur
364 2985 571 3084 El·Kuffur;
603 2993 654 3055 sed
675 2995 761 3074 quod
784 2995 894 3057 Luxor
913 2997 1048 3080 ignorat,

41 3107 101 3156 terte
128 3099 161 3157 iu
193 3097 297 3158 diario
330 3115 398 3156 non
431 3109 578 3157 notatum
612 3095 737 3164 habuit,
782 3095 912 3176 plurimi
941 3097 982 3158 de
1007 3113 1048 3159 eo

39 3187 202 3274 loquuntur,
230 3200 330 3260 etiam
345 3196 539 3260 Wanaleben
557 3209 678 3280 p.‚373
696 3194 738 3276 sq.
754 3215 781 3258 c.
798 3195 821 3259 l.

94 3411 247 3462 centum
271 3398 449 3481 portas)
499 3399 636 3462 Homeri
658 3399 762 3470 locun,
795 3417 891 3479 quem
915 3396 1052 3480 respicit.

42 3497 115 3560 exstat
132 3501 168 3563 ll.
185 3519 219 3580 9.
239 3512 322 3580 881.
349 3496 432 3564 αἵθ’
448 3495 675 3590 ἑκατόμπυλοί
696 3498 765 3580 aior,
789 3494 942 3586 διηκόσιοι
962 3495 989 3560 δ’
1005 3495 1053 3562 ἄν’

43 3591 155 3676 ἑκάστας
192 3599 315 3689 ’Δνέρες
347 3589 530 3685 ἐξοιχνεῦσι
562 3594 621 3665 σὺν
652 3598 774 3665 ἵπποισι
806 3596 860 3663 καὶ
897 3593 1051 3685 ὄχεσφιν.

44 3695 105 3762 sude
117 3705 311 3784 repetierunt
331 3703 427 3764 etiam
444 3703 556 3766 Strabo
571 3722 600 3766 1.
616 3722 648 3784 p.
662 3703 696 3766 6.
707 3701 727 3766 s.
740 3721 773 3783 9.
796 3715 829 3764 et
851 3715 904 3777 17.
921 3723 953 3784 p.
971 3703 1054 3780 561.

45 3795 142 3878 [315.
167 3805 303 3868 Diodor.
318 3803 381 3866 Sic.
403 3823 433 3874 1,
451 3813 511 3883 45.
551 3801 654 3888 Ipsam
667 3823 735 3865 rem
752 3804 860 3885 plurea
872 3803 1056 3887 adtingunt.

46 3897 85 3960 Sic
94 3901 169 3967 Pliu.
180 3917 214 3982 5,
228 3903 316 3970 11.[.
328 3921 362 3984 9.
390 3903 491 3967 Thebe
503 3919 669 3986 portarum
685 3916 808 3966 eentum
825 3895 1056 3994 nobilissumis.

49 4002 213 4068 etlureual.
235 4017 291 4084 15,
309 3995 349 4070 6.
364 4019 456 4084 vetur
469 4004 567 4068 Thebe
580 4019 701 4068 ceratum
719 4007 802 4066 iacet
818 4001 930 4065 obruta
944 4005 1055 4083 portis.

49 4099 98 4164 Sed
119 4103 156 4172 es.
178 4097 339 4192 praeterea
368 4109 520 4191 stephan.
549 4106 571 4172 s.
597 4127 632 4170 v.
661 4103 737 4182 Διός
766 4098 878 4186 πόλις,
921 4105 1061 4170 Nounur
