2756 4964
348 453 409 537 ¹⁶4
525 467 527 472 ·
614 451 779 520 morra
819 455 1121 512 nxacnrrcuc

345 629 503 696 castelium
529 627 642 690 Strabo
665 627 719 687 lib.
744 641 799 703 ιγ.
818 646 845 688 c.
870 627 893 689 l.
926 641 963 688 ut
986 628 1186 691 Ptolemaeus
1201 637 1232 708 4,
1254 633 1285 708 4.
1309 625 1351 686 cui

346 734 464 796 dicitur
482 715 708 818 Δῦτομάλαξ,
735 743 769 788 ct
781 741 854 790 ante
867 728 988 790 Borion
1007 731 1265 812 promontorium,
1285 727 1351 786 ultra

344 835 431 916 qnod
454 845 486 894 et
507 831 674 910 Phycunta
697 831 826 891 relicere
848 829 976 892 videtur
1002 830 1100 901 Mela,
1132 831 1185 912 qui
1206 845 1301 890 tamen
1322 827 1351 886 sir

345 934 484 1018 intelligi
507 931 618 1001 debet,
644 945 682 991 ut
703 931 762 992 hac
784 929 1022 1013 obportunitate
1037 929 1108 994 usur
1123 945 1217 994 totam
1231 931 1280 992 iric
1296 931 1351 1007 Syr

345 1039 406 1098 tinr
428 1035 518 1096 simul
541 1033 768 1113 complectatur
785 1033 916 1094 et'inda
937 1031 976 1093 ad
997 1032 1053 1095 has
1076 1053 1140 1094 arar
1162 1031 1351 1095 describendas

345 1137 489 1206 accedat,
521 1153 619 1216 quam
646 1152 772 1196 morem
796 1131 883 1214 sequi
905 1128 1016 1216 passim
1043 1148 1183 1196 auctores
1202 1134 1238 1194 ad
1261 1131 1351 1193 seriem

345 1237 532 1300 narrationis
554 1254 622 1296 uno
650 1233 775 1296 ambitu
796 1235 1024 1297 continendam
1045 1255 1085 1298 ex
1105 1235 1243 1299 Sallustio
1266 1235 1351 1296 docuit

347 1340 445 1402 Corte
460 1337 499 1397 ari
515 1339 585 1420 lug.
604 1355 670 1418 cap.
691 1354 746 1415 19,
764 1349 798 1412 3.
850 1337 940 1398 iuxta
962 1355 1012 1398 eaa
1025 1355 1102 1399 vero
1126 1329 1205 1425 ὅρων
1223 1332 1351 1420 'liupuni

218 1493 226 1504 .
347 1439 509 1502 constituit
539 1438 637 1498 etiam
663 1435 866 1499 Ptolemaeus
888 1449 923 1515 4.
950 1451 983 1517 5.
1014 1452 1048 1500 et
1073 1439 1274 1519 Cyrenaicum
1298 1435 1351 1496 inu

346 1541 478 1622 incipit,
503 1551 540 1599 ut
562 1537 675 1600 Strabo
694 1553 750 1614 17.
771 1557 798 1599 c.
815 1538 837 1601 Ι.
870 1538 1025 1620 Polybius
1046 1553 1077 1620 5.
1102 1555 1158 1621 39,
1185 1558 1215 1602 a.
1249 1535 1351 1600 Orosius

353 1663 383 1712 ι,
408 1659 439 1704 e.
474 1639 594 1702 Borion
615 1653 720 1700 tamen
745 1641 921 1700 terminum
945 1638 1019 1702 iacit
1043 1643 1168 1704 Plinius
1190 1653 1221 1720 5,
1247 1652 1277 1718 5.
1301 1657 1351 1700 cun

348 1745 382 1805 id
403 1744 437 1803 in
453 1741 624 1820 Cyrenaica
639 1753 869 1802 commemoret
885 1741 1087 1805 Ptolemaeut
1102 1754 1137 1823 4,
1152 1755 1187 1826 4.
1221 1745 1302 1803 inter
1314 1741 1351 1800 Ta

347 1845 439 1930 guliu
456 1856 489 1906 et
505 1843 668 1904 Anabucin
686 1841 771 1902 haud
787 1843 896 1923 procul
911 1863 927 1904 a
940 1843 1086 1922 Syrtibus
1102 1843 1275 1908 urinoribua
1289 1839 1351 1924 puni

347 1945 452 2006 tabula
471 1945 653 2028 Peutinger.
671 1945 741 2004 Vll.
762 1941 916 2024 adscripto
931 1944 1051 2026 duplici
1067 1966 1193 2007 ararum
1208 1945 1290 2028 figno
1304 1961 1351 2003 cur

348 2047 571 2114 adnotatione,
606 2045 683 2106 fines
702 2045 747 2104 ibi
766 2043 826 2106 eise
848 2043 969 2107 Africae
988 2060 1021 2108 et
1039 2047 1279 2125 Cyrenensium.
1324 2045 1351 2106 Si

350 2149 435 2208 inter
457 2145 630 2228 superiores
652 2145 744 2207 urbes
766 2148 859 2228 ponit
881 2147 997 2232 Geogr.
1022 2147 1169 2210 Ravenn.
1188 2163 1219 2227 3,
1240 2159 1273 2226 4.
1290 2159 1319 2224 5.
1341 2163 1351 2204 r

352 2261 386 2326 5.
409 2249 444 2310 6.
479 2249 600 2328 inquo
634 2245 836 2308 consentiunt
864 2267 938 2308 cunr
965 2249 1152 2312 Ptolemaeo
1178 2261 1212 2329 4.
1236 2265 1266 2330 5.
1298 2267 1351 2330 apo

348 2367 447 2431 quem
476 2346 625 2426 stragulis
650 2349 684 2408 in
707 2367 814 2409 earum
838 2349 955 2410 ricinia
977 2351 1123 2432 adparet,
1154 2365 1275 2412 tautum
1296 2365 1351 2432 qun

350 2451 407 2512 iric
426 2449 462 2508 ari
481 2449 587 2526 Syrtin
609 2442 763 2509 maiorein
781 2450 936 2512 conlocat.
987 2451 1106 2534 Quodsi
1125 2467 1271 2515 notatum
1286 2453 1316 2512 in
1335 2463 1350 2507 u

349 2549 425 2610 bula
442 2551 532 2609 titum
547 2569 621 2610 cum
638 2551 795 2611 Antonini
814 2551 973 2612 itinerario
987 2573 1019 2634 p.
1038 2554 1096 2630 65.
1117 2573 1288 2637 comparet.
1310 2571 1350 2612 cor

351 2648 482 2733 spicitur
496 2651 540 2709 ibi
556 2649 763 2712 Banadedari
784 2649 805 2714 s.
824 2654 1023 2715 coniectante
1039 2653 1247 2740 Welsclingio
1267 2655 1350 2716 Banu

351 2751 465 2812 deduci
485 2754 507 2814 i.
529 2772 556 2814 e.
581 2771 649 2812 arae
673 2751 853 2824 corsorum,
886 2755 918 2814 in
935 2773 998 2835 quo
1018 2754 1178 2816 Punicum
1195 2777 1310 2820 nomeu
1329 2753 1350 2810 ci

352 2849 500 2936 prensum
521 2851 581 2914 elsa
602 2853 757 2916 videatur.
811 2855 896 2916 luter
915 2869 1079 2936 utramque
1100 2859 1211 2936 Syrtin
1227 2855 1350 2940 profanu

273 3033 277 3040 ι
352 2967 406 3014 tur
422 2955 516 3014 ctiam
538 2953 577 3050 ab
593 2954 705 3016 Orosro
726 2975 754 3024 t,
778 2969 811 3018 tt.
836 2970 870 3018 et
889 2955 927 3016 ab
948 2957 1068 3018 incerto
1083 2974 1213 3020 auctore
1227 2959 1305 3042 apud
1319 2959 1350 3018 Sa

353 3052 430 3116 nias.
451 3057 490 3138 ad
512 3055 613 3116 Solin.
631 3077 664 3136 p.
679 3077 724 3118 m.
743 3058 824 3120 226.
877 3055 1037 3120 Olivariue
1057 3059 1095 3119 ad
1117 3060 1260 3122 noilrurn
1278 3061 1350 3118 locut

354 3155 452 3218 bodio
478 3169 567 3238 putat
592 3157 674 3217 dici:
711 3157 877 3219 Porinda
902 3155 999 3220 Saba.
1050 3160 1135 3222 Cum
1160 3164 1262 3243 Syrtia
1286 3161 1350 3220 uuit

354 3255 453 3318 bodie
482 3269 613 3318 rvocetur
639 3249 740 3346 Golfo
767 3257 802 3318 di
827 3259 939 3330 Sidra,
972 3278 1047 3320 cum
1073 3261 1231 3326 Strabone
1259 3263 1349 3340 aliiaqr

354 3358 461 3440 quaeri
482 3357 603 3420 debent
622 3357 732 3422 versun
752 3373 859 3422 ortum
874 3361 1013 3445 Tupotta
1029 3375 1062 3424 et
1082 3363 1161 3424 ultra
1179 3365 1309 3427 Sidram.

430 3558 573 3638 Hippo
598 3561 778 3644 Regius)
813 3563 951 3628 Ptolem.
968 3572 1003 3644 4,
1022 3577 1055 3644 5.
1073 3559 1195 3630 ‘trudo
1207 3563 1349 3644 βασιλικὲ

355 3659 537 3742 Stepbauus
554 3683 656 3725 uuum
671 3678 796 3725 tantum
812 3665 846 3727 in
860 3665 959 3744 Libya
974 3667 1086 3736 nouitt
1112 3670 1195 3730 dunt
1209 3669 1316 3732 Strabo
1331 3685 1349 3724 r*

356 3779 389 3842 p.
408 3774 491 3836 572.
514 3761 535 3823 s.
560 3775 644 3840 832.
669 3766 802 3826 aiterum
830 3784 930 3849 prope
953 3765 1092 3838 Uticam,
1126 3769 1262 3832 aiterum
1291 3785 1349 3850 pro]

357 3861 503 3931 Treturn,
528 3867 582 3943 qui
599 3865 641 3925 esi
657 3867 785 3944 Regius,
808 3871 856 3927 uti
873 3881 990 3929 vocant
1004 3869 1099 3930 etiarn
1110 3871 1223 3950 Liuius
1243 3885 1298 3948 29,
1310 3881 1349 3946 50

356 3959 441 4024 Plio.
460 3975 492 4035 5,
512 3963 582 4026 rus.
603 3979 635 4044 5.
668 3965 947 4050 (leugnilaveun.
967 3983 997 4049 3.
1019 3970 1051 4032 6.
1081 3982 1114 4048 5,
1135 3981 1170 4052 4.
1205 3971 1349 4032 Autouim

357 4062 392 4122 iu
410 4063 516 4125 itiner.
530 4083 562 4144 p.
580 4069 614 4130 6.
640 4083 673 4130 et
692 4067 768 4128 aiibi
783 4087 857 4130 curn
876 4070 956 4134 aliia.
993 4071 1173 4154 Utrumque
1193 4073 1348 4156 oppidum

357 4161 485 4228 Graecia
504 4167 665 4249 equitibua
683 4169 851 4234 conditum
866 4167 956 4237 soille
975 4173 1117 4237 adfirmat
1138 4173 1266 4238 Solinur
1287 4184 1348 4251 c.5
