2892 4950
345 363 408 426 520
614 357 774 420 NOTAE
814 366 1116 426 EXEGETIGAE

349 525 420 589 Ital.
443 538 508 592 ent.
525 537 561 608 4.
585 545 619 594 2.
651 533 913 620 stephanumque
945 541 1084 626 ineptire
1117 556 1211 627 putet
1239 543 1368 609 notun.

350 649 385 711 p.
406 641 486 706 1¹78.
509 649 582 694 cunr
598 645 630 695 et
647 651 790 700 auctores
808 639 918 703 Graeci
935 642 998 706 srne
1014 645 1195 709 discrimine
1211 658 1368 728 utrumque

351 743 491 812 ponent.
517 745 555 794 ut
576 734 682 798 Latini
706 737 868 804 Cumanus
889 756 922 806 et
941 743 1109 810 Cumanus.
1161 748 1232 810 Hoc
1251 749 1369 830 quidem

352 831 393 892 de
418 831 524 894 ltaliae
553 835 633 898 urbe
660 841 796 902 occurrit
818 843 851 904 in
877 845 972 908 Livio
994 857 1052 924 33.
1078 859 1137 928 39.
1159 861 1194 927 3.
1229 849 1370 932 Cymaeus

343 923 477 1022 fundus
496 933 530 994 in
554 933 709 1002 Cicerone
730 961 789 1023 pro
806 944 915 1007 Flacco
930 967 997 1030 cap.
1016 963 1076 1012 00.
1102 963 1136 1012 et
1157 949 1197 1011 fic
1211 949 1318 1014 Strrbo
1335 951 1368 1010 de

351 1051 388 1093 ee
412 1022 560 1122 Κύμιιιος
581 1037 636 1102 iib.
657 1059 686 1100 r.
710 1061 742 1124 p.
763 1047 819 1121 15.
842 1043 862 1107 i.
880 1063 938 1111 en.
970 1048 1026 1112 lib.
1044 1063 1076 1126 5.
1100 1071 1132 1133 p.
1153 1051 1233 1130 167.
1256 1049 1277 1112 i.
1296 1059 1369 1132 242.

353 1129 405 1198 Cf.
417 1134 462 1196 >de
489 1136 644 1218 Cymaeus
665 1143 727 1202 viri
750 1145 837 1207 docti
853 1149 891 1208 ed
908 1149 1007 1212 Veler.
1024 1152 1122 1213 Flecc.
1144 1171 1175 1223 ι.
1192 1165 1226 1228 5.
1266 1153 1370 1214 Uiitiut

351 1233 391 1294 ed
416 1233 515 1299 Gratii
536 1237 660 1326 Cyneg.
683 1263 717 1306 v.
736 1259 794 1324 33.
829 1249 887 1309 ubi
911 1238 1045 1332 piurirne
1080 1252 1212 1316 hebebit
1236 1253 1368 1336 exposue-

349 1335 560 1417 Frequentius
578 1343 674 1405 etiem
696 1345 772 1409 inde
793 1343 829 1408 in
850 1362 996 1413 veterum
1018 1353 1096 1416 locis
1116 1356 1263 1436 reperiri.
1287 1371 1369 1435 qurru

348 1435 523 1510 Cumanus,
545 1440 650 1505 statuit
668 1445 842 1512 Burmann.
860 1451 899 1514 ed
914 1453 1059 1537 Propert.
1075 1472 1108 1525 rr.
1127 1471 1161 1518 2.
1179 1453 1202 1519 f.
1247 1454 1369 1536 Nempe·

348 1541 438 1626 quod
464 1539 516 1602 rel
548 1541 660 1607 Lexice
682 1548 817 1619 docent.
852 1557 1007 1636 reperitur
1031 1559 1126 1618 etiem
1155 1555 1313 1618 Cumanus
1335 1555 1370 1615 de

348 1638 456 1700 italice
478 1640 575 1712 urbe.
601 1665 640 1706 en
656 1663 691 1712 et
706 1649 747 1710 de
762 1651 906 1726 Aeolica,
932 1649 1057 1718 dubito.
1110 1657 1193 1720 Urbe
1216 1676 1234 1718 0
1255 1656 1370 1739 quibus·

348 1737 421 1798 dem
445 1739 477 1804 h.
496 1744 634 1808 creditur
654 1749 714 1812 effe
730 1752 812 1814 Foiu
830 1775 954 1826 nuova.
981 1759 1020 1818 de
1035 1777 1100 1839 quo
1123 1757 1213 1840 iuprr
1229 1760 1262 1818 in
1280 1759 1370 1820 ionie.

344 1838 546 1904 Poeockein
561 1847 666 1912 tabule
681 1849 767 1914 esrae
781 1857 915 1919 minorie
929 1856 1073 1940 adposuit
1083 1857 1209 1931 catate.
1234 1858 1371 1921 Menum

345 1939 415 2004 Vol.
432 1943 466 2006 6.
483 1944 519 2007 P.
538 1959 570 2024 3.
588 1969 620 2031 p.
634 1963 719 2032 390.
742 1973 860 2042 pagum
876 1977 966 2020 nune
983 1958 1029 2020 ibi
1045 1958 1105 2023 effe
1124 1959 1272 2024 sanduli
1286 1958 1370 2022 dubir

345 2038 501 2106 sententie
520 2062 621 2116 notat.
1057 2052 1061 2058 ’
1096 2079 1097 2083 ’

423 2247 604 2338 Caicus)
654 2257 710 2322 Gr.
741 2253 881 2338 Κᾶΐιιος.
921 2263 1097 2346 penrritirne
1128 2263 1239 2351 longe.
1290 2261 1367 2324 Olim

343 2347 446 2412 dictur
461 2351 604 2428 aelurus,
632 2359 700 2441 poii
719 2361 881 2456 Astraeus,
908 2365 1046 2448 denique
1069 2366 1206 2438 Caicus,
1234 2375 1271 2426 ut
1286 2363 1367 2426 tradit

341 2447 680 2522 Pseudo-Plutarchus
697 2463 737 2524 de
760 2464 868 2528 duriie
890 2465 923 2530 h.
945 2487 978 2530 v.
1031 2467 1121 2530 idern
1144 2467 1266 2547 Myfiee
1287 2476 1368 2528 voert

341 2549 498 2624 fluvium,
524 2569 562 2618 ut
577 2559 685 2644 Virgii.
704 2562 820 2650 Georg.
839 2576 871 2646 4,
890 2581 973 2648 370.
1006 2565 1105 2630 Ovid.
1127 2567 1165 2631 Δ.
1179 2570 1220 2630 Δ.
1240 2583 1274 2647 3,
1295 2565 1366 2646 096.

340 2642 474 2740 Mysum
498 2655 645 2731 Caicum.
671 2675 704 2724 et
723 2683 763 2726 ex
778 2667 876 2746 Myssn
899 2669 1028 2730 deducit
1043 2669 1128 2731 Pliu.
1146 2681 1181 2748 5.
1202 2667 1297 2750 32.ss
1317 2681 1367 2746 30.

339 2751 383 2811 Et
397 2754 437 2814 stc
451 2755 634 2823 Herodotue
649 2763 681 2832 6.
697 2776 755 2844 03.
777 2763 839 2833 rori
860 2770 987 2834 licitene
1012 2766 1119 2834 redint
1136 2770 1239 2850 Myfie
1258 2768 1367 2836 rubuit.

341 2853 428 2932 quod
448 2859 579 2936 quidem
602 2864 709 2945 paullo
732 2870 886 2932 remotius
906 2873 1034 2941 amari,
1068 2873 1140 2953 quia
1160 2871 1325 2934 Peuhnier
1338 2878 1366 2944 5·

342 2967 403 3034 24.
426 2975 455 3020 r.
472 2956 586 3032 scribit,
611 2965 728 3032 Eicitur
744 2969 819 3030 inde
835 2971 984 3054 digreffoe
1001 2973 1165 3034 Aeolidem
1190 2974 1224 3033 in
1243 2991 1297 3034 0ιο
1311 2988 1369 3032 rur·

338 3057 445 3119 ritime
475 3061 616 3128 renuide.
664 3068 798 3152 Proprie
829 3068 936 3134 iontee
966 3073 1073 3134 hebuit
1102 3074 1137 3134 in
1167 3073 1366 3139 Teuthrania.

337 3175 418 3237 qrrne
434 3157 523 3241 supra
539 3165 671 3230 Aeolide
688 3179 720 3230 et
735 3184 854 3250 partem
873 3175 1006 3236 Troadie
1020 3175 1055 3235 in
1068 3175 1304 3238 mediterraneo
1319 3171 1368 3234 iu

335 3273 356 3316 e
379 3271 419 3328 ιι,
445 3265 621 3346 antiquitus
641 3289 658 3330 0
681 3269 777 3349 Mysre
798 3271 939 3353 poiieffe.
972 3288 1010 3334 ut
1033 3275 1206 3337 accuratius
1233 3273 1368 3359 desrgnet

335 3355 462 3424 Porus
479 3371 512 3440 5,
538 3379 596 3445 33.
620 3367 719 3450 Γ.30.
772 3373 858 3436 Hine
887 3375 1112 3437 Teuthrantius
1143 3376 1264 3440 Caicus
1288 3371 1366 3457 epod

220 3479 222 3482 ·
337 3453 753 3552 0.id.1t1eta1d.o.n43.
785 3473 941 3537 Teuthrae
962 3490 1069 3538 eutem
1093 3475 1190 3556 Myfie
1213 3477 1365 3542 olimim·

333 3562 474 3640 prerit.
501 3568 586 3630 unde
609 3570 763 3636 Pindarus
783 3573 914 3658 Olymp.
932 3593 966 3656 9.
987 3589 1065 3654 roa.
1087 3567 1298 3662 Τεύθραντος
1318 3595 1366 3638 rr·

333 3655 417 3732 δοιι.
451 3683 605 3732 mouente
626 3671 670 3732 ibi
692 3675 873 3746 Schoiiasse.
898 3693 957 3758 pro
982 3677 1080 3757 Myiie
1104 3676 1226 3760 poinit;
1262 3674 1365 3740 Pruse-

331 3767 399 3826 niue
415 3775 449 3844 3.
464 3775 497 3850 lt.
515 3769 547 3831 6.
567 3771 799 3838 Teuthrantem
815 3778 949 3858 imperio
965 3777 1057 3840 ilium
1072 3798 1220 3861 campum
1236 3773 1363 3840 tenuilie

332 3864 488 3952 adfirmet.
522 3868 572 3933 Cf.
589 3876 685 3936 etiarn
701 3875 741 3938 de
757 3877 940 3939 illustrabo
960 3893 1014 3954 13.
1029 3899 1062 3962 p.
1079 3887 1165 3960 403.
1182 3878 1202 3940 [.
1222 3881 1309 3957 615.
1332 3887 1362 3939 et

330 3965 491 4033 Plutarch.
511 3963 538 4035 c.
560 3973 581 4037 i.
612 3977 669 4057 qui
690 3976 833 4040 vicinum
855 3977 956 4041 fluvio
978 3979 1155 4062 rdpoiitum
1176 3977 1267 4043 iuiffe
1289 3977 1361 4042 dicit

328 4065 559 4136 Teuthrantem
584 4089 743 4146 montem.
793 4079 833 4144 ln
858 4079 998 4169 Phrygio
1014 4082 1126 4148 maiori
1147 4079 1255 4146 ionter
1272 4079 1361 4167 pouit
