2756 4964
275 480 279 488 .
334 455 376 524 98
600 437 760 498 noran
796 420 1103 494 nxncarrcta

340 615 400 680 Sed
420 612 534 676 eodem
553 611 635 674 libro
652 631 718 693 cap.
739 631 768 680 1.
785 629 819 696 9.
840 610 899 672 hos
921 609 1053 672 receiiua
1074 608 1213 670 modicos
1228 609 1373 691 appella

340 734 456 799 nempe
470 712 610 796 respectu
629 713 727 774 totius
742 713 846 774 lateris
862 726 1025 774 terrarum.
1062 729 1277 772 ciaccontra.

417 913 666 994 abducitur)
717 915 765 975 lta
788 932 847 995 pro
870 914 1023 974 retrahere
1039 913 1134 976 Mela.
1168 913 1220 974 Sic
1237 925 1269 990 3,
1295 933 1333 984 1,

342 1029 375 1082 et
392 1017 427 1082 6.
455 1029 488 1096 3,
506 1015 539 1088 6,
559 1035 588 1078 ι.
626 1015 690 1077 Pro
708 1032 747 1077 eo
766 1035 805 1077 ex
823 1015 995 1076 varIatione
1014 1013 1149 1074 recedere
1165 1027 1196 1092 5.
1221 1035 1247 1084 t,
1267 1027 1305 1088 7.

417 1237 543 1299 poene
575 1228 620 1277 ut
653 1213 842 1296 directo)
892 1214 991 1276 Recte
1029 1233 1136 1291 poene.
1194 1213 1281 1273 Nam
1321 1237 1378 1297 q¹

343 1319 450 1381 minus
464 1337 598 1398 aequum
616 1317 646 1376 id
663 1317 739 1376 litua
755 1316 807 1384 fit.
834 1316 927 1376 Dacia
951 1313 1041 1392 [vid.
1060 1309 1157 1400 nrox]
1179 1312 1250 1374 facit
1267 1321 1378 1395 peni

345 1417 418 1489 iulo,
445 1419 540 1501 longe
563 1419 596 1478 in
613 1435 767 1478 oceanum
787 1425 983 1497 procurrens,
1016 1415 1156 1494 alioquin
1179 1413 1247 1476 satia
1269 1435 1372 1498 aequ

344 1537 528 1580 νΑυιΑηνο.
580 1517 666 1578 Haec
683 1515 851 1598 suppositio
868 1534 997 1578 erronea
1014 1514 1066 1583 est,
1090 1513 1140 1574 sed
1156 1516 1285 1594 quaein
1302 1537 1362 1580 an

345 1621 415 1702 quia
429 1619 555 1680 tolerari
570 1613 674 1700 point,
697 1619 755 1698 qni
776 1616 962 1701 ignorabant
977 1629 1084 1676 totum
1101 1618 1231 1677 sueciae
1249 1616 1374 1682 hodie

345 1739 403 1782 aaa
418 1739 562 1802 regnum,
585 1719 671 1779 unda
687 1717 842 1779 directum
858 1717 995 1778 limitem
1017 1715 1100 1796 quast
1118 1713 1309 1798 supponunt
1339 1743 1378 1803 p.

345 1840 431 1882 mara
447 1819 621 1890 Balticam,
647 1817 734 1900 quod
757 1817 936 1878 habuerunt
954 1836 1012 1899 pro
1029 1815 1168 1878 Oceano.
1204 1836 1227 1877 1.
1250 1836 1378 1884 eaor.

346 1940 424 1982 viva
441 1919 518 1983 MS.
568 1918 704 1981 Direeto
725 1917 768 1982 est
783 1931 889 1990 recto,
914 1931 951 1978 ut
970 1919 1089 1978 Lucan.
1109 1935 1142 1995 9,
1162 1932 1245 1990 712.
1279 1921 1376 1984 Vale

344 2021 445 2084 Flacc.
462 2030 496 2100 4,
514 2021 598 2100 614.
622 2019 679 2081 ubi
700 2021 770 2084 vid.
785 2020 959 2083 Burmann.
1009 2021 1061 2080 De
1083 2015 1142 2078 uiu
1164 2017 1255 2079 verbi
1275 2036 1370 2084 exte

345 2119 416 2183 dere
435 2118 476 2184 ci.
498 2133 567 2185 not.
588 2123 659 2185 crit.
678 2121 717 2182 ad
738 2139 769 2193 t,
793 2132 875 2201 t‚4.

508 2323 538 2400 ᾖ.
566 2335 599 2402 3.
648 2321 871 2404 Aegaeum)
921 2321 994 2385 vit.
1019 2321 1060 2384 da
1079 2320 1144 2383 hoc
1167 2335 1200 2384 et
1220 2322 1372 2388 lartio

345 2437 379 2494 Ω,
399 2435 432 2503 3,
451 2433 484 2502 5.
512 2422 552 2483 da
567 2420 763 2484 Hadriatico
779 2437 812 2486 et
831 2413 930 2514 Tusco
947 2423 985 2486 ad
1003 2438 1036 2493 a,
1051 2429 1086 2502 4,
1109 2441 1139 2484 ι.

419 2623 460 2684 in
485 2621 575 2703 ore)
626 2621 674 2684 Os
690 2625 840 2705 appellat,
868 2640 900 2687 et
915 2644 982 2687 non
997 2625 1099 2686 finum
1114 2623 1377 2694 Corinthiacum

318 2795 326 2816 .
345 2743 537 2807 quamquam
551 2743 585 2784 re
601 2741 674 2784 vera
691 2723 771 2787 finus
787 2725 840 2790 est.
867 2745 1060 2789 ocrvaarve.
1104 2725 1199 2808 Quod
1216 2724 1260 2786 est
1282 2747 1376 2814 prop

345 2821 602 2906 Peloponnesum
626 2821 733 2886 verius
754 2827 905 2908 Epirum.
936 2827 1025 2889 cuins
1049 2826 1203 2911 insignem
1225 2833 1375 2894 notitiae

345 2923 474 3007 praebet
493 2925 581 2987 locus
597 2926 699 2986 Taciti
721 2929 755 2986 in
776 2927 829 2990 lib.
848 2943 878 2990 a.
901 2927 1001 2988 annal.
1023 2948 1049 2989 c.
1069 2939 1126 3006 53.
1154 2927 1211 2988 ubi
1231 2925 1375 2996 scribitc

349 3023 553 3106 Germanicus
574 3016 689 3113 oeutffe
709 3027 888 3108 Nicopolim
909 3051 966 3109 per
986 3028 1146 3110 Illyricam
1166 3049 1275 3098 oram,
1317 3039 1374 3126 m]

336 3115 451 3218 fratre
471 3115 582 3214 Druso
602 3125 634 3186 in
659 3125 832 3189 Dalmatia
859 3143 987 3209 agente.
1021 3127 1210 3192 Hadriatici
1232 3149 1276 3188 oc
1307 3155 1374 3196 mo

345 3227 435 3288 Ῑοηίἰ
458 3227 552 3286 enoris
578 3217 743 3316 adversam
766 3231 1004 3309 navigationem
1031 3221 1198 3318 perpeffits.
1241 3247 1267 3290 1.
1299 3253 1373 3300 GR<

347 3344 473 3391 uovtve
494 3325 569 3388 MS.
622 3327 751 3389 Diversa
783 3327 995 3414 progressione
1029 3332 1257 3415 Agathamerua
1287 3351 1321 3402 ι,
1360 3351 1373 3417 5

343 3421 385 3492 τὸ
405 3421 512 3516 στόμα
530 3423 592 3490 τοῦ
612 3423 754 3516 'Aoniam
777 3425 797 3493 ὅ
819 3427 957 3495 καλοῦσι’
977 3453 1058 3506 τινες
1081 3425 1195 3493 Ἱώνων
1217 3425 1372 3516 aalma.

344 3529 436 3590 Varie
458 3531 578 3589 dictum
600 3527 643 3592 est
666 3531 765 3594 modo
786 3533 906 3603 latiori,
939 3533 1036 3595 modo
1058 3531 1225 3617 angustiori
1246 3534 1369 3596 ambit

345 3647 431 3690 mae
454 3631 600 3700 Ionium,
634 3631 674 3692 de
695 3634 813 3714 quoad
835 3651 864 3704 c,
882 3647 914 3712 3,
932 3648 966 3713 5.
1019 3634 1086 3695 Hac
1108 3631 1236 3714 quidem
1258 3649 1371 3702 aetat«

346 3741 383 3789 ut
405 3729 516 3792 Strabo
539 3731 632 3793 docet
648 3732 704 3794 lib.
724 3748 757 3808 7.
782 3753 814 3815 p.
840 3752 921 3820 219.
944 3733 965 3799 i.
983 3749 1067 3814 317.
1088 3748 1193 3794 totum
1214 3731 1371 3799 Hadriat'

345 3849 437 3899 cum,
471 3832 599 3914 proprie
618 3847 707 3894 antea
723 3834 854 3898 interint
873 3835 1026 3918 usquead
1044 3837 1198 3896 intimum
1218 3832 1309 3897 finna
1338 3861 1370 3904 rt

346 3929 476 4002 ceffnm,
507 3934 645 3994 exterius
671 3935 817 4007 lonium,
849 3939 890 3997 ita
920 3951 955 3998 nt
978 3953 1148 4018 utrumque
1172 3933 1292 3996 eodem
1322 3957 1369 4002 or

346 4033 572 4095 contineretur.
622 4034 674 4096 Sic
691 4033 775 4095 idem
804 4055 834 4099 a.
860 4059 893 4121 p.
910 4049 968 4116 85.
987 4035 1008 4102 i.
1029 4051 1108 4117 123.
1130 4035 1260 4098 lonium
1286 4057 1369 4104 mae

346 4133 520 4198 Hadriatici
540 4146 661 4218 partem
684 4135 859 4213 constituit,
891 4140 978 4226 quod
1004 4123 1246 4230 ἂκριβεάῖρους
1271 4133 1368 4205 facer

1228 4270 1244 4314 t
