2922 4958
370 433 433 500 370
639 420 801 482 NOTAE
841 422 1141 482 axuouutcttt
1247 510 1252 523 Ι

377 598 495 668 solent,
519 595 568 658 uti
584 593 727 676 pluribus
744 595 854 657 docuit
870 596 999 659 Urimur
1014 599 1046 657 in
1062 597 1195 679 append.
1212 597 1249 657 ad
1261 595 1390 658 Ciaccon.

378 703 418 765 de
439 699 518 760 tricl.
534 721 565 779 p.
582 717 625 757 m.
641 708 715 774 254
730 694 791 776 sqq.
825 698 944 760 Contra
962 720 1011 780 ap.
1036 699 1220 780 Euripidem
1238 699 1270 757 iu
1285 693 1390 756 Theseo

377 809 459 886 apud
480 799 677 861 Athenaeum
692 818 717 858 c.
737 799 758 860 l.
779 801 947 882 imperitus
968 799 1068 880 pastor
1090 804 1212 860 tertiam
1238 801 1271 859 iu
1294 793 1392 858 Thesei

377 907 510 966 nomine
538 903 670 969 literam,
700 897 811 984 σῖγμα,
845 917 1004 981 comparat
1023 892 1206 988 βοστρύχῳ
1231 895 1391 984 εἱλιγμένφ.

237 1030 246 1040 ·
349 1063 352 1066 .
379 1006 566 1068 Concinnnt
586 1021 658 1062 cum
679 1002 717 1062 iis
741 1004 835 1062 etiam
858 1003 1016 1083 epitheta,
1048 1023 1126 1082 quae
1150 999 1257 1084 passtm
1279 1003 1316 1059 de
1331 999 1393 1075 Scy·

375 1108 466 1168 thico
484 1103 663 1168 [Parthico
685 1121 760 1162 arcu
780 1103 946 1186 leguntur,
970 1118 1006 1162 ut
1029 1093 1202 1190 εὐκαμπὲς.
1224 1101 1390 1180 (Theocrit.

385 1223 439 1284 13,
463 1209 542 1284 56.)
569 1199 728 1288 περιῃγές,
754 1201 909 1283 (Dionys.
933 1225 964 1266 v.
988 1210 1087 1284 157.)
1118 1209 1205 1286 qnod
1236 1201 1393 1264 Eustatitiut

378 1309 511 1389 explicat
531 1295 723 1393 καμπύλον,
749 1320 781 1366 et
797 1307 851 1387 ipst
867 1307 974 1366 Parthi
997 1295 1224 1390 ἀγκυλότοξοι
1250 1307 1391 1364 tlictmtnt.

378 1405 524 1490 (Dionys.
543 1429 574 1468 v.
597 1407 717 1488 1040.)
755 1408 851 1491 Quod
873 1420 961 1487 putat
977 1407 1227 1469 Wiockelmann
1247 1404 1351 1468 Gesch.
1367 1401 1392 1462 d.

379 1509 491 1573 Kunst.
515 1510 551 1572 P.
575 1527 689 1589 keep.
707 1521 740 1582 3.
766 1530 797 1590 p.
822 1521 880 1588 98.
907 1507 928 1571 s.
953 1510 1030 1572 162.
1072 1509 1195 1579 Latini.
1240 1523 1276 1568 ut
1308 1503 1391 1568 ovid.

378 1613 513 1674 Metam.
529 1623 561 1686 8.
581 1624 636 1687 50.
661 1613 755 1668 talem
772 1629 878 1670 arcum
897 1609 1040 1690 petatium
1057 1625 1189 1681 vocant,
1212 1611 1354 1670 numum
1369 1615 1394 1664 et

380 1727 503 1775 tamtum
519 1713 551 1772 in
567 1711 764 1771 extremitate
778 1724 945 1772 curvatum
959 1703 1139 1802 stuatosum.
1166 1711 1279 1796 (Ovid.
1298 1713 1391 1770 Amor.

385 1836 414 1884 t.
436 1835 464 1883 1,
484 1809 557 1894 23.)
610 1813 780 1896 Utriusque
801 1813 925 1896 generis
946 1811 1191 1892 descriptionem
1210 1812 1305 1873 habet
1324 1806 1394 1890 apud

378 1917 613 1980 Acumincum
632 1926 665 1988 8.
689 1933 719 1994 p.
739 1933 782 1974 ut.
802 1927 884 1991 244.
909 1913 965 1972 ubi
982 1914 1165 1990 Scythicum
1184 1916 1262 1975 dicit
1284 1915 1395 1973 circnm-

380 2016 484 2077 ditctis
521 2016 677 2095 utrimque
710 2007 865 2104 introrJt'ts
896 2014 1013 2090 paradis
1050 2027 1080 2076 et
1112 2017 1234 2094 putidis
1267 2007 1396 2074 cornibus

381 2115 544 2180 ostendere
568 2107 708 2206 effigient
732 2115 825 2175 stenae
849 2107 1067 2208 decrescentis,
1100 2117 1296 2177 medietatem
1322 2123 1395 2174 recta

377 2231 409 2279 et
428 2215 567 2278 rotunde
589 2217 695 2297 regula
713 2215 884 2278 dividente.
939 2217 1023 2279 Cum
1040 2217 1192 2279 Herculea
1207 2219 1263 2278 tali
1279 2204 1345 2277 arcst
1359 2231 1395 2272 at·

376 2333 481 2383 matut
495 2315 600 2386 fuerit.
623 2317 741 2393 (Schnl.
753 2319 890 2380 Theocr.
908 2332 960 2398 15.
979 2317 1037 2395 56.
1060 2339 1098 2382 ex
1115 2319 1284 2380 Herodoto
1299 2315 1319 2378 i.
1342 2315 1394 2374 He·

376 2421 494 2481 rodoro
511 2432 544 2481 et
558 2417 775 2495 Callimacho)
801 2421 907 2500 itaque
925 2423 958 2480 in
980 2422 1087 2483 numia
1109 2433 1140 2482 et
1163 2421 1302 2504 gemmit
1318 2416 1393 2496 adpe-

375 2535 459 2600 reat,
486 2520 679 2580 luculentior
695 2521 763 2580 eim
784 2515 884 2580 forma
900 2519 1045 2604 cognosci
1063 2520 1173 2602 potest.
1210 2520 1266 2583 cf.
1289 2531 1393 2602 praeter

374 2635 534 2689 aucturet,
564 2620 673 2699 quide
693 2621 730 2680 iie
751 2627 970 2685 monumentie
991 2625 1060 2682 data
1077 2641 1169 2703 opera
1184 2621 1394 2702 exposuerunt·

374 2719 621 2786 Wiockelntann
639 2739 665 2784 c.
684 2721 702 2781 Ι.
728 2734 769 2789 et.
798 2722 851 2802 qui
874 2742 975 2805 nuper
996 2719 1126 2793 accessit.
1157 2723 1267 2785 Mittin
1285 2725 1316 2782 in
1337 2735 1394 2780 tuo·

374 2843 513 2888 nomene
535 2827 678 2903 antiquet
702 2823 818 2884 inedito
839 2825 879 2885 T.
898 2843 928 2888 ι.
950 2826 987 2886 ad
1008 2847 1040 2886 n.
1057 2841 1090 2888 e.
1142 2823 1289 2886 Habebat
1311 2823 1397 2906 igitur

373 2925 615 2988 similitudinem
635 2927 791 3004 quandam
813 2924 919 2986 literae
936 2927 966 2985 Σ
982 2925 1194 2987 obmfioribue
1211 2937 1337 2986 tantum
1352 2943 1397 2982 ao·

374 3027 458 3112 gulia
486 3039 519 3087 et
550 3027 587 3086 ad
620 3027 849 3087 rotunditatem
878 3027 1093 3110 vergentibus.
1144 3027 1237 3088 Talea
1264 3025 1397 3087 limitum

374 3129 623 3210 comparationes
644 3128 694 3188 vei
719 3127 954 3197 similitudines.
985 3127 1110 3190 Graecia
1136 3124 1318 3214 σχήματα,
1344 3125 1397 3207 pri·

373 3249 465 3290 mum
490 3227 640 3290 invexisse
662 3227 899 3290 Eratosthenem
924 3242 1014 3310 putat
1038 3231 1186 3290 Dodweil
1217 3231 1252 3288 in
1276 3226 1342 3289 diss.
1363 3226 1396 3286 de

373 3330 515 3408 Scymno
530 3329 614 3392 Chio
632 3334 658 3408 §.
677 3350 729 3390 to.
746 3351 777 3411 p.
790 3350 850 3408 99.
878 3329 1110 3413 Geogr.1·1uds.
1127 3331 1194 3391 Vol.
1207 3346 1241 3392 Ω.
1281 3332 1347 3391 lam
1364 3327 1396 3388 de

371 3429 435 3512 ipsa
455 3433 524 3491 eiua
546 3431 663 3514 sigorae
686 3433 978 3494 accommodatione
1001 3425 1101 3512 aliqua
1125 3431 1236 3494 restant
1259 3430 1395 3492 dicende.

371 3533 537 3594 Extremam
563 3533 658 3614 igitur
680 3551 767 3592 atoue
791 3547 890 3614 partes
912 3531 1140 3614 repraesentant
1164 3533 1249 3593 simia
1266 3531 1286 3593 s.
1306 3532 1396 3592 flexu
1430 3535 1431 3538 ’

370 3633 436 3694 duo
451 3633 488 3692 ad
505 3633 661 3694 orientem
677 3647 708 3692 et
724 3633 932 3693 occidentem.
963 3631 1153 3694 orientalem
1169 3631 1395 3694 desinitStrabo

370 3737 406 3796 ed
436 3735 622 3811 l'itynntetn
653 3746 685 3794 et
719 3732 966 3796 Dioscuriadem.
998 3733 1072 3814 (tt.
1099 3756 1129 3815 p.
1149 3749 1230 3814 345.
1255 3733 1276 3796 s.
1301 3728 1395 3814 497.)

370 3835 424 3898 Sic
441 3852 517 3896 vero
541 3832 654 3894 Nostro
677 3832 755 3895 insta
773 3837 800 3911 9.
824 3851 877 3898 tu.
900 3833 983 3894 Iocus
1006 3833 1066 3926 efl,
1089 3837 1207 3916 (prope
1226 3835 1394 3906 Colchida)

368 3933 422 3997 abt
434 3935 534 4027 finem
557 3934 672 3996 ductus
688 3957 709 3996 a
725 3926 870 4024 Bosporo
893 3947 1017 3997 tractus
1036 3939 1170 4014 accipit,
1203 3949 1300 4017 atque
1321 3931 1396 3995 uude

359 4030 399 4128 Je
421 4038 453 4096 t'n
474 4035 553 4126 flent
577 4035 822 4127 aduersissimis
839 4032 949 4125 flexus
976 4037 1131 4099 adtollens
1153 4031 1395 4128 ettgnstiffimnm

367 4139 469 4202 Ponti
482 4131 577 4228 facit
602 4141 763 4220 anguium.
816 4140 895 4201 lude
921 4141 976 4220 qui
998 4139 1036 4202 ut
1060 4152 1168 4204 contra
1190 4136 1394 4202 occidentalis
