2852 4946
346 423 410 494 45⁰
617 417 783 476 Nom
822 419 1119 477 zxsson'ncar:

346 605 381 655 et
401 590 519 652 vicinia
536 587 640 654 sedem
662 589 796 674 posuisse
816 605 850 653 et
870 592 964 655 urbea
984 591 1190 664 constituisse.
1215 611 1254 655 er
1267 592 1369 652 reteri«

346 693 409 754 boa
429 693 610 756 auctoribus
630 711 696 754 non
717 691 838 762 solum,
870 691 921 755 sed
940 714 979 756 ex
1002 698 1109 756 numia
1129 697 1224 756 etiam
1242 692 1366 754 discitur.

347 797 399 859 De
425 795 482 855 [ιω
506 807 597 855 antea
612 795 737 854 dictum
759 793 803 855 esi
823 813 862 856 ex
886 797 1030 858 Arriano.
1083 796 1180 878 Quod
1198 795 1328 857 Zosinrua
1341 805 1367 870 5,

289 908 292 916 ’
354 899 410 967 26,
435 911 470 971 7.
493 908 613 964 narrat.
640 895 918 974 Eurymedontem
939 916 1010 958 eam
1030 897 1228 966 interfluere.
1255 913 1314 956 non
1332 915 1369 954 re·

347 1013 487 1086 pugnat,
513 998 604 1078 qnia.
629 995 696 1079 ipso
713 997 845 1058 Arriano
862 995 952 1066 teste.
978 1017 1047 1079 para
1062 997 1148 1060 urbia
1164 1017 1290 1080 rupero.
1312 1013 1370 1076 patr

348 1101 465 1162 valiam
488 1097 657 1160 subiectam
680 1097 864 1180 occupabat.
908 1092 1013 1162 Πόλιν
1034 1088 1252 1186 εὐανδροῦσαν
1268 1097 1372 1170 ἱκανῶς

349 1203 429 1263 dicit
443 1199 555 1262 Strabo
571 1219 599 1260 o.
620 1200 643 1261 1.
670 1212 705 1258 er
721 1199 834 1268 Cicero
851 1202 885 1260 in
902 1200 1026 1264 Verrio.
1051 1223 1079 1270 ι,
1100 1217 1158 1262 ao.
1184 1213 1274 1261 verus
1294 1199 1371 1276 oppi-

348 1302 425 1364 dum
443 1314 476 1362 et
497 1296 613 1369 nobile.
644 1303 735 1362 cuius
765 1301 998 1362 documentum
1019 1301 1115 1364 exstat
1137 1303 1173 1361 in
1198 1299 1327 1378 Polybio
1343 1309 1371 1374 5,

352 1417 373 1479 7
379 1417 411 1482 5.
430 1416 463 1478 3.
488 1401 546 1482 qui
564 1398 678 1470 refert.
703 1403 739 1462 in
756 1399 840 1464 bello
855 1400 1029 1464 domestico
1051 1421 1196 1485 tempore
1213 1399 1373 1462 Seleucida·

347 1523 422 1565 rum
446 1515 584 1584 quatuor
601 1503 687 1564 milia
702 1504 844 1564 miiitum
861 1500 1029 1566 rubmififfe
1049 1524 1089 1564 ex
1111 1502 1207 1586 ipsiua
1225 1521 1298 1586 agro
1320 1499 1373 1562 sine

350 1603 452 1666 dubio
475 1615 592 1666 coacta.
650 1604 834 1666 celebratur
857 1603 987 1666 Veneria
1009 1606 1115 1668 oulrur
1141 1605 1281 1688 porcinis
1303 1599 1375 1662 sacri·

351 1707 432 1772 ficiia
448 1717 604 1788 peractor,
625 1703 772 1784 (Dionys.
791 1715 918 1782 v.852.
935 1721 1019 1768 etex
1034 1725 1074 1768 eo
1093 1707 1209 1767 Avien.
1220 1726 1253 1766 v.
1270 1705 1374 1778 101⁶.)

351 1809 444 1870 ouiua
466 1805 658 1889 originema
678 1800 792 1886 Mopso
813 1804 985 1867 derivatam
1006 1808 1140 1890 explicat
1156 1805 1331 1868 Eustarhiua
1344 1801 1376 1862 ad

350 1905 487 1988 Dionys.
501 1927 527 1969 c·
546 1907 569 1968 l.
601 1907 710 1969 Postea
726 1907 878 1988 adpellata
892 1907 935 1969 est
955 1907 1152 1990 Trr'rrrrrposir,
1176 1909 1223 1968 uti
1241 1906 1376 1987 scriptum

352 2009 449 2074 exstat
470 2009 504 2069 in
528 2009 676 2070 Hierocle
700 2027 732 2089 p.
749 2027 795 2070 m.
812 2009 898 2085 682.
921 2011 1036 2070 rectius
1059 2009 1262 2090 Primuposir,
1289 2019 1322 2066 ut
1339 2003 1376 2063 ibi

352 2111 448 2173 docet
458 2107 690 2194 wesselingiur.
717 2107 843 2170 incolae
854 2103 1004 2201 Aspendii
1017 2112 1050 2172 in
1061 2110 1246 2173 auctoribus
1255 2106 1376 2172 oneris.

353 2214 403 2288 (0.
418 2231 445 2272 c.
463 2211 612 2293 Xenoph.
624 2211 694 2272 hisi.
706 2209 761 2273 Gr.
771 2219 806 2290 4.
826 2223 859 2288 8.
875 2224 934 2289 30.
961 2213 1095 2275 Diodor.
1107 2214 1170 2274 Sic.
1185 2223 1241 2293 14,
1250 2228 1308 2291 99.
1319 2207 1376 2282 ···)

353 2312 477 2374 Latinio
495 2311 644 2394 (Nepote
665 2321 720 2390 ¹4·
737 2321 771 2388 8,
787 2326 823 2373 2.
837 2315 906 2390 -)
928 2325 961 2384 et
975 2315 1083 2376 numia
1102 2314 1227 2376 multia.

383 2474 385 2482 ’
427 2468 715 2570 validissimi)
768 2480 826 2540 Vel
848 2479 1058 2544 multitudine
1073 2501 1238 2563 aquarum,
1263 2480 1313 2540 val
1330 2478 1376 2536 im·

350 2592 445 2664 patu.
470 2597 566 2660 quem
583 2578 666 2662 ipsae
680 2579 908 2664 adpellationea
928 2583 1079 2644 videntur
1092 2583 1243 2648 innuere.
1270 2601 1294 2644 1.
1309 2595 1378 2640 oao-

354 2698 480 2744 rrovrra
498 2678 575 2744 Ma.
599 2699 629 2743 ι.

435 2845 618 2942 Cestros)
662 2849 717 2914 Gr.
733 2845 891 2939 iiiorpor,
917 2866 953 2914 ur
967 2855 1000 2914 in
1016 2851 1172 2916 Strabone
1189 2859 1247 2936 14.
1264 2857 1378 2934 p.459·

353 2949 376 3016 s.
393 2951 476 3026 667.
503 2951 560 3032 qui
584 2951 617 3012 in
632 2951 688 3013 illo
704 2950 871 3016 subvectos
887 2955 932 3018 60
951 2955 1052 3016 siadiia
1067 2957 1104 3014 ad
1124 2955 1260 3037 Pergam
1283 2965 1379 3034 petre·

352 3054 423 3116 nire
446 3053 534 3115 dicit.
584 3053 711 3114 Dubius
740 3053 847 3115 haeret
877 3055 983 3117 Schol.
1009 3055 1160 3116 Nicandri
1179 3055 1220 3115 ad
1245 3047 1379 3131 atexipi.

353 3165 483 3234 miror.
507 3167 615 3214 utrum
627 3155 841 3236 Pamphyliae,
861 3175 899 3216 an
916 3157 1047 3218 Ciliciae
1063 3156 1253 3218 tribuendus
1272 3155 1315 3216 iit.
1348 3149 1380 3210 dt

353 3255 561 3337 Pamphyliae
582 3255 728 3316 debetur.
784 3255 914 3316 Nomen
933 3251 1056 3318 Vossrur
1074 3259 1189 3338 reperit
1214 3275 1253 3316 ex
1272 3255 1380 3316 Graeco

355 3354 488 3443 κέστραν
505 3359 528 3420 i.
548 3376 577 3419 e.
601 3351 801 3444 ἀκόντισμα,
828 3358 918 3418 cuiua
938 3371 1046 3418 notam
1069 3355 1199 3440 adposui
1221 3359 1255 3417 in
1278 3349 1381 3416 criticia

353 3477 387 3540 p.
401 3459 485 3536 4oo.
524 3459 612 3518 Tum
629 3461 740 3520 eadem
757 3459 809 3518 hic
825 3459 909 3519 vaiet
922 3459 1021 3528 ratio,
1047 3459 1174 3538 quaein
1190 3458 1321 3541 Tigride
1335 3449 1382 3511 ob·

355 3557 509 3626 servatur.
535 3578 614 3639 quae
631 3578 695 3622 vox
711 3559 745 3620 in
760 3557 932 3622 Medorum
948 3560 1056 3644 lingua
1073 3557 1215 3644 sagittam
1231 3556 1380 3642 significat.

355 3654 507 3745 (Curtius
524 3675 557 3742 4.
575 3679 609 3740 9,
630 3659 704 3746 26.)

434 3825 463 3888 C
471 3828 738 3890 catarrhactas
744 3827 763 3910 )
801 3823 855 3890 Gr.
873 3819 1130 3916 Καταρῥᾶκτης,
1153 3847 1250 3912 quem
1269 3825 1380 3908 optime

358 3924 398 3988 iic
413 3925 558 3988 describit
576 3929 689 3992 Strabo
704 3949 731 3992 c.
748 3931 769 3992 i.
791 3925 853 4004 ao·
870 3920 1002 4016 ὑψηλῆς
1017 3929 1136 4016 πέτρας
1155 3923 1380 4016 καταῤῥὰττιω

355 4022 505 4116 ποταμὸς
520 4021 623 4100 πολὺς
646 4025 699 4092 καὶ
716 4026 953 4118 χειμαρρὼδης,
981 4023 1064 4092 ὥστε
1087 4025 1255 4117 πὸῤῥωθεν
1280 4017 1382 4090 trois·

357 4129 437 4192 σθαι
456 4125 514 4192 τὸν
538 4123 671 4216 ψόφον.
711 4137 838 4194 Eodem
862 4134 961 4194 etiam
985 4129 1103 4215 spectat
1127 4131 1263 4195 subiecta
1286 4125 1379 4190 Meta
