2892 4950
351 373 415 457 eoo
621 375 781 434 noran
818 375 1121 436 rxaoarrcen

431 567 556 614 cornu
566 546 584 630 )
634 550 787 613 Extremo
809 547 935 632 prorius
954 551 1071 638 angulo
1085 551 1154 614 eiua
1169 563 1282 618 tettae.
1304 565 1373 631 quae

354 649 590 722 Chersonesus.
622 651 676 712 vel
700 671 799 733 paene
826 651 924 714 insula
950 673 966 715 a
994 653 1052 714 iitu
1074 666 1215 716 vocatur.
1271 651 1374 714 Auctor

354 774 477 818 nomen
502 753 599 814 huiua
619 754 757 836 regionis
781 752 844 815 buc
866 773 968 835 usque
990 753 1126 824 dittutit.
1160 771 1257 837 quum
1271 752 1302 813 id
1318 767 1376 812 mo·

355 876 431 920 nete
448 853 603 917 debuiiiet
621 853 689 936 post
704 853 872 925 Caunum.
898 856 1018 938 quippe
1039 855 1202 939 postquam
1225 853 1376 938 egreditur.

358 957 422 1022 Sed
453 952 502 1017 itti
534 954 612 1017 haec
643 956 760 1018 occatio
795 953 858 1017 risa
891 956 934 1018 att
968 958 1181 1020 commodior.
1218 975 1241 1019 t.
1265 971 1377 1016 croto·

357 1078 437 1122 τινε
459 1055 536 1120 MS.
588 1055 711 1120 Plinius
726 1075 753 1118 c.
772 1055 793 1118 l.
812 1057 844 1116 in
860 1059 1085 1138 promontorio
1102 1043 1190 1120 fitam
1206 1053 1290 1117 iuiise
1303 1055 1377 1122 dicit.

356 1160 446 1243 quod
480 1157 641 1238 Triopittm
673 1171 792 1220 vocant
819 1159 930 1237 Scylax
955 1179 988 1242 p.
1015 1171 1074 1238 59.
1093 1157 1195 1221 fluat.
1229 1171 1261 1219 et
1286 1155 1377 1219 Schol.

358 1261 531 1323 Theocriti
546 1259 585 1318 ad
606 1273 661 1334 17.
680 1255 738 1337 63.
773 1255 825 1322 Cf.
843 1257 941 1342 [upra.
978 1260 1088 1338 Scylax
1105 1252 1189 1348 ἱερὸν
1204 1259 1298 1329 addit,
1318 1255 1379 1338 quit

247 1357 253 1370 '
358 1362 405 1424 ibi
422 1359 539 1443 Apollo
559 1359 717 1440 templum
738 1359 890 1430 habebat.
924 1357 988 1443 ipse
1010 1361 1086 1424 inde
1112 1359 1257 1438 Triopius
1277 1376 1379 1442 cogno·

357 1465 514 1532 minatur,
543 1459 719 1536 (Herodot.
747 1482 774 1531 r,
801 1474 879 1540 144.
897 1463 1015 1540 etalii)
1049 1461 1106 1524 etii
1128 1459 1208 1523 sacra
1232 1460 1275 1521 ibi
1297 1459 1380 1520 etiam

330 1625 334 1632 ,
359 1561 524 1646 Nymphis
543 1573 574 1623 et
596 1559 749 1644 Neptuno
774 1563 957 1645 agebantur.
991 1562 1118 1642 (SchoI.
1140 1561 1304 1624 Theocriti
1323 1557 1379 1620 oi

359 1679 391 1728 et
412 1681 490 1748 qnae
512 1661 607 1724 habet
623 1663 788 1724 Salmasius
804 1665 836 1723 in
859 1677 1032 1726 comment.
1048 1664 1087 1726 ad
1102 1661 1243 1746 inscript.
1260 1659 1381 1724 Herodit

359 1767 455 1830 Attici
472 1785 502 1846 p.
516 1777 562 1842 53
575 1761 635 1846 tq.)
671 1765 719 1826 Ad
738 1765 895 1846 Apollinis
912 1765 1078 1846 templum,
1101 1765 1245 1847 quinque
1263 1764 1381 1824 Dorien-

362 1868 439 1930 [iuut
462 1865 574 1936 urbes,
605 1885 621 1925 a
644 1867 760 1946 quibua
781 1867 939 1948 templum
962 1865 1152 1927 exstructum
1174 1879 1257 1936 erat,
1281 1879 1380 1926 conre-

359 1968 491 2032 niebant
516 1979 549 2028 et
572 1980 695 2049 praeter
721 1963 799 2028 sacra
826 1967 918 2029 iudos
943 1963 1098 2028 faciebant
1122 1967 1245 2049 aliaque
1269 1963 1381 2050 negotia

320 2143 323 2150 Ι
359 2069 542 2132 tractabant.
570 2067 694 2144 (SchoI.
719 2068 884 2130 Theocriti
902 2087 928 2129 c.
954 2067 978 2130 l.
1009 2065 1139 2148 Dtonyt.
1164 2069 1265 2130 Halia.
1283 2077 1315 2147 4.
1333 2075 1380 2139 25·

358 2170 538 2254 Stephanus
560 2168 591 2230 h.
618 2189 651 2232 v.
682 2181 713 2230 et
735 2169 771 2228 ad
801 2189 875 2230 eunt
900 2168 1041 2231 Hoiston.
1062 2189 1095 2252 p.
1114 2169 1220 2248 325.)
1242 2167 1380 2262 ‘Cnidum

359 2287 467 2336 autem
490 2265 683 2352 praeiacebat
706 2289 800 2352 parva
821 2269 938 2341 insuia,
964 2270 1132 2354 aggeribua
1151 2269 1327 2331 continenti
1340 2265 1380 2328 ad·

358 2391 456 2444 nexa,
489 2389 569 2452 quae
593 2370 705 2432 urbem
730 2373 761 2430 in
794 2372 871 2432 duaa
897 2371 979 2451 quati
1005 2383 1108 2452 partee
1132 2371 1314 2439 dividebat.
1342 2365 1380 2425 uti

358 2472 455 2536 refert
474 2469 586 2536 Strabo
607 2490 634 2534 c.
659 2473 680 2535 l.
709 2484 843 2555 pontem
868 2471 963 2535 habet
988 2491 1047 2556 pro
1073 2472 1241 2558 aggeribus
1266 2467 1379 2534 Paubn.

359 2584 394 2654 5.
417 2581 476 2657 24.
498 2575 545 2633 in.

438 2771 703 2857 Ceramicus)
754 2773 922 2839 Herodoto
944 2795 972 2848 t.
995 2784 1075 2856 174.
1098 2769 1300 2867 Κεραμεικὸς
1320 2765 1382 2836 dt·

361 2897 438 2954 troo.
463 2877 518 2939 etii
531 2876 634 2940 Codd.
651 2877 780 2958 quidam
798 2899 807 2938 t
823 2875 1021 2959 praeferuut;
1046 2877 1261 2960 Xenophonti
1275 2879 1306 2938 iu
1325 2871 1380 2936 bid.

359 2979 416 3043 Gr.
436 2995 469 3050 Ω,
492 2999 522 3047 t.
545 2989 600 3054 15.
623 2972 820 3066 Κεράμειος,
846 2977 896 3040 fed
913 2991 946 3040 et
969 2999 997 3050 t.
1012 2989 1047 3059 4,
1064 2989 1098 3057 8.
1120 2971 1321 3070 Κεραμικὸς,
1344 2975 1382 3036 uti

357 3082 456 3144 etiam
479 3098 552 3141 cum
576 3077 690 3141 Nostro
714 3079 806 3140 effert
825 3077 951 3142 Plinius
968 3093 1001 3157 5.
1026 3097 1085 3160 29.
1111 3092 1144 3141 et
1162 3091 1196 3158 5.
1220 3083 1280 3160 3⁶·
1299 3077 1318 3140 i.
1334 3091 1381 3156 31.

358 3183 387 3247 Δ
401 3181 526 3261 Scylace
541 3201 572 3262 p.
583 3193 642 3260 59.
660 3177 760 3244 Hudi.
776 3174 982 3270 Κεραμιακὸς
998 3195 1142 3244 vocatur.
1183 3181 1282 3265 Quod
1298 3199 1350 3263 per
1363 3197 1383 3238 tt

357 3285 487 3366 quidam
502 3280 649 3352 scribunt.
675 3281 763 3342 idem
778 3281 874 3344 etiam
889 3295 1016 3343 notatur
1030 3283 1065 3343 in
1080 3279 1247 3344 Ceramico
1263 3281 1382 3366 gemino

358 3383 573 3454 Athenarum,
608 3381 700 3444 cuiue
719 3401 838 3444 nornen
868 3385 984 3465 pariter
1004 3402 1021 3444 a
1044 3382 1180 3446 Ceramo
1208 3381 1383 3445 descendere

358 3485 455 3547 tradit
469 3483 598 3546 Fauian.
620 3503 648 3551 ι.
668 3495 699 3562 5.
715 3485 760 3545 in.
786 3483 825 3545 ad
842 3503 937 3565 quem
955 3481 996 3547 ci.
1014 3483 1182 3562 Xylander.
1224 3483 1311 3548 Cum
1334 3479 1384 3542 Pli-

357 3587 432 3650 uiua
449 3599 483 3665 5,
505 3601 564 3664 29.
589 3603 606 3646 a
622 3581 729 3674 Cnido
747 3585 877 3647 Doridie
893 3586 1023 3646 initium
1039 3581 1148 3654 faciat.
1178 3597 1211 3647 et
1233 3585 1303 3668 post
1319 3576 1383 3645 Cni·

358 3687 438 3750 dum
460 3707 478 3749 a
503 3685 588 3747 Mela
616 3683 799 3748 Ceramicue
830 3685 915 3748 finus
946 3699 1100 3769 portatur,
1133 3686 1221 3747 idern
1257 3681 1383 3748 Doridis

348 3785 446 3882 finnt
466 3787 509 3849 est
527 3788 559 3848 in
575 3787 701 3880 Plinio,
733 3787 881 3868 inprimis
898 3807 970 3848 cum
987 3787 1149 3848 Euthanae
1167 3787 1200 3847 in
1220 3787 1291 3848 eius
1312 3783 1383 3846 urbi·

339 3889 421 3952 bue
445 3886 612 3952 recenseat.
648 3905 853 3950 rzecttvctta.
913 3888 1074 3971 Supponit
1089 3875 1192 3950 'tacite
1215 3885 1309 3950 tuine
1329 3883 1383 3946 illic

358 3990 472 4052 urbem
493 3987 663 4060 Certamen.
694 4001 807 4072 utpote
823 4008 840 4050 a
854 4007 917 4072 qua
939 3988 991 4052 hic
1011 3987 1096 4052 tinue
1117 3989 1248 4073 fingitur
1264 3999 1383 4052 vocator

360 4089 437 4164 effe,
467 4090 553 4173 quod
571 4091 675 4153 notati
693 4089 789 4154 debet
810 4091 878 4154 fieri
901 4089 1023 4176 saepius
1038 4087 1077 4154 ab
1097 4103 1236 4154 auctore.
1274 4109 1298 4154 t.
1315 4103 1383 4149 otte
