2764 4954
324 421 387 482 μω
594 408 759 466 norro
801 410 1107 468 execcrrcnn

323 575 439 672 praeivi
466 582 590 644 codices
608 583 704 644 etlam
721 578 963 670 Φατμνιτικὸν;
996 584 1120 647 Plinius
1136 606 1162 646 c.
1178 566 1204 646 l.
1226 583 1344 646 Phatni-

324 687 433 754 ticum,
457 698 493 744 ut
509 686 667 746 dmmlan.
685 683 860 747 Marcellin.
879 701 937 753 ιο,
961 705 971 744 ι
982 697 1015 762 5.
1044 686 1178 749 Cellario
1194 688 1226 746 in
1243 686 1344 768 Gengr.

325 799 391 850 ant.
413 797 447 864 4,
469 807 496 854 ι,
515 786 547 848 6.
570 807 601 867 p.
618 806 662 846 m.
681 796 764 861 778.
792 785 892 866 placet
913 807 969 867 per
989 809 1004 849 ιι
1027 785 1116 848 lctibi
1135 801 1261 870 propter
1279 791 1346 847 Stra·

325 887 431 958 bonis.
458 888 593 967 Scylacie
608 899 640 946 et
654 887 749 947 Plinii
765 885 962 958 conlenlum.
988 891 1040 948 cui
1064 891 1136 950 addi
1153 901 1272 970 poterat
1286 891 1346 948 llut-

325 991 462 1050 mianur.
511 987 608 1050 Causa
624 989 765 1062 nominis
782 988 909 1058 incerta,
935 1009 1029 1069 quam
1046 1003 1151 1050 tamen
1170 994 1201 1050 in
1217 989 1347 1050 Phatnite

325 1087 517 1172 praefectura
544 1090 636 1170 ponit
663 1087 799 1150 Valeliue
824 1090 863 1149 ad
892 1092 1050 1152 Ammian.
1067 1111 1094 1152 c.
1114 1092 1135 1152 l.
1166 1090 1349 1150 liuboltiacue

325 1192 444 1252 lluviue
462 1191 548 1250 iuxta
569 1210 703 1272 parvum
722 1191 813 1252 Delta
829 1191 860 1251 in
878 1190 1078 1252 Bustriticum
1093 1192 1228 1253 fluvium
1245 1189 1349 1250 diviltu

325 1313 382 1374 per
398 1293 460 1353 lroc
476 1291 590 1352 ollium
606 1293 752 1353 excurrit.
775 1291 991 1372 (Ptolemaeus
1006 1312 1033 1354 c.
1049 1290 1086 1374 l.)
1128 1293 1283 1354 Herodoti
1299 1291 1351 1350 hoc

326 1391 387 1454 elle
402 1391 587 1454 Bucolicum
611 1394 757 1454 evincere
775 1393 877 1454 [ludet
897 1383 1132 1477 iVellelingiue‚
1159 1393 1233 1463 etii,
1258 1395 1353 1454 minue

326 1507 434 1555 tomen
463 1507 563 1564 recte,
598 1495 635 1554 ad
663 1494 847 1555 Taniticurn
879 1491 975 1555 refert
1006 1497 1040 1554 in
1069 1497 1173 1556 tabula
1204 1491 1352 1554 Pococke.

326 1593 433 1678 lplum
457 1594 536 1654 illud
560 1613 696 1666 nomen,
728 1597 814 1674 quod
838 1615 877 1656 ex
901 1596 1068 1657 Herodoto
1092 1599 1210 1677 repetit
1228 1593 1352 1654 liulluth.

325 1698 363 1758 ad
388 1694 521 1775 Dionys.
546 1716 578 1757 v.
596 1697 680 1758 226.
703 1698 771 1758 aliis
793 1695 835 1757 eli
858 1697 1072 1780 incognitum.
1117 1698 1298 1756 Hardttinus
1322 1693 1354 1751 ad

325 1798 410 1860 Plin.
435 1810 468 1874 5.
496 1817 550 1860 ιι.
572 1795 592 1858 l.
616 1817 670 1860 ιο.
706 1798 900 1858 hodiernum
936 1817 1061 1859 nomen
1093 1796 1195 1858 adfert
1219 1797 1302 1858 Bras
1323 1791 1355 1853 dr

326 1900 464 1982 Migny‚·
489 1919 528 1960 ιιιι
543 1913 638 1970 recte,
661 1918 729 1960 non
752 1900 898 1960 dixerim.

402 2041 686 2141 Mendesium)
746 2050 800 2112 Gr.
830 2045 1019 2136 Μενδήσιον.
1066 2052 1159 2114 Solus
1188 2051 1310 2112 Plinius
1328 2059 1356 2122 5·

334 2173 388 2214 ιι.
413 2151 434 2215 l.
460 2173 513 2214 ιο.
541 2173 579 2214 ex
605 2154 783 2213 inveterato
806 2151 888 2213 forte
911 2152 993 2212 vitio
1016 2150 1232 2242 Merrcleficnm
1255 2161 1356 2218 rocon

328 2249 564 2343 Illendefiuedm
581 2266 671 2314 notat
684 2265 841 2334 praeterea
858 2253 1022 2314 Boccatiue
1038 2253 1078 2314 de
1094 2253 1279 2337 fluminibus
1295 2249 1312 2310 l.
1326 2269 1353 2310 v.

328 2355 433 2418 Nilus.
473 2352 602 2414 Nomen
622 2355 760 2413 inditum
775 2355 813 2414 ab
829 2354 907 2414 urbe
926 2350 1060 2439 Μένδης,
1078 2357 1191 2440 (pror)
1211 2355 1266 2414 ubi
1282 2354 1356 2414 l'auo

328 2469 361 2516 et
375 2456 499 2516 hircum
517 2455 638 2516 cultum
656 2453 743 2515 inille
765 2457 892 2514 trudunt
905 2456 1016 2532 Strabo
1039 2471 1091 2528 17.
1107 2477 1139 2536 p.
1155 2469 1200 2532 55
1213 2477 1238 2518 ι.
1250 2453 1270 2516 l.
1281 2466 1356 2530 pot.

326 2557 505 2638 Stephanus
521 2555 553 2616 h.
571 2576 603 2617 v.
625 2557 740 2636 aliique
756 2559 837 2637 apud
857 2555 985 2618 llerltel.
1001 2557 1040 2616 ad
1057 2556 1209 2637 Stephan.
1233 2577 1265 2640 p.
1282 2567 1356 2632 5130.

327 2670 359 2718 et
378 2656 543 2718 iablonski
564 2659 596 2716 in
615 2657 758 2716 Pantheo
779 2662 914 2740 Aegypt.
939 2659 980 2720 T.
1001 2673 1171 2739 1.p.9.72
1192 2657 1254 2739 qu.
1303 2657 1356 2716 1¹1⁰

328 2758 481 2820 tllendete
507 2757 706 2838 posteriores,
737 2758 958 2828 Ptolemaeus,
984 2758 1189 2828 Ammianus.
1218 2757 1356 2821 Aristides

327 2861 369 2921 T.
387 2875 420 2922 2.
438 2881 470 2941 p.
489 2860 572 2937 361.
595 2861 628 2920 in
646 2859 810 2921 lllendelio
832 2878 931 2921 nomo
948 2874 1205 2920 commemorant
1224 2857 1357 2920 Tlnnnin,

329 2963 414 3042 quod
433 2979 553 3021 nomen
572 2975 604 3022 et
627 2961 729 3042 iplum
751 2961 833 3042 apud
861 2961 1034 3044 Aegyptios
1056 2961 1179 3020 hircum
1208 2959 1357 3044 fignificat.

328 3063 521 3146 (d'llnville
539 3083 570 3142 p.
589 3059 670 3144 91.)
698 3061 783 3120 unde
803 3061 953 3122 Mendela
967 3061 1114 3122 interiille
1134 3062 1261 3143 pollhoc
1276 3055 1358 3139 [ulpi-

329 3177 418 3225 cotur
439 3163 593 3226 Cellariue
616 3183 644 3224 c.
670 3163 691 3224 l.
727 3163 894 3224 Harduino
912 3163 950 3222 orl
969 3163 1050 3224 Plin.
1069 3183 1095 3225 c.
1118 3163 1139 3226 l.
1164 3164 1208 3224 est
1226 3163 1307 3223 Brut
1326 3156 1358 3216 de

328 3266 528 3345 Barauguer.
577 3267 617 3325 D'
628 3265 754 3324 dnville
775 3283 806 3345 p.
826 3282 886 3342 91.
907 3265 1000 3346 ponit
1016 3266 1054 3324 arl
1071 3264 1232 3326 Athmun-
1245 3258 1356 3326 Tanai.

329 3368 414 3450 quod
431 3365 586 3447 oppidum
603 3368 636 3424 in
649 3365 808 3426 lldendetie
825 3365 931 3426 locum
948 3363 1102 3426 substituit
1118 3364 1265 3426 Pococke
1281 3365 1317 3424 T.
1332 3377 1358 3421 ι.

328 3491 361 3552 p.
382 3483 439 3546 33.
460 3468 599 3528 canalem
619 3464 788 3526 leadauea
804 3479 925 3546 partem
940 3467 1000 3527 elle
1017 3465 1195 3528 arbitratur.
1220 3466 1282 3529 Sed
1298 3461 1357 3522 vid.

331 3571 491 3650 deinceps.
534 3571 583 3628 lle
604 3569 753 3628 ‘l'anitico
775 3567 932 3628 Herodoti
954 3568 1152 3628 Mendesium
1173 3568 1300 3648 quidam
1317 3564 1358 3621 in·

332 3671 488 3753 telllgnnt.
515 3671 578 3740 elii,
605 3670 667 3728 ium
686 3670 774 3738 olim,
801 3669 984 3728 Taniticum
1006 3669 1046 3729 de
1069 3671 1137 3730 eiuo
1152 3671 1280 3730 Saitico.
1311 3659 1356 3726 Cf·

330 3773 443 3830 Strabo
466 3785 521 3847 17.
542 3791 573 3853 p.
591 3783 674 3846 552.
692 3768 714 3832 l.
735 3782 821 3846 δυο..
851 3783 884 3830 et
906 3771 993 3832 docti
1017 3771 1079 3831 viri
1102 3771 1142 3831 ad
1165 3769 1358 3832 Herodotum

332 3887 365 3942 ο,
396 3886 450 3945 ι7.

412 4017 726 4112 Cataptyfium)
778 4021 868 4104 Quae
893 4021 933 4083 de
959 4020 1021 4083 hoc
1046 4025 1181 4086 nomine
1212 4023 1358 4103 disputan

332 4123 417 4195 lunt,
444 4121 564 4183 dabunt
589 4137 685 4184 notae
710 4121 846 4184 criticae.
896 4123 999 4186 Series
1015 4124 1172 4197 instituta.
1198 4121 1358 4206 inprimit
