2764 4954
139 395 146 406 '
238 409 589 466 tumuerunt.
631 407 712 465 ur.
754 407 863 466 uxr·
904 407 982 479 la·
1065 413 1128 482 557

97 576 140 644 ria
159 579 254 644 causa
271 577 352 642 inde
372 593 443 642 orta
461 577 520 652 est,
547 579 638 666 quod
654 577 752 642 multi
774 581 908 665 Cephea
928 576 1128 662 Aethiopum

96 703 205 765 regem
227 679 372 752 faciunt,
399 697 437 743 ut
451 679 570 764 Hygin.
590 678 626 742 in
648 695 735 766 poet.
753 681 868 745 astron.
887 701 919 753 o,
937 701 971 762 9.
997 681 1127 764 Apollo·

97 784 163 846 dor.
184 801 216 856 e,
231 793 264 862 4„
282 799 314 860 3.
338 779 410 868 (qui
428 795 460 844 et
470 783 699 844 Andromedae
716 779 882 846 historiam
899 781 934 844 in
952 778 1127 866 Aethiopia

95 882 188 968 ponit
218 905 295 947 cum
327 881 452 948 Ovidio
482 885 617 946 Metam.
641 893 676 963 4.
701 885 799 966 668.)
836 883 1064 946 Eratosthenes
1090 879 1127 944 in

96 985 246 1050 Cataster.
263 1007 333 1069 cap.
355 997 410 1062 ¹5·
431 1005 470 1046 ex
485 982 656 1069 Euripide.
691 985 743 1048 Cf.
759 986 890 1048 Salmas.
913 983 949 1048 in
968 981 1072 1047 Solin.
1093 1003 1126 1068 p.

94 1107 135 1149 m.
152 1097 241 1168 402.
293 1086 394 1171 Quod
409 1083 544 1170 quidam
560 1089 603 1150 stc
616 1103 839 1171 componunt,
865 1103 903 1149 ut
919 1081 1129 1168 Aethiopiam

94 1185 128 1250 in
147 1191 219 1250 Afra
244 1185 345 1250 etiarn
366 1203 533 1272 quaerant.
577 1187 628 1251 Cs.
652 1187 773 1251 llanier
798 1189 1005 1252 thterlehre
1029 1187 1070 1248 T.
1092 1195 1126 1265 4.

92 1311 125 1373 p.
147 1291 233 1368 356.
267 1305 300 1351 et
321 1309 405 1374 quae
426 1286 512 1351 infra
534 1291 737 1370 notabuntur
759 1290 801 1352 ad
820 1291 943 1352 Melam
967 1305 1001 1372 3,
1026 1307 1060 1368 9.
1080 1283 1127 1350 in.

92 1384 261 1480 Παράλιον
283 1387 444 1474 oppidum
466 1387 548 1454 dicit
570 1391 724 1474 Iosephus
746 1392 787 1454 de
808 1393 846 1456 B.
863 1391 935 1454 lud.
958 1413 988 1462 1,
1013 1409 1071 1462 tto,
1094 1403 1127 1466 3.

94 1489 230 1578 eiusque
253 1486 405 1576 αἰγιαλὸν
427 1507 664 1554 commemorat
686 1489 732 1556 ib.
754 1517 782 1565 t,
804 1503 840 1574 4,
860 1509 892 1567 7.
919 1485 1130 1558 ἐπιθαλασσί-

93 1589 155 1657 droa
175 1595 297 1657 Conon
322 1593 392 1656 c.l.
444 1591 552 1656 Situm
578 1590 670 1656 urbis
693 1609 725 1657 et
748 1591 827 1657 litua
851 1590 1006 1658 describit
1028 1587 1129 1654 etiam

93 1696 292 1778 Hegesrppue
310 1709 344 1772 3,
362 1713 419 1760 co.
454 1695 573 1760 Portus
588 1691 715 1758 mentio
731 1692 767 1758 in
782 1697 942 1760 Strabone
953 1715 981 1758 c.
996 1695 1018 1757 l.
1045 1691 1127 1756 lole-

92 1797 157 1880 pho
178 1812 246 1858 aut.
263 1795 335 1860 Iud.
356 1818 411 1867 rr,
425 1807 462 1876 4,
486 1820 514 1859 r.
540 1793 704 1870 occurrit,
730 1813 763 1886 ent
785 1795 821 1860 in
838 1799 870 1862 S.
891 1799 924 1860 S.
942 1792 1042 1858 etiam
1065 1793 1128 1856 sre-

93 1913 279 1982 quentatur.
306 1899 320 1976 (
332 1920 360 1960 r.
374 1899 455 1982 ch.
470 1911 504 1978 5,
524 1916 559 1979 9,
578 1917 609 1961 tt.
645 1898 768 1962 Chron.
795 1917 827 1974 e,
844 1899 910 1962 «16.
943 1895 1012 1960 Esr.
1038 1913 1070 1968 e,
1094 1909 1127 1971 7.

93 1999 160 2061 lon.
177 2020 250 2084 cap.
269 2022 298 2060 ι.
314 2013 347 2062 et
364 2003 416 2078 e.)
457 1998 566 2062 Hodie
583 1997 690 2062 arenis
707 2003 844 2063 obrutus
863 2015 896 2062 et
911 1995 968 2060 vix
983 1991 1128 2080 navigiis

4 2103 5 2140 ³
93 2116 216 2184 patena.
245 2101 442 2178 (Thevenot
463 2097 558 2164 Reise
580 2103 621 2164 T.
642 2125 672 2165 r.
693 2125 725 2186 p.
745 2113 827 2181 285.
858 2099 1011 2163 Pococke
1034 2099 1074 2162 T.
1095 2113 1127 2160 o.

93 2221 123 2285 p.
137 2223 181 2264 rn.
199 2205 256 2280 5.)
291 2201 392 2286 Quod
408 2222 426 2264 a
444 2200 579 2266 Simone
597 2221 637 2265 ex
652 2205 879 2266 Maccabaeor.
896 2225 925 2274 1,
946 2210 1001 2282 14,
1020 2209 1053 2278 5.
1075 2219 1128 2262 ex-

93 2301 249 2366 structum
281 2323 359 2364 eum
387 2300 470 2366 dicit
492 2305 646 2367 Brunsrua
671 2301 708 2367 in
743 2304 930 2367 Handbuch
956 2301 1014 2364 der
1039 2303 1128 2364 alten

93 2403 286 2466 Erdbeschr.
310 2405 351 2466 T.
375 2423 407 2466 e.
428 2427 460 2490 p.
484 2407 579 2468 LVll.
611 2425 675 2470 nec
695 2403 752 2470 ille
774 2409 868 2469 locus
890 2401 1033 2478 indicat,
1064 2421 1129 2467 nec

94 2503 260 2590 superiora
284 2501 465 2589 patiuntur.
516 2507 633 2570 Strabo
655 2529 683 2572 c.
700 2509 722 2570 l.
747 2506 793 2571 ita
815 2527 914 2592 porro
937 2504 1009 2570 eiua
1033 2507 1129 2569 litum

95 2605 247 2670 describit
277 2627 317 2668 ex
349 2604 491 2670 aliorum
517 2606 654 2694 quidem
678 2607 943 2681 narrationibus,
978 2623 1017 2672 ut
1047 2603 1129 2670 inde

92 2705 316 2787 Hierosolyma
333 2709 539 2793 prospectare
556 2707 707 2786 licuerit;
741 2726 854 2774 contra
870 2707 906 2772 in
920 2707 1004 2774 lucie
1020 2704 1128 2794 plania

94 2825 124 2872 et
146 2807 381 2894 campestribus
404 2809 515 2874 stetisse
538 2833 577 2874 ex
601 2809 658 2874 lib.
679 2835 708 2875 r.
728 2814 877 2876 Maccab.
897 2833 953 2894 ιο,
971 2826 1031 2889 73.
1053 2829 1128 2894 pro·

93 2909 145 2974 bat
159 2911 330 2974 Relandue
350 2909 386 2973 in
403 2909 582 2976 Palaestina
597 2911 659 2976 tib.
678 2929 711 2992 3.
732 2937 765 2999 p.
781 2936 825 2976 m.
843 2916 927 2994 641.
954 2909 1013 2998 qui
1035 2913 1129 2974 locut

94 3025 200 3076 tamen
217 3011 260 3074 de
281 3033 355 3074 area
377 3029 452 3076 ante
466 3015 584 3076 urbem
602 3012 743 3099 intelligi
763 3013 875 3100 potest.
910 3014 996 3076 Nam
1011 3009 1130 3074 diserte

95 3111 174 3176 Plin.
192 3127 227 3194 5,
253 3125 307 3192 14.
323 3113 345 3178 l.
366 3129 420 3193 13.
446 3111 576 3208 insidet,
608 3113 735 3202 inquit,
768 3117 895 3190 collem:
925 3135 1035 3178 arcem
1055 3109 1129 3178 eiut

95 3230 331 3278 commemorat
354 3215 480 3300 loseph.
508 3217 549 3278 de
578 3219 618 3282 Β.
638 3219 710 3280 lud.
736 3233 770 3295 3,
796 3235 832 3298 9,
852 3227 887 3298 4.
921 3233 954 3279 et
979 3229 1130 3278 montem

95 3315 269 3380 Thevenot
291 3337 320 3379 c.
342 3317 365 3378 l.
415 3320 457 3380 At
477 3333 612 3402 propter
629 3316 821 3382 interiectos
844 3333 974 3381 montet
996 3313 1131 3380 altiores

95 3411 129 3478 id
145 3416 269 3481 rectius
293 3414 330 3479 in
351 3415 595 3482 dubitationem
615 3436 714 3483 uocat
736 3421 889 3483 Pococlre
906 3439 934 3482 c.
958 3421 979 3482 l.
1021 3419 1132 3502 Prope

97 3517 254 3582 lamniam
283 3534 417 3582 auctore
449 3517 592 3583 Philone
621 3519 718 3605 ponit
744 3522 949 3606 Stephanus,
985 3539 1133 3606 quocum

99 3617 303 3684 consentiunt
318 3636 350 3682 et
363 3617 437 3694 alii,
471 3618 558 3684 inter
577 3619 739 3686 lumniam
762 3638 795 3685 et
816 3619 1026 3707 Apolloniam
1043 3616 1131 3684 Plin.

101 3731 131 3796 5.
153 3733 205 3802 14.
223 3721 244 3784 s.
266 3735 320 3800 15.
350 3723 489 3786 Ptolem.
506 3735 541 3802 5,
563 3727 617 3789 16.
652 3725 770 3807 Geogr.
788 3727 933 3786 Ravenn.
952 3735 986 3800 5,
1005 3739 1038 3799 7.
1065 3723 1131 3784 tab.

99 3819 281 3907 Peutinger.
303 3841 338 3903 9.
357 3825 396 3886 E.
446 3821 532 3888 Belli
552 3822 792 3888 calamitatibus
814 3821 957 3908 graviter
979 3837 1133 3886 vexatam

101 3919 196 3998 tuine,
213 3925 335 3987 docent
349 3921 426 3987 libri
435 3925 712 3989 Maccahaeorum
727 3929 740 4004 (
747 3949 776 4007 r,
797 3949 852 4008 ιο,
871 3934 920 4004 74
929 3923 994 4010 sqq.
1017 3934 1072 4004 14
1083 3927 1132 4002 5.)

102 4040 118 4082 a
138 4022 293 4088 Romania
313 4025 383 4109 post
406 4025 603 4089 devastatam
625 4027 781 4110 Iosephus
805 4027 846 4088 de
868 4029 906 4090 Β.
928 4025 1000 4088 lud.
1021 4043 1052 4096 e,
1074 4041 1131 4087 oo.

103 4135 133 4200 3,
153 4139 206 4207 15.
242 4127 337 4216 Quae
351 4127 393 4192 ad
408 4125 574 4218 sequentia
592 4127 751 4216 temporit
767 4123 936 4193 historiam
952 4122 1133 4214 pertinent,
