2764 4958
318 423 381 493 224
588 419 748 478 NOTAE
789 417 1092 477 exuentem

324 595 359 654 in
378 591 495 671 Libyae
517 593 628 664 litore,
660 606 692 655 et
712 585 825 682 μικρὸν
844 595 878 654 10
898 591 1137 664 mediterraneis
1151 592 1232 654 ultra
1251 591 1380 656 Parae·

325 696 452 755 tonium
469 693 574 756 versus
591 695 781 778 Aegyptum.
835 695 878 755 Et
894 695 933 755 sic
953 695 1082 758 Solinus
1099 715 1165 777 cap.
1184 709 1242 774 30.
1260 691 1282 756 1.
1306 709 1362 768 07

327 797 472 878 Aegypto
488 795 634 856 insinuari
651 793 765 858 scribit.
801 795 979 877 Stephanus
998 797 1032 856 in
1050 796 1148 873 Libya
1167 797 1262 876 ponit
1280 797 1360 856 inte

326 897 544 958 Hammonem
573 909 605 956 et
632 896 873 966 Paraetonium,
903 897 988 978 quod
1015 897 1055 958 de
1086 907 1185 978 pa'rvo
1208 897 1382 980 intelligi·

326 995 514 1065 Berkelius‚
541 1008 577 1055 ut
601 993 809 1070 hicVolhus;
843 998 969 1067 minus,
1002 999 1134 1079 opinor,
1159 1011 1256 1059 recte.
1313 999 1382 1058 Si

327 1098 380 1158 alii
395 1111 538 1158 auctores
553 1098 593 1157 de
613 1117 729 1180 magno
745 1096 809 1160 fere
828 1099 1017 1180 loquuntur,
1047 1099 1165 1180 quippe
1181 1099 1236 1178 qui
1253 1097 1363 1158 Parae

326 1198 455 1258 annium
470 1199 548 1257 ultra
565 1197 797 1260 Catabathmon
812 1213 947 1280 ponunt.
975 1213 1012 1260 ut
1027 1199 1138 1261 Strabo
1159 1214 1215 1272 17.
1232 1219 1263 1280 p.
1279 1199 1364 1273 576

327 1296 350 1359 s.
367 1303 451 1375 8⁹58.
478 1298 561 1358 Plin.
580 1311 611 1374 5,
628 1301 661 1360 6.
688 1299 791 1360 tabula
806 1293 956 1384 Peuting.
969 1301 1055 1362 Vlll.
1085 1299 1200 1382 Gengr.
1213 1299 1362 1359 llavenn

328 1413 362 1476 5,
386 1416 417 1458 e.
452 1397 509 1458 ubi
536 1397 642 1458 frustra
667 1399 792 1460 dubitat
816 1401 1017 1470 l'orcheion‚
1053 1413 1124 1461 uter
1153 1399 1377 1482 intelligatur.

326 1499 466 1559 Parvum
483 1513 588 1560 temen
603 1501 711 1559 innuit
726 1499 881 1564 Antonin.
898 1503 968 1563 itin.
982 1519 1013 1580 p.
1026 1502 1085 1578 69.
1107 1499 1164 1558 ubi
1181 1501 1380 1560 abAlexan·

327 1599 394 1658 dria
410 1613 556 1661 removet
577 1617 611 1678 9.
629 1601 675 1661 M.
696 1602 733 1662 P.
759 1601 813 1663 etsi
830 1603 863 1660 in
878 1619 917 1662 eo
936 1603 1067 1662 haerent
1087 1600 1289 1684 interpretes.
1306 1677 1308 1688 Ι
1327 1602 1382 1662 A·

325 1711 435 1759 tuetur
460 1699 523 1780 ipse
556 1702 756 1772 Antoninus,
789 1703 844 1782 qui
869 1723 901 1784 p.
924 1715 983 1778 57.
1014 1722 1032 1762 a
1058 1700 1152 1781 Lepti
1182 1720 1298 1783 magna
1329 1721 1369 1762 a·

323 1799 545 1863 Alexandriam
562 1803 696 1863 omnino
716 1815 861 1864 numerat
884 1817 969 1881 902.
988 1802 1035 1864 M.
1052 1801 1089 1864 P.
1116 1815 1148 1863 et
1168 1801 1234 1883 poll
1250 1820 1289 1860 ex
1304 1801 1364 1862 110

317 1903 472 1984 xgulatrum
488 1903 690 1963 mansionum
711 1903 950 1986 computatione
972 1913 1057 1980 915.
1074 1901 1120 1962 M.
1139 1901 1177 1964 P.
1201 1921 1282 1983 quae
1300 1902 1357 1960 di

326 2004 484 2083 crepantia
498 2006 612 2086 exigua
625 2003 677 2074 est,
701 2017 734 2064 et
749 2006 782 2063 in
796 2005 873 2066 alios
886 2022 1038 2066 numeros
1052 2003 1140 2064 reiici
1155 2000 1235 2064 forte
1251 2001 1380 2068 debet.

323 2104 375 2163 De
390 2123 506 2186 magno
523 2104 674 2188 intelligit
692 2105 830 2175 Plinius,
856 2106 934 2166 ilum
954 2125 971 2165 a
987 2105 1174 2166 Paraetonio
1190 2103 1300 2164 distare
1322 2109 1358 2165 ai

326 2205 385 2280 36.
408 2204 452 2264 M.
474 2205 510 2266 Ρ.
534 2202 757 2288 (10001074.)
789 2219 822 2268 et
843 2204 926 2288 Apin
948 2204 1062 2266 urbem
1085 2223 1159 2266 cum
1173 2204 1378 2270 Ptolemaeo

322 2305 510 2384 interponit.
561 2305 623 2367 Sed
643 2307 748 2367 omnis
768 2306 954 2368 diversitatis
970 2303 1057 2366 causa
1078 2305 1254 2386 quaerenda
1270 2305 1380 2369 virle-

321 2416 375 2462 tur
400 2406 433 2463 in
460 2404 662 2466 Catabathmi
687 2407 870 2468 extensione
901 2419 934 2468 et
960 2407 1114 2468 terminis.
1166 2407 1219 2467 Sic
1243 2407 1377 2472 Strabo

319 2504 398 2566 inrle
425 2505 464 2564 sd
486 2506 687 2587 Apolloniam
712 2505 817 2567 statuit
840 2521 936 2570 2200
959 2506 1068 2577 stadia,
1100 2505 1205 2590 (257.
1229 2503 1275 2567 M.
1299 2505 1375 2592 P.)

320 2605 445 2666 Plinius
461 2617 493 2682 5.
516 2619 550 2683 5.
573 2626 651 2668 vero
674 2617 755 2685 504.
778 2607 825 2669 M.
847 2609 884 2670 P.
927 2607 1011 2668 Mela
1035 2601 1183 2667 latiffimo
1208 2599 1297 2667 sensu
1327 2609 1378 2672 lic

208 2719 214 2732 ·
319 2703 444 2789 posuit.
470 2721 507 2768 ut
521 2710 554 2767 in
570 2708 637 2769 0100
658 2710 746 2768 exitu
764 2709 919 2778 consistat,
949 2723 981 2770 et
998 2708 1189 2787 Cyrenaicae
1207 2709 1378 2790 Aegypti-

321 2826 385 2890 que
411 2807 488 2868 fines
510 2823 619 2889 ponat.
668 2809 832 2878 Ridicule.
863 2809 949 2890 quod
971 2811 1034 2868 iam
1053 2827 1070 2868 a
1087 2803 1193 2868 Voffio
1208 2820 1376 2875 notatum

320 2908 381 2976 eil,
407 2910 446 2968 ad
467 2905 573 2970 fontes
589 2909 655 2969 Nili
671 2907 791 2990 profert
808 2907 980 2989 Aeschylus
996 2911 1030 2968 in
1044 2907 1209 2970 Prometh.
1225 2921 1373 2988 v.817.

319 3008 377 3070 ubi
395 3009 581 3072 Scholiastes
602 3005 637 3070 in
659 3012 800 3071 confinio
818 3011 935 3091 Libyae
950 3021 982 3071 et
999 3010 1136 3092 Aegypti
1156 3009 1267 3091 ponit,
1304 3015 1373 3076 effi

320 3124 431 3172 contra
447 3108 592 3172 Vossium
613 3111 652 3171 de
667 3109 735 3171 Nili
757 3111 952 3172 catarrhactis
977 3110 1201 3191 interpretatur
1215 3108 1374 3177 Walthe-

218 3257 222 3274 .
317 3231 372 3273 rtis
386 3231 411 3272 c.
429 3211 451 3272 l.
488 3209 539 3274 Cf.
559 3209 605 3270 ibi
620 3211 789 3273 Schiitzius
809 3213 878 3274 Vol.
902 3231 981 3292 i.p.
1004 3227 1084 3290 ¹92·
1136 3210 1174 3271 ln
1195 3209 1372 3279 hodierno

318 3315 453 3374 nomine
470 3330 537 3372 non
556 3311 707 3375 constant.
758 3313 925 3375 iuvenitur
944 3309 1033 3375 Cabo
1046 3310 1086 3372 de
1101 3307 1212 3380 Albai,
1241 3309 1369 3390 Carta,

316 3411 436 3475 Alabis
463 3403 617 3500 Affolom‚
658 3410 783 3484 Ababa,
816 3413 903 3494 quod
928 3411 1024 3473 habet
1054 3411 1214 3473 Anvillius
1239 3412 1275 3471 in
1305 3416 1372 3481 de-

315 3513 468 3595 scription
483 3515 526 3572 du
541 3510 635 3574 Golfe
650 3513 806 3594 Arabique
829 3512 910 3598 (vid.
927 3512 1101 3575 Memoires
1118 3511 1168 3572 sur
1188 3511 1369 3601 l'Egypte)

308 3634 386 3698 pag.
407 3629 492 3694 239.
523 3616 562 3675 cle
584 3633 702 3696 magno
726 3613 871 3694 quidem.
918 3613 1070 3676 Ceterum
1093 3613 1369 3682 terminationem

312 3715 467 3776 Graecam
490 3717 623 3774 retinuit
642 3713 746 3786 Mela,
772 3734 867 3795 quam
883 3725 915 3774 et
936 3715 969 3772 in
991 3713 1058 3776 aliis
1075 3715 1202 3797 vulgari
1218 3711 1275 3773 010
1295 3715 1370 3782 fre.

314 3819 472 3896 queuntis
486 3815 671 3876 nominibus
692 3817 815 3896 poetica
833 3815 965 3876 sectatus
981 3828 1074 3876 amat.
1115 3813 1229 3896 Neque
1244 3829 1367 3885 tamen

309 3917 379 3978 sine
405 3915 568 3977 codicibus
591 3914 721 3976 obtrudi
743 3915 855 3986 debet,
895 3933 997 3994 neque
1022 3915 1229 3977 inmunibus
1252 3919 1365 3986 valet.

313 4015 646 4089 SicValeriusProbus
657 4017 690 4074 in
702 4015 830 4078 Cathol.
845 4035 877 4098 p.
891 4017 995 4095 1460.
1012 4015 1201 4094 (Grammat.
1210 4015 1369 4101 Putsch.)

313 4117 441 4178 bullum
462 4115 492 4180 10
512 4135 634 4181 nornen
651 4117 686 4176 in
703 4135 756 4180 eos
773 4117 893 4180 1-0ῑί010
912 4115 1119 4192 terminatum
1135 4115 1283 4200 reperisse
1306 4125 1369 4185 ad.
