2852 4946
338 417 401 501 qeo
610 421 773 484 nonan
809 425 1111 486 axuoemcac

337 617 410 661 rum
426 593 523 676 refert
535 595 697 659 Plutarcln
712 598 746 659 in
763 597 915 660 Marcello
934 618 962 663 c.
980 615 1013 680 3.
1033 613 1066 662 et
1077 597 1193 684 Polyb.
1209 615 1240 671 9,
1254 611 1306 664 99.
1318 599 1356 660 iu.

336 693 525 784 Κάρδακες,
550 699 691 760 militum
707 719 809 782 genua
831 701 915 782 apud
931 701 1054 774 Persas,
1080 703 1156 764 inde
1171 701 1288 764 derivat
1305 700 1359 762 Et·

336 799 469 865 iletlriua
483 801 522 862 ed
538 801 672 862 Homer.
688 799 724 860 ll.
744 817 777 872 9,
796 801 880 879 867.
896 821 929 883 p.
944 823 990 864 m.
1006 817 1090 884 279.
1141 805 1191 865 De
1210 803 1278 883 ipit
1297 801 1358 863 Car·

335 899 601 968 decibnaconsusi
617 901 720 983 potest
740 901 851 964 Bosiua
868 903 906 964 ad
928 903 1047 987 Nepot.
1063 905 1188 966 Datum.
1205 915 1236 981 8.
1253 918 1285 966 9.
1315 899 1359 964 Ob

336 1001 449 1066 servile
466 1003 645 1088 ingenium,
668 1015 701 1062 et
713 1003 801 1084 quod
822 1005 977 1086 proposita
1001 1006 1147 1068 mercede
1162 1005 1259 1066 vitam
1279 1003 1360 1086 proii-

335 1119 461 1175 cerem,
491 1105 647 1166 contemti
670 1103 703 1163 iu
727 1105 830 1186 prima
852 1107 919 1166 acie
941 1105 980 1165 ad
1004 1107 1211 1188 excipiendos
1236 1104 1360 1167 hoslium

333 1193 476 1288 impetui
499 1205 762 1278 conlocabuntut3
787 1205 874 1267 unde
898 1204 961 1267 stne
983 1207 1081 1268 dubio
1106 1221 1218 1268 natum
1240 1206 1280 1268 eil
1299 1222 1359 1286 pro·

227 1317 229 1322 '
334 1309 503 1370 verbium:
537 1309 579 1368 In
605 1306 689 1368 Care
711 1305 899 1385 paricidam,
928 1309 1016 1388 quod
1046 1307 1229 1393 adtigerunt
1252 1319 1360 1390 praeter

334 1409 413 1470 alioa
429 1408 519 1470 Plato
534 1408 567 1467 in
584 1407 840 1490 Euthydemop.
855 1421 912 1486 33.
933 1408 1035 1490 (Bip.)
1062 1408 1176 1471 Cicero
1191 1428 1247 1491 pro
1263 1407 1360 1470 nana

332 1527 400 1592 cap.
418 1523 476 1584 27.
506 1505 680 1588 Hesychius
696 1509 729 1568 h.
745 1528 778 1569 v.
816 1509 878 1571 Sed
893 1508 959 1570 vid.
978 1509 1245 1574 ZenobiuaCent.
1263 1523 1292 1586 3.
1310 1519 1359 1586 59.

329 1608 497 1674 Pausaniae
529 1611 614 1692 apud
646 1609 847 1672 Eustathium
879 1628 907 1673 c.
940 1611 963 1672 s.
1004 1623 1037 1672 et
1069 1631 1108 1673 ex
1141 1607 1360 1678 recentioribur

329 1710 479 1774 Erasmus
493 1713 582 1795 adag.
605 1729 634 1782 ι,
651 1713 685 1783 6,
710 1721 765 1790 tq.
800 1705 1036 1799 'Arrpcra‘roue
1056 1713 1113 1774 hac
1127 1713 1168 1774 de
1183 1711 1270 1774 causa
1285 1708 1360 1770 habi·

329 1825 380 1875 tot
403 1810 493 1874 fuisse
516 1813 659 1874 adsinnat
677 1813 773 1874 etiam
796 1811 903 1874 Schol.
928 1811 1047 1876 Villois.
1070 1815 1109 1874 ad
1129 1815 1263 1876 Homer.
1282 1810 1314 1872 ss.
1330 1825 1359 1894 q.

275 1925 277 1934 “
331 1927 416 1994 378.
453 1915 478 1976 1.
495 1911 682 1976 Gron'oviue
699 1915 734 1974 in
752 1925 827 1974 nota
844 1909 913 1974 MS.
939 1913 1073 1976 omnino
1088 1927 1268 1984 monuerat,
1292 1925 1359 1971 tam·

327 2035 424 2100 quum
447 2035 516 2077 rem
538 2015 652 2076 miram
670 2015 734 2077 hoc
750 2011 900 2075 Nostrum
919 2013 1119 2084 memorasse,
1145 2017 1235 2097 quod
1251 2007 1358 2092 antiqui

327 2135 461 2202 operam
474 2114 560 2178 suam
580 2117 616 2178 in
630 2115 717 2180 bello
734 2115 881 2178 mercede
902 2115 1004 2179 locare
1019 2135 1085 2180 uon
1100 2113 1189 2178 soliti
1207 2113 1336 2178 fuissent.

401 2315 591 2404 aliquot)
641 2319 686 2381 Ut
700 2315 866 2380 Daedala.
893 2315 1006 2380 Strabo
1022 2327 1076 2398 ¹4·
1093 2337 1127 2400 p.
1143 2325 1230 2400 448.
1246 2315 1266 2378 s.
1283 2315 1354 2390 651.

325 2418 448 2510 χωρίον
472 2432 583 2493 vocat3
624 2419 830 2482 Ptolemaeus
845 2429 877 2495 5.
903 2429 936 2497 3.
959 2413 1081 2496 τόπους
1114 2417 1240 2480 Plinius
1255 2431 1286 2495 5.
1306 2431 1354 2491 99.

325 2522 348 2587 s.
372 2535 430 2599 98.
453 2519 605 2598 oppidum
627 2517 712 2582 iacit.
750 2519 842 2580 Idem
860 2537 933 2580 cum
948 2519 1134 2581 Ptolemaeo
1157 2516 1295 2582 recenset
1312 2515 1355 2574 hic

324 2621 442 2705 oppida
466 2622 563 2702 Cyru,
592 2618 751 2701 Calynda,
780 2639 861 2700 quae
885 2617 965 2682 sorte
986 2619 1090 2682 noster
1110 2619 1231 2683 castella
1246 2617 1353 2680 habuit.

324 2725 374 2788 Ex
390 2723 512 2805 periplo
529 2719 638 2784 Escur.
651 2721 726 2781 addi
742 2719 871 2803 possunt
890 2720 1086 2784 Callimacho
1099 2734 1133 2784 et
1143 2721 1275 2806 Clydae,
1289 2719 1354 2780 hnc

323 2827 360 2888 in
376 2825 564 2888 Ptolemaeo
579 2821 694 2907 Lydae
709 2822 763 2885 vel
781 2819 921 2905 Clrydae.

402 2967 536 3108 Crya)
576 3027 626 3088 De
649 3019 798 3107 scriptura
815 3023 982 3104 utriunque
1005 3023 1222 3106 promontorii
1243 3021 1355 3084 ornum

321 3131 356 3192 in
379 3129 465 3190 notia
488 3128 605 3189 criticis
626 3145 659 3208 p.
682 3136 755 3206 488
775 3122 838 3206 sqq.
891 3123 1058 3217 Oppidum
1083 3139 1215 3189 vocatur
1241 3123 1356 3204 Crya!

321 3229 429 3296 Plinio
449 3240 481 3308 5,
505 3245 565 3308 99.
583 3225 604 3290 s.
621 3237 679 3303 98.
711 3239 745 3288 et
764 3225 945 3308 Stephano,
979 3226 1037 3308 qui
1066 3239 1174 3288 tarneu
1208 3228 1243 3286 in
1270 3219 1355 3302 Lycia

187 3345 190 3355 '
244 3309 248 3316 ¹
320 3333 427 3416 ponit.
479 3328 605 3410 Nempe
621 3319 732 3390 Cariae
753 3337 786 3387 et
806 3327 917 3406 Lyciae
942 3328 1037 3399 siuet,
1068 3341 1106 3388 ut
1121 3325 1211 3408 supra
1230 3325 1352 3389 dictum,

320 3435 455 3495 variant.
505 3429 693 3491 Ptolemaeo
718 3437 752 3504 5,
778 3440 812 3508 8.
845 3425 888 3489 est
914 3417 1049 3512 liupila,
1084 3427 1118 3490 iu
1149 3429 1245 3504 Lycia
1270 3427 1351 3486 item.

268 3531 270 3538 ’
321 3533 406 3618 Quia
419 3535 679 3615 promontorium
695 3527 758 3589 hoc
774 3529 910 3589 nomine
927 3525 1062 3598 adserat.
1089 3529 1169 3589 novi
1185 3529 1351 3591 nemiuem.

320 3633 433 3714 Scylax
456 3653 489 3714 p.
512 3643 570 3712 58.
594 3643 675 3694 extr.
697 3625 799 3691 Huds.
826 3647 928 3690 unum
953 3630 986 3689 in
1012 3629 1075 3692 hoc
1100 3642 1198 3690 tractu
1223 3639 1352 3689 comme·

319 3747 425 3798 morat
444 3733 595 3817 Cragum.
646 3730 686 3792 At
706 3730 729 3790 fi
746 3728 891 3791 Plinium
913 3729 1004 3792 adeat
1020 3741 1054 3807 5.
1077 3741 1136 3806 98.
1154 3727 1175 3793 s.
1193 3742 1252 3802 97.
1273 3739 1351 3809 prae·

321 3837 441 3899 cedunt
455 3833 519 3896 hoc
533 3833 645 3896 ordine
655 3829 793 3892 Daedala
808 3832 952 3912 adeoque
964 3829 1151 3900 Telmessos.
1166 3843 1204 3891 ut
1218 3831 1251 3890 in
1262 3825 1349 3888 Mela.

319 3936 431 4002 Strabo
451 3946 507 4016 ¹4·
530 3955 563 4018 p.
578 3943 664 4012 qqss.
681 3929 702 3994 s.
721 3931 805 4008 651.
836 3933 913 3994 item
936 3951 1038 3992 unum
1061 3929 1157 3992 habet
1177 3931 1260 3992 inter
1282 3930 1350 3988 Dte·

320 4037 390 4102 dala
404 4049 438 4100 et
459 4035 625 4106 Caunum,
650 4031 735 4115 quod
759 4045 852 4096 vocat
875 4031 1095 4102 Artemisium,
1119 4029 1177 4092 ubi
1191 4043 1225 4094 et
1239 4031 1349 4092 Dirme

319 4137 386 4204 suit
408 4137 578 4224 templum.
628 4135 693 4202 Sed
708 4134 858 4220 equidem
875 4151 933 4220 pro
952 4147 1038 4200 certo
1060 4133 1198 4200 minima
1217 4132 1348 4196 adfirma-
