2764 4958
331 437 392 527 290
597 435 757 498 00000
797 431 1097 492 0000000000

332 612 555 684 Artemidorus
578 609 661 692 apud
684 608 873 670 Strabonem
893 621 926 686 8.
949 627 981 689 p.
1002 618 1084 684 108.
1105 603 1129 671 1.
1155 613 1236 684 057.
1257 617 1290 667 et
1308 617 1358 678 ι7.

333 741 367 805 p.
385 731 469 796 570.
488 712 509 776 1.
525 725 609 790 809.
639 710 676 770 00
698 707 855 791 Hesperiis
877 708 1087 790 Aethiopibus
1109 707 1185 768 inde
1207 705 1246 768 ad
1268 705 1360 782 Cyre·

333 821 456 885 nuicem
478 834 578 896 usqne
600 812 761 892 perducit,
788 830 883 891 quem
905 809 1016 872 Strabo
1035 811 1134 881 ridet;
1167 805 1360 882 00000107-

334 923 434 1006 phem
449 917 543 999 ponit
556 913 694 978 Etolem.
710 920 745 990 4.
764 925 796 989 8.
824 912 902 971 circa
918 909 1087 992 Neapolim
1104 909 1218 971 Anien.
1235 927 1267 970 v.
1281 919 1358 984 303.

335 1025 387 1086 Ex
406 1019 522 1100 quibus
543 1015 686 1094 adparet,
712 1011 843 1072 initium
865 1010 1018 1080 dubium,
1044 1011 1097 1072 vel
1120 1011 1245 1072 varium
1267 1005 1360 1073 inille.

335 1117 482 1185 habitalle
504 1131 609 1176 tamen
634 1112 771 1172 maximo
792 1115 871 1172 circa
894 1113 1019 1191 Syrtes,
1051 1111 1137 1172 unde
1160 1111 1267 1172 minor
1286 1109 1361 1166 dicta

337 1223 433 1286 etiarn
448 1217 491 1280 est
504 1211 734 1295 Λωτοφαγῖτις
754 1212 912 1290 (Eullath.
929 1213 967 1273 ad
983 1209 1115 1291 Dionys.
1132 1233 1165 1274 v.
1187 1209 1286 1289 193.)
1307 1226 1361 1267 000

338 1323 419 1384 ultre
444 1317 672 1379 Philaenorum
694 1331 768 1374 arae
792 1327 959 1395 promotos
985 1313 1097 1376 videri.
1149 1311 1251 1398 igitur
1275 1309 1307 1370 0.
1330 1309 1361 1368 in

339 1432 439 1485 tractu
461 1414 673 1497 Tripolitano.

414 1567 633 1647 Phycunta
641 1561 660 1646 )
700 1561 754 1625 Gr.
772 1559 902 1639 Φυκοῦς
918 1575 1076 1627 contracte
1092 1583 1130 1626 ex
1150 1557 1293 1646 φυκόεις.
1316 1559 1362 1620 eni

339 1670 420 1732 olim
431 1668 576 1728 additum
592 1661 681 1725 inille
700 1663 811 1750 χῶρος
827 1665 920 1728 docet
931 1665 1061 1728 Grotiue
1074 1667 1112 1726 ad
1127 1667 1244 1726 Lucan.
1262 1683 1293 1743 9.
1308 1671 1360 1742 40.

339 1768 601 1834 Promontorinm
623 1767 720 1826 etiam
743 1777 836 1826 vocat
857 1765 982 1829 Pliniut
1004 1778 1035 1843 5,
1053 1777 1088 1843 5.
1107 1763 1179 1846 04.
1208 1767 1291 1846 qnod
1314 1779 1362 1843 per

341 1869 504 1934 Creticum
528 1885 614 1928 rnare
638 1879 792 1929 excurrat.
844 1869 936 1928 idem
963 1886 1036 1928 cum
1057 1867 1126 1930 aliie
1147 1869 1182 1928 in
1201 1864 1362 1946 Cyrenaica

341 1970 454 2054 ponit,
480 1982 512 2028 et
528 1966 640 2028 diserte
657 1967 853 2047 Cyrenarum
876 1970 1132 2050 promontorium
1153 1981 1248 2030 vocet
1262 1977 1293 2045 4,
1311 1979 1361 2022 00.

342 2069 366 2132 1.
387 2086 440 2132 re.
468 2087 540 2128 cnm
562 2067 715 2130 Strabone
735 2081 767 2146 8.
788 2089 820 2150 p.
842 2083 924 2146 050.
942 2067 963 2130 l.
981 2069 1064 2147 363.
1117 2069 1251 2130 Videtur
1271 2063 1362 2126 noster

344 2171 415 2234 eine
435 2169 633 2228 mentionem
654 2169 706 2228 hic
726 2167 859 2230 inserere
881 2183 1010 2251 propter
1031 2169 1291 2254 Lotophagornm
1313 2178 1361 2221 ter·

344 2273 459 2334 minoe.
512 2268 695 2330 Ptolemaeo
721 2279 756 2351 4,
781 2280 815 2349 4.
843 2284 1001 2352 praeterea
1028 2267 1236 2356 011χωρίον,
1272 2267 1362 2345 liern-

343 2369 441 2438 ναίων
474 2365 620 2438 ἐπίνειον,
662 2371 716 2431 etsr
746 2371 912 2450 posteriue,
954 2371 1040 2452 quud
1066 2391 1104 2432 ex
1135 2372 1289 2432 Strabone
1315 2376 1360 2430 17·

343 2495 378 2558 p.
395 2483 478 2549 575.
493 2467 514 2532 1.
527 2481 611 2548 887.
632 2473 775 2552 adparet,
799 2471 837 2531 acl
858 2472 1036 2552 proximam
1051 2472 1253 2553 Apolloniam
1269 2465 1362 2550 potius

344 2573 473 2636 videtur
486 2569 688 2631 referendum
706 2569 775 2632 elle.
809 2573 928 2651 Scylaci
946 2593 975 2653 p.
991 2575 1051 2652 46.
1071 2571 1169 2633 Hutll.
1187 2573 1230 2634 ell
1244 2565 1360 2636 allen,

343 2672 508 2756 Stephano
523 2671 599 2732 urbe
617 2671 750 2750 Libyae.
776 2687 808 2732 et
828 2674 922 2733 novit
941 2673 975 2733 iu
997 2675 1221 2756 promontorio
1242 2673 1300 2732 000
1315 2683 1360 2728 rre-

346 2771 475 2858 λίχνων
495 2773 639 2833 eiusdem
659 2775 799 2834 nominis
820 2773 942 2834 Strabo.
997 2775 1087 2846 ldem
1106 2775 1228 2834 humile
1251 2769 1360 2830 diciret

346 2876 386 2936 erl
417 2873 675 2955 septemtrionem
708 2875 844 2936 maxime
878 2893 1023 2958 vergens.
1076 2871 1126 2937 ef.
1152 2876 1246 2936 etiem
1271 2867 1358 2932 Solio·

346 2995 414 3058 cap.
433 2989 489 3052 80.
513 2971 534 3036 1.
553 2989 609 3048 07.
654 2974 784 3035 Nomen
806 2996 823 3036 a
844 2977 932 3056 copia
955 2976 1041 3062 algae
1064 2977 1203 3036 inditum
1227 2969 1359 3034 creditur.

345 3089 384 3138 ut
411 3073 518 3136 insulis
540 3075 728 3156 qnibnetlam
754 3075 871 3156 Libyae
892 3075 975 3156 apud
1002 3076 1212 3158 Stephanum.
1262 3067 1363 3132 Nautis¹

347 3177 464 3240 elicitur
483 3175 514 3236 0.
535 3176 626 3254 Cnpo
644 3167 788 3266 linsato.
814 3197 1003 3259 quamquem
1022 3177 1118 3257 aliqui
1139 3177 1268 3238 ulterius
1287 3165 1360 3230 verit)

347 3279 447 3342 morlo
463 3290 627 3358 quaerunt.
662 3275 713 3340 Cf.
732 3277 861 3340 Ferrarii
877 3278 953 3340 Lex.
971 3277 1087 3362 Geogr.
1105 3277 1136 3341 0.
1153 3298 1186 3340 v.

316 3489 319 3496 ,
424 3427 633 3518 pertinet)
683 3427 822 3489 Verbum
853 3429 980 3510 proprie
1007 3427 1275 3512 Geographicum.
1304 3426 1358 3496 (1¹¹⁰

350 3526 473 3610 saepius
490 3531 591 3588 utitur
605 3529 700 3599 Melo,
718 3544 750 3590 et
765 3530 816 3590 alii
831 3525 947 3600 Latini,
963 3549 1019 3610 pro
1035 3547 1098 3609 quo
1114 3530 1223 3613 vulgo,
1244 3523 1289 3585 led
1306 3517 1358 3574 bar·

351 3627 443 3700 bare,
483 3630 630 3691 videmus
652 3632 712 3691 dici
740 3632 921 3711 pertingere.
967 3649 990 3690 ι.
1020 3649 1216 3692 00000000
1240 3621 1307 3688 MS·
1333 3631 1357 3670 ¹·

351 3729 403 3791 De
425 3729 586 3811 polleriori
612 3731 711 3792 verbo
734 3733 862 3791 monuit
889 3731 984 3791 etiarn
1008 3732 1035 3793 1.
1063 3731 1113 3792 Fr.
1137 3725 1310 3792 Gronovius
1325 3707 1357 3772 nd

352 3829 424 3890 Liv.
448 3841 503 3906 25.
522 3840 578 3910 04.
597 3846 631 3906 7.
659 3831 715 3891 ubi
731 3832 815 3892 idem
830 3844 863 3892 et
877 3829 1154 3892 Drakenborclriue
1170 3815 1357 3900 00000181ῐο·

352 3931 396 3992 rie
415 3927 506 3990 ulum
522 3933 756 4000 confirmarunt.
779 3945 814 3991 nt
830 3947 863 3994 et
877 3933 963 3993 idem
979 3932 1121 3996 Gronov.
1139 3934 1177 3994 erl
1195 3923 1287 3994 Plauti
1301 3909 1356 3978 mil·

352 4031 434 4115 glor.
456 4048 486 4100 0,
502 4044 535 4107 8,
555 4043 613 4109 58.
640 4046 673 4094 et
692 4029 796 4094 Davil.
814 4035 851 4094 etl
871 4033 931 4094 lul.
950 4031 1037 4095 Cael.
1054 4035 1093 4094 de
1109 4033 1147 4096 B.
1167 4033 1243 4094 Gall.
1258 4011 1357 4092 12105·

353 4131 402 4196 lte
417 4150 494 4196 vero
509 4131 611 4196 noller
627 4153 657 4208 ι,
675 4147 707 4214 5,
719 4145 755 4217 4.
774 4153 828 4198 ιο.
841 4133 886 4197 10.
911 4149 944 4206 0,
964 4155 993 4208 r,
1012 4153 1042 4199 1.
1067 4147 1099 4215 8,
1115 4149 1149 4208 7.
1163 4137 1208 4198 in.
1238 4131 1273 4192 ln
1285 4109 1358 4180 libri·
