2922 4958
173 421 229 480 IN
255 419 393 478 POMP.
425 419 532 486 HEL.
574 421 610 478 L.
632 421 657 476 1.
700 419 833 478 c.x1x.
875 419 975 490 has.
1023 417 1099 480 'dit

41 595 144 656 derat
165 581 408 664 Eratoslbenea,
435 591 509 654 telle
523 591 680 656 Strabone
702 613 756 656 tt.
779 613 852 677 pag.
871 601 955 674 345.
972 591 994 657 s.
1010 603 1099 674 497.

40 717 61 757 a
88 693 215 778 Caspiie
236 693 334 766 sorte,
366 707 404 754 ut
426 695 555 775 quidam
576 695 708 764 volunt,
742 697 858 775 portia,
887 715 967 776 quae
989 709 1099 759 tamen

40 797 130 858 hinc
165 797 262 860 nimie
295 809 437 858 remotae
465 793 552 866 sunt,
594 795 616 856 si
645 793 801 858 Caucasus
832 815 849 856 a
878 795 1035 882 Colchide
1059 799 1099 858 ad
1158 821 1160 826 ¹

41 897 207 980 Caspium
226 917 313 958 mare
329 896 524 959 extenditur.
576 897 613 956 ln
635 897 733 978 priori
753 896 826 958 loco
843 897 1098 960 Eratostheneaa

40 997 260 1061 Dioscuriade
281 1001 422 1058 removit
439 1010 459 1074 5
478 999 602 1060 dierum
620 997 751 1068 itinere,
780 999 982 1078 Hipparchus
1001 1017 1095 1064 tooo

39 1101 158 1164 lladiie
181 1101 204 1162 i.
228 1119 263 1162 ο.
284 1113 327 1178 51
349 1099 526 1160 uriliaribur
549 1098 755 1160 Germanicia.
808 1100 1011 1162 demultum
1035 1101 1098 1162 dia·

42 1214 162 1282 crepat
187 1201 390 1262 Ptolemaeus
410 1212 445 1276 5,
473 1213 529 1276 15.
568 1201 624 1280 qui
649 1198 799 1282 Caspium
821 1215 970 1262 montem
1002 1203 1098 1284 ponit

39 1301 136 1364 inter
151 1302 337 1364 Armeniam
352 1305 507 1363 maiorem
528 1313 560 1362 et
582 1299 743 1370 Mediam,
774 1315 806 1362 et
822 1302 862 1363 ad
883 1303 1016 1386 gradum
1032 1314 1095 1382 42.

40 1403 199 1466 extendit
213 1401 298 1464 haud
313 1402 423 1490 procul
438 1401 477 1463 ab
491 1402 655 1464 Artaxatis.
696 1401 793 1484 Quod
811 1401 923 1465 Strabo
940 1423 956 1464 a
974 1401 1094 1486 Caspiie

40 1505 178 1567 derivat
193 1523 325 1574 nornen,
351 1503 390 1564 ad
408 1503 547 1586 populor
565 1502 769 1566 commodine
784 1500 894 1566 referri
915 1505 1026 1588 potest,
1053 1507 1094 1570 de

40 1605 169 1688 quibua
188 1605 226 1666 ad
244 1619 277 1685 5,
295 1615 328 1681 5,
347 1611 382 1686 4.

132 1705 363 1786 Coraxici)
413 1704 519 1768 Modo
539 1704 574 1766 in
598 1703 759 1790 srngulari,
794 1707 894 1770 modo
919 1707 953 1768 in
979 1707 1093 1788 plurali

40 1807 239 1871 efferuntur.
277 1805 337 1868 lllo
350 1825 368 1868 a
381 1805 490 1868 Plinio
506 1817 538 1884 5,
557 1821 615 1880 27.
639 1821 672 1868 et
689 1805 755 1888 ipso
773 1807 858 1869 Mela
875 1822 908 1884 5,
925 1821 957 1886 5,
975 1811 1007 1871 6.
1029 1811 1093 1872 hoc

40 1909 192 1972 ePlinio
210 1909 243 1979 6,
264 1927 321 1972 to,
345 1905 507 1986 15.s.15.·
541 1906 670 1970 Nomen
688 1907 991 1978 babentaCoraxia,
1011 1931 1092 1990 quoe
1211 1963 1215 1972 .

39 2012 145 2092 ponit
165 2009 234 2092 poll
256 2008 444 2070 Heniochae
459 2007 569 2087 Scylax
591 2028 661 2092 pag.
678 2021 737 2086 31.
753 2007 852 2072 Huds.
888 2009 937 2073 Cs.
956 2025 989 2072 et
1005 2012 1091 2074 lisele

40 2113 80 2172 in
92 2110 145 2196 sq.
190 2110 285 2172 Unde
303 2109 511 2192 intelligitur,
538 2127 593 2172 cur
614 2110 748 2172 iidemu
769 2111 875 2172 Plinio
891 2112 924 2182 6,
947 2133 1000 2174 ro.
1024 2111 1090 2174 Hc·

39 2212 174 2274 nioclrr'i
194 2212 292 2273 etiarn
317 2211 526 2291 adpellentur.
578 2210 658 2270 lude
684 2223 717 2272 et
748 2209 821 2272 sttue
846 2213 942 2294 ipsius
968 2217 1090 2278 rnontse

39 2311 125 2376 disci
148 2310 266 2396 potest,
293 2307 383 2392 supra
400 2309 655 2378 Dioscuriadem,
685 2331 766 2391 qnae
784 2311 858 2374 urba
878 2329 944 2376 erat
962 2314 996 2374 in
1012 2315 1091 2376 dni·

40 2413 109 2476 bue
128 2413 395 2482 Heniochorum,
417 2425 455 2472 ut
469 2409 551 2472 infra
573 2411 720 2472 adfirmat
738 2410 861 2475 Noster.
901 2415 990 2476 Turn
1010 2433 1088 2480 vero

38 2517 136 2578 idem
153 2514 197 2576 eil
213 2500 330 2600 Κόραξ
352 2504 426 2600 ὅρος
446 2513 624 2575 Ptolemaei
640 2523 672 2588 5,
693 2529 728 2592 9.
752 2515 785 2574 in
804 2513 868 2576 hoc
888 2528 990 2576 tractu
1011 2518 1090 2598 post·

38 2630 129 2678 tum.
178 2613 292 2698 Neque
315 2627 427 2676 tamen
449 2613 490 2674 sic
515 2613 669 2694 expedita·
684 2633 733 2675 ree
756 2613 809 2678 est.
854 2616 893 2676 ln
916 2617 977 2678 illia
1000 2620 1088 2682 enim

39 2715 217 2780 montibua
244 2715 323 2794 Cyri
348 2711 384 2775 n.
410 2712 516 2776 sontee
542 2715 688 2794 aperiunt
712 2729 873 2786 auctores,
908 2733 944 2778 ut
974 2718 1089 2781 Nosler

39 2816 130 2879 infra
150 2831 184 2896 5,
201 2829 235 2894 5,
254 2817 289 2880 6.
320 2813 454 2886 Plin.6,
483 2834 537 2877 ro.
559 2826 592 2876 et
613 2828 666 2891 15.
688 2812 709 2876 l.
734 2831 787 2890 ¹3·
841 2819 878 2876 ln
899 2837 962 2897 quo
983 2820 1005 2880 li
1026 2821 1088 2882 alia

41 2937 291 3000 comparemue,
318 2913 475 2978 enascitur
490 2913 668 2978 difficultas.
721 2917 770 2974 Ex
791 2916 845 2976 illo
861 2919 949 2978 euim
965 2919 1087 2984 Corace

39 3021 227 3084 Ptolemaei
243 3017 352 3078 nullus
370 3016 482 3079 exsiliit
498 3017 560 3078 boc
575 3015 707 3076 nornine
725 3014 852 3084 fluviae,
875 3031 918 3087 et,
939 3021 994 3099 qui
1010 3021 1086 3084 iude

40 3122 228 3190 deducitur,
255 3119 361 3182 Corax
378 3118 507 3187 fluviue,
532 3115 623 3198 supra
640 3114 879 3177 Dioscuriadem
894 3119 926 3178 in
942 3121 1087 3184 Pontum

40 3221 167 3290 eslluit,
200 3240 274 3282 cum
297 3219 400 3298 Cyrue
423 3217 571 3280 aNoslro
588 3230 620 3294 5,
640 3229 671 3293 5,
690 3219 723 3280 6.
748 3237 804 3298 per
822 3217 927 3280 lberae
951 3235 982 3282 et
1004 3223 1085 3300 Hyr-

7 3315 15 3332 *
40 3341 140 3384 canoa
162 3324 198 3382 in
221 3321 411 3400 Hyrcanum
438 3318 541 3380 sanum
563 3319 743 3386 emittatur,
771 3317 911 3380 aPlinio
933 3340 959 3384 c.
978 3341 1005 3383 c.
1024 3324 1045 3385 l.
1061 3324 1083 3387 l.

39 3426 77 3486 in
95 3443 189 3484 mare
205 3420 374 3502 Caspium,
401 3420 488 3500 quod
512 3420 552 3480 ad
575 3421 660 3478 idem
677 3418 812 3480 omnino
832 3420 926 3483 redit.
970 3421 1083 3504 Neque
1118 3461 1122 3468 ·

39 3539 153 3586 tamen
178 3521 305 3585 diverso
327 3519 413 3582 sensu
438 3534 470 3582 et
491 3518 546 3580 usu
571 3521 656 3579 idem
682 3537 800 3579 nomen
824 3534 907 3583 recte
931 3523 1083 3588 adhibere

39 3626 130 3689 Mela
152 3624 272 3706 putuit.
325 3621 400 3700 Cyri
423 3623 520 3704 igitur
543 3621 650 3700 quaeri
674 3619 792 3680 debent
808 3617 923 3692 sontes,
948 3641 985 3685 ut
1003 3623 1084 3706 ipso·

38 3747 111 3789 rum
149 3726 316 3788 montium
350 3723 479 3783 illorum
510 3721 584 3782 sttua
618 3718 837 3802 cognoscatur.
901 3725 971 3784 lant
1003 3747 1081 3790 vero

37 3828 156 3892 Strabo
179 3847 234 3887 tr.
256 3845 288 3906 p.
307 3835 390 3905 544.
408 3821 429 3884 s.
447 3835 529 3899 5oo.
554 3822 628 3882 oriri
646 3821 767 3899 Cyrum
784 3821 861 3884 dicit
877 3825 910 3883 in
929 3827 1081 3888 Annenia

37 3943 71 3992 et
89 3947 150 4014 per
175 3926 346 3988 Albaniam
370 3925 403 3984 in
429 3921 579 4004 Caspium
604 3941 691 3982 mare
711 3919 812 3992 elabi,
844 3943 917 3984 cum
941 3926 973 3986 in
991 3927 1081 3990 cursu

36 4031 243 4094 Arrabonem
267 4046 306 4088 ex
328 4023 469 4087 Caucaso
493 4021 618 4084 missum
648 4023 823 4102 exceperit.
861 4025 1022 4091 Plutarch.
1045 4031 1081 4092 in

35 4131 198 4214 Pompeio
220 4149 247 4190 c.
270 4137 328 4206 34.
352 4126 423 4202 (ubi
443 4115 568 4212 Κύρνος
583 4125 728 4200 vocatur)
751 4142 790 4182 ex
812 4121 940 4188 lbcricia
961 4131 1079 4192 monti·

36 4235 95 4298 bue
118 4251 199 4298 eum
221 4228 361 4298 deducit,
391 4244 431 4289 ex
455 4223 596 4290 Caucaso
615 4237 728 4288 munte
743 4223 949 4291 Ptolemaeua
966 4241 999 4308 5,
1022 4251 1077 4296 re.
