2828 4966
348 457 390 524 54
620 445 781 504 rto‘rtn
822 446 1124 502 nxnonrrctn

350 622 401 684 lus
416 617 536 703 paffim.
557 619 612 702 qni
625 617 686 680 tuit
699 620 857 705 Pergami.
889 619 961 681 vid.
979 619 1015 680 ad
1032 621 1168 701 Eutrop.
1180 626 1213 700 4,
1230 619 1263 682 6.
1281 627 1320 695 4.
1344 642 1359 678 ι
1377 632 1388 696 ξ

353 721 422 786 tna
450 725 552 783 maior
573 735 605 783 et
627 723 734 784 minor
761 721 926 806 posteriori
952 735 1096 803 tempore
1119 719 1212 780 ulum
1237 720 1385 781 obtinui

354 825 411 888 etsi
426 827 463 884 arl
478 823 654 903 antiquiora
669 835 811 904 temporo
825 843 865 884 ex
885 822 1005 884 actibus
1025 821 1155 904 apostol.
1177 839 1231 900 ¹9·
1251 835 1313 900 δι.
1343 843 1388 882 m

353 945 416 988 nuo
439 925 644 1007 probabiliter
667 921 783 986 referre
803 926 892 986 malit
909 924 1106 986 Conllantin.
1128 923 1335 1005 I’orplryrog.
1370 925 1388 982 ε’

354 1026 455 1088 them.
479 1048 507 1097 r,
532 1039 564 1104 5.
617 1025 685 1088 Alia
707 1043 801 1106 porro
823 1025 935 1086 divisio
957 1026 1058 1086 civilia
1080 1021 1158 1094 fnit,
1185 1025 1243 1084 alia
1266 1043 1386 1108 geogr

355 1127 460 1210 phica.
497 1127 560 1190 Sed
576 1141 704 1188 revocat
721 1126 806 1188 lllela
821 1129 858 1188 ad
883 1129 1007 1188 tertiam
1026 1141 1124 1188 terrae
1140 1139 1272 1206 partem,
1299 1145 1388 1206 quar

356 1228 473 1291 eodem
487 1229 587 1290 modo
604 1228 887 1290 definieruntPlin.
901 1229 934 1299 6,
950 1237 1003 1307 ¹4·
1015 1225 1036 1290 l.
1053 1249 1064 1287 r
1074 1242 1107 1304 3.
1125 1239 1158 1286 et
1168 1225 1296 1288 Orosius
1319 1249 1352 1298 r,
1379 1247 1388 1288 t

431 1393 605 1478 longit)
654 1397 676 1459 i.
697 1416 726 1458 e.
755 1396 874 1467 adluit,
907 1409 946 1456 ut
967 1419 995 1463 1.
1027 1413 1082 1474 19,
1112 1396 1166 1458 16.
1189 1395 1296 1464 lacus,
1334 1417 1388 1478 qn

356 1510 458 1562 cenas
478 1499 597 1578 tangit.
631 1497 694 1559 Pro
709 1516 749 1559 eo
771 1521 800 1568 ι,
819 1510 851 1574 5.
870 1498 915 1560 in.
937 1491 1127 1576 contingere.
1170 1497 1277 1578 Quare
1298 1499 1388 1558 etiar

356 1599 546 1662 Ciacconius
577 1597 753 1680 improbat,
785 1597 890 1660 nescio
918 1617 1015 1679 quot,
1049 1598 1103 1678 qui
1135 1596 1189 1656 bic
1214 1597 1388 1659 maluernr

355 1702 470 1780 cingit.
523 1699 608 1760 lllud
632 1700 789 1762 etiamen
812 1697 878 1780 ipso
902 1719 988 1760 nexu
1012 1699 1065 1758 hic
1086 1697 1129 1758 est
1148 1699 1251 1780 magio
1273 1699 1388 1760 accon

294 1799 296 1806 ’
354 1801 534 1864 modatum.
571 1800 702 1884 Saepius
726 1813 835 1864 tamen
860 1797 965 1885 ipsunt
987 1799 1154 1882 proprium
1176 1798 1317 1860 verbum
1345 1823 1388 1862 aa

354 1901 438 1964 lucre
461 1902 564 1984 ponit.

434 2073 475 2133 it
491 2093 512 2133 a
530 2069 606 2154 -)
655 2069 804 2133 Notanda
836 2071 961 2154 elegant
989 2069 1152 2132 conversio
1178 2089 1236 2150 pro
1261 2067 1388 2152 limplir

354 2169 458 2235 forma
478 2185 511 2234 ct
533 2204 582 2221 -
602 2183 635 2234 ct
665 2191 706 2234 ex
731 2187 908 2255 comparata
938 2169 1132 2234 diversarum
1157 2190 1264 2233 rerum
1288 2170 1388 2234 firnil

354 2275 481 2335 tudine.

435 2437 570 2522 Eous)
619 2439 763 2502 Multum
779 2438 893 2501 tribuit
909 2439 962 2502 hic
985 2453 1093 2502 auctor
1110 2440 1230 2502 Graeco
1247 2438 1386 2504 sermon

359 2541 438 2604 dum
459 2543 539 2604 vitat
559 2559 674 2604 vocem
692 2542 883 2612 Orientalis,
910 2561 989 2624 qnae
1010 2545 1120 2623 utique
1142 2545 1174 2602 in
1197 2543 1234 2603 L.
1251 2542 1285 2602 L.
1310 2563 1387 2604 corr

324 2729 327 2736 .
356 2645 454 2706 modo
477 2645 640 2704 derivatur
660 2663 677 2704 a
696 2642 885 2704 substantivo
907 2645 1111 2726 participiali,
1138 2643 1224 2724 quod
1240 2643 1383 2729 adiungi

357 2763 477 2825 nempe
495 2743 632 2808 Oriente.
665 2743 779 2805 Forsan
795 2747 867 2824 qnia
883 2763 970 2804 neca
985 2745 1130 2812 meridie,
1153 2763 1244 2804 neca
1262 2743 1387 2824 lepterr

356 2847 464 2906 trione
479 2845 616 2916 deducit,
642 2845 767 2916 adiecit,
795 2843 845 2907 led
863 2843 996 2905 diversas
1010 2845 1235 2926 appellationes
1251 2844 1294 2903 ibi
1312 2867 1387 2926 prat

251 3003 254 3013 ,
358 2944 416 3006 bet
440 2945 596 3008 Oceanus.
648 2947 701 3008 Sic
721 2945 826 3008 voluit
848 2947 945 3006 etiam
966 2943 1108 3026 respectu
1124 2945 1266 3006 Orientit
1287 2945 1387 3008 dicer

357 3047 468 3130 potina
490 3047 611 3118 Εοιιηι,
643 3066 737 3128 quam
762 3045 970 3116 Orientalem,
1003 3047 1099 3127 idque
1120 3046 1211 3127 plane
1232 3047 1386 3108 mordicu

359 3161 465 3220 tenet,
491 3161 528 3207 ut
543 3159 628 3228 patet
643 3167 683 3210 ex
697 3167 764 3228 cap.
786 3159 842 3224 15.
870 3147 926 3207 ubi
947 3149 1061 3208 maluit
1077 3148 1180 3207 dicere
1195 3146 1267 3206 Ena
1285 3147 1386 3210 litore

359 3267 429 3311 non
448 3247 630 3310 Orientalia.
658 3267 682 3310 1.
701 3267 895 3310 onortovrvs
914 3249 990 3310 MS.
1043 3249 1169 3309 Eodem
1184 3248 1283 3308 modo
1297 3251 1386 3314 etian

359 3349 485 3414 Plinius
499 3351 531 3420 6,
553 3361 606 3428 14.
624 3347 714 3428 [13.
736 3349 825 3410 Eous
840 3369 994 3420 oceanus,-
1025 3369 1078 3418 ιο,
1099 3363 1156 3428 5⁰·
1174 3345 1195 3410 l.
1207 3361 1265 3425 25.
1287 3349 1386 3414 Eonr

360 3465 497 3513 marcet
520 3461 553 3530 5,
579 3466 634 3526 27.
653 3453 728 3512 an
747 3451 860 3520 litora,
890 3451 945 3510 etsr
966 3451 1051 3511 idem
1071 3447 1275 3510 meridianum
1297 3450 1386 3516 Oeen

360 3571 437 3614 nura
457 3551 553 3614 hahet
569 3553 602 3622 6,
619 3565 677 3631 55.
695 3550 715 3612 l.
737 3569 794 3630 29.
819 3563 851 3612 et
865 3541 1153 3642 septemtrionalem
1169 3559 1204 3627 4,
1223 3563 1279 3625 27.
1294 3548 1315 3610 l.
1340 3569 1386 3634 13

360 3649 489 3733 Nempe
510 3653 657 3714 nondum
687 3655 860 3714 invaluerat
883 3651 974 3722 uiue,
1004 3664 1041 3712 ut
1062 3669 1128 3712 vox
1148 3649 1319 3712 Orientalis
1344 3657 1386 3716 nrl

361 3750 541 3824 biberetur,
575 3756 694 3836 quippe
718 3772 798 3836 quae
825 3755 966 3835 primum
992 3753 1130 3815 occurrit
1154 3751 1189 3812 in
1216 3751 1335 3813 lullino
1364 3778 1385 3818 e

359 3851 437 3914 hinc
452 3855 485 3914 lu
502 3855 581 3916 aliia.
619 3855 725 3940 Quare
742 3853 865 3916 Plinius
881 3853 1031 3936 praetulit
1049 3867 1106 3930 37.
1128 3875 1182 3915 ιι.
1198 3849 1218 3914 i.
1240 3871 1270 3914 e.
1296 3853 1385 3917 Ocea

360 3973 435 4014 uum
466 3955 652 4025 exortivum,
686 3968 719 4017 et
747 3977 759 4014 t
769 3969 801 4031 3,
833 3965 893 4032 48.
921 3954 942 4017 l.
971 3967 1027 4032 25.
1057 3953 1195 4016 Orientis
1222 3951 1385 4017 Oceanum

360 4053 509 4115 Attamen
526 4055 606 4115 dixit
622 4057 709 4116 idem
731 4053 898 4133 13.77.l.
918 4065 977 4134 34.
997 4053 1225 4116 Occidentalis.
1265 4055 1385 4138 Nempt

362 4157 440 4220 adeo
458 4156 643 4220 dominetur
658 4155 742 4222 uiua.
781 4156 909 4221 Graecitt
921 4157 965 4220 eli
978 4153 1083 4239 Ἠὤος
1100 4153 1122 4219 l.
1133 4151 1233 4234 'Elios
1252 4157 1304 4219 vel
1317 4155 1383 4247 πρὸ
