2922 4958
281 401 285 418 ,
327 375 392 457 58⁶
597 377 764 438 uorta
805 378 1111 438 nxuoarroae

324 556 412 618 unde
430 553 552 616 Tianua
568 551 724 614 formatur
743 551 777 612 in
794 553 902 614 numia
916 554 1014 614 etiam
1034 554 1182 624 obvium,
1206 552 1262 617 eth
1283 552 1373 619 hiet

323 658 416 728 Τειας
437 656 554 717 habeut
575 669 608 716 et
629 653 783 718 Terovun.
821 653 969 735 (Eckhel
995 657 1028 716 iu
1044 657 1145 717 doctr.
1163 676 1253 717 num.
1277 657 1319 722 P.
1341 679 1371 721 ι.

324 760 396 821 Vol.
409 775 439 820 o.
457 779 488 840 p.
498 755 605 838 438.)
635 753 831 816 Mileliorum
847 757 1005 818 coloniam
1021 776 1096 817 cum
1114 757 1228 819 Nostro
1246 755 1374 821 faciunt

318 861 518 941 Stephanus,
552 859 607 940 qui
634 859 730 918 etiam
758 859 797 918 de
826 858 959 940 nomine
990 871 1120 929 monet,
1156 860 1311 924 Arrianus
1337 863 1372 923 in

322 963 446 1047 periplo
462 983 494 1044 p.
517 969 569 1040 14.
590 957 689 1020 Hudl.
722 958 777 1038 qui
795 957 887 1020 limul
909 951 1007 1023 πόλιν
1027 953 1202 1044 Ἑλληνίδα
1224 957 1373 1048 Ἰωνικὴν

322 1077 428 1134 vocat,
451 1076 488 1124 ut
504 1063 618 1140 Scylax
637 1081 669 1142 p.
686 1065 744 1139 34.
763 1058 864 1124 Huds.
904 1057 1068 1123 Strabouia
1084 1075 1183 1122 aetate
1199 1057 1262 1123 fuit
1278 1067 1374 1147 oppi-

322 1165 450 1234 dulum,
487 1165 572 1246 quod
600 1161 681 1222 nihil
706 1159 866 1222 adferebat
896 1164 1050 1224 memoria
1078 1163 1213 1248 dignum
1240 1183 1371 1246 praeter

322 1267 540 1330 Philetaerum
563 1265 749 1332 alumnum,
780 1265 866 1326 unde
887 1263 1009 1324 Attalici
1031 1284 1121 1348 reges
1142 1285 1245 1349 genua
1267 1271 1371 1330 duxe-

319 1381 406 1431 runt.
459 1367 528 1429 Sub
562 1364 807 1446 imperatoribus
842 1367 882 1427 ll.
909 1363 1045 1427 lloruille
1084 1366 1201 1426 docent
1226 1371 1323 1429 numi
1350 1389 1369 1432 ι

320 1471 510 1532 Domitiano
535 1469 572 1527 ad
600 1467 810 1530 Gordianum.
845 1467 888 1528 H.
916 1465 1031 1539 Tilies,
1065 1465 1366 1550 TiosLNeapolir.

320 1569 497 1656 (Biilcbing
514 1589 545 1653 p.
562 1589 607 1630 m.
631 1572 726 1647 112.)

394 1771 715 1852 Paphlagonum
726 1769 744 1852 )
786 1767 917 1831 Nomen
933 1769 1079 1832 derivant
1096 1787 1113 1832 a
1129 1771 1292 1858 Paphlago
1307 1772 1366 1836 vel

319 1893 336 1936 a
352 1874 577 1957 Paphlagone,
607 1873 646 1933 cle
667 1871 781 1953 quibua
796 1870 836 1934 cf.
853 1873 1049 1954 Stephanus,
1077 1873 1217 1936 Eullatb.
1234 1875 1274 1935 ad
1292 1875 1366 1938 Ho-

319 1996 399 2038 mer.
418 1977 453 2037 ll.
472 1991 503 2044 Ω,
523 1985 606 2052 85¹·
632 1995 663 2056 p.
679 1995 723 2036 m.
741 1988 825 2049 273.
849 1987 881 2033 et
896 1974 934 2033 ad
953 1973 1086 2054 Dionys.
1104 1996 1136 2036 v.
1153 1987 1237 2053 787.
1273 1973 1367 2038 Con·

318 2075 443 2140 stantiu.
458 2077 615 2158 Porpbyr.
633 2077 672 2136 de
690 2075 789 2136 them.
806 2097 834 2143 r,
849 2089 881 2148 7.
909 2073 1057 2138 Bocbart.
1071 2075 1215 2140 inChan.
1232 2091 1286 2148 aa,
1304 2097 1365 2142 ιο.

317 2179 490 2240 Terminus
521 2179 681 2258 utrimque
710 2177 792 2238 Mela
819 2175 980 2237 constituit
1006 2178 1093 2239 Tion
1121 2191 1154 2240 et
1179 2181 1363 2252 Armenena

317 2279 431 2342 Strabo
453 2295 506 2342 ra.
525 2301 555 2362 p.
575 2275 690 2356 3741.
705 2289 777 2358 543
794 2276 834 2358 lq.
877 2276 1075 2340 Conllamin.
1096 2278 1298 2364 Porphyrog.
1319 2279 1361 2342 rle

315 2380 419 2442 theru.
442 2401 470 2451 r,
489 2395 523 2452 7.
548 2381 758 2440 Parthenium
781 2397 813 2438 et
831 2378 947 2456 Halyn,
977 2381 1064 2458 quod
1083 2380 1120 2440 ad
1142 2381 1229 2441 idem
1255 2384 1360 2454 redit;

315 2480 440 2541 Plinius
462 2480 531 2562 post
559 2483 659 2540 Tium
683 2481 758 2541 inde
780 2500 796 2539 a
819 2479 919 2541 fluvio
942 2479 1015 2539 Billi
1038 2463 1179 2558 (Billaeo
1200 2481 1292 2560 aliie)
1319 2481 1360 2543 ad

315 2581 498 2642 Euarchum
517 2579 552 2643 fl.
576 2581 793 2662 Cappadociae
815 2583 1069 2664 conterminum,
1095 2583 1127 2642 in
1144 2601 1208 2664 quo
1227 2581 1359 2645 consen·

315 2683 402 2744 tiunt
423 2683 520 2742 etiam
546 2681 695 2743 Marciae.
728 2681 851 2743 Herarl.
875 2703 907 2763 p.
926 2696 984 2758 73.
1003 2680 1102 2745 fluat.
1127 2698 1158 2744 et
1181 2683 1359 2766 Menippua

314 2784 396 2863 apud
420 2783 617 2863 Stephanum
637 2781 656 2844 l.
680 2804 712 2845 v.
738 2779 974 2866 Καππαδοκία.
1018 2785 1161 2865 Sinopen
1183 2785 1359 2869 Paphlago·

314 2885 386 2946 uiae
401 2888 453 2944 dat
470 2883 653 2967 Xenophon
670 2885 709 2946 de
729 2886 842 2966 exped.
859 2884 892 2954 6,
915 2903 943 2954 t,
959 2903 994 2964 9.
1033 2885 1205 2965 Bithyniae
1217 2901 1250 2946 et
1265 2887 1358 2948 Gala·

312 2987 376 3047 tiae
400 2985 553 3046 adtribuit
574 2987 709 3048 omnino
732 2986 869 3047 Ptolem.
887 2997 921 3060 5,
946 3007 974 3046 ι.
992 2999 1025 3046 et
1049 2987 1082 3049 6.
1127 2987 1252 3068 Nempe
1276 2989 1359 3048 varii

312 3089 402 3148 vario
429 3101 573 3168 tempore
600 3083 729 3148 fuerunt
753 3088 821 3148 eiua
845 3087 992 3156 termini,
1026 3087 1067 3147 de
1090 3089 1206 3168 quibua
1228 3085 1358 3152 dialerit

311 3204 436 3271 praeter
458 3187 664 3272 Geographoe
688 3188 812 3249 Politua
834 3187 870 3247 ad
894 3187 1095 3248 Eullathium
1115 3189 1148 3249 in
1173 3189 1357 3253 Homerum

310 3289 409 3350 Τοῖα.
428 3305 461 3351 a.
476 3309 508 3370 p.
527 3303 611 3367 787.
645 3289 728 3349 Mela
745 3289 921 3368 antiquiora
938 3287 1078 3352 lectatur.
1123 3292 1222 3351 Tium
1241 3304 1357 3356 autem

310 3389 546 3472 Paphlagoniae
570 3409 644 3452 curn
668 3389 915 3462 Nostro,.,tribuit
936 3392 1033 3453 etiam
1054 3391 1249 3476 Stephanae,
1282 3391 1356 3456 Ma·

310 3491 474 3569 riandyuia
499 3491 636 3554 Plinius.

392 3689 635 3774 Cup-rambis)
686 3693 742 3756 Gr.
757 3686 946 3780 Κάραμβις,
971 3693 1079 3756 addito
1097 3686 1196 3782 ἄκρα,
1219 3695 1352 3774 (Strabo

316 3811 371 3858 ro.
394 3814 428 3875 p.
452 3807 536 3870 575.
553 3791 574 3856 l.
593 3805 677 3872 545.
713 3795 851 3856 Ptolem.
873 3807 903 3871 5,
930 3796 964 3858 6.
999 3795 1178 3857 Marcianus
1199 3817 1269 3882 pag.
1290 3813 1354 3874 72.

309 3893 408 3958 Huds.
426 3897 497 3970 -)
523 3889 748 3981 liopuplhoniy
776 3889 876 3981 ἄκρη,
905 3895 1074 3977 (Orpheus
1100 3919 1132 3958 v.
1163 3903 1268 3978 733.)
1296 3901 1353 3962 vel

310 3991 522 4082 ἀκρωτήριον.
549 3996 720 4074 (Marcion.
744 4017 813 4081 pag.
833 4000 912 4073 71.)
956 3993 1118 4083 Μεγάλην
1135 3989 1240 4086 ἄκραν
1257 4013 1355 4063 vocat

307 4096 433 4170 Strabo,
460 4093 660 4188 ἀκρωτήριον
677 4087 814 4189 habaida
832 4091 887 4163 nai
906 4095 993 4189 phpa
1007 4099 1208 4174 Marcianus,
1233 4093 1354 4189 ἢλίβα-
