2764 4954
285 365 350 437 342
556 353 721 422 uotae
761 357 1068 419 axacnrrcaa

289 535 386 618 gitur,
408 543 447 595 ut
468 531 533 595 hic.
568 531 694 594 Iudaea
708 528 893 624 Pnlacflino
914 532 948 594 in
973 531 1063 596 iulcr.
1081 531 1168 618 apud
1185 531 1325 596 Gadium

289 655 324 720 p.
345 635 425 706 116,
443 645 478 715 4.
503 633 592 716 quod
616 631 759 706 Euiebii‚
786 635 1048 714 Hieronymi-
1075 635 1275 718 temporibus
1294 637 1327 696 in

292 733 351 797 ulra
366 733 455 797 fuiffc
470 736 564 802 docet
585 735 683 811 index
702 755 735 817 p.
754 748 814 814 51.
864 734 951 796 Hinc
967 754 1045 798 vero
1063 738 1197 798 termini
1212 736 1328 798 varian-

290 849 355 906 tur,
376 849 413 897 ut
427 833 558 897 inirain
578 835 710 898 urbibua
724 835 940 900 declarabitur.
975 837 1095 899 Latiori
1109 835 1203 900 lenlu
1217 832 1329 898 inclula

289 951 360 998 crat
385 938 490 1016 Syria.
516 935 627 998 Arabia
649 948 682 998 et
704 937 784 998 mari
810 937 949 1000 interno.
1000 938 1100 1022 Quod
1125 937 1329 1000 Pancoinam

288 1037 422 1102 Arabiae
443 1051 537 1101 vocat
558 1037 693 1100 Diodor.
713 1049 746 1116 3,
769 1047 829 1118 42.
864 1057 904 1100 ea
925 1037 1036 1101 vitiosa
1057 1038 1236 1102 verborum
1259 1055 1330 1098 con·

291 1139 459 1202 iunctione
479 1152 587 1201 ortum
608 1139 745 1201 videtur.
797 1137 870 1201 Pon
892 1140 979 1202 enim
1002 1140 1135 1201 demum
1160 1137 1330 1202 Palaestina

289 1241 328 1303 in
354 1252 373 1318 3
397 1253 498 1322 parter
522 1237 566 1302 est
588 1237 703 1312 divisa,
736 1257 874 1322 quarum
903 1241 995 1301 tertia
1025 1239 1158 1303 Arabiae
1185 1240 1330 1302 Petraeae

290 1340 387 1402 urbea
408 1339 691 1422 complectebatur.
715 1341 764 1400 uti
780 1340 959 1402 docuerunt
974 1341 1135 1404 llelanduc
1151 1341 1188 1402 in
1206 1337 1331 1404 Palacll.

298 1463 330 1510 a.
350 1451 408 1523 34.
433 1461 464 1522 p.
482 1461 527 1504 rn.
549 1439 696 1522 152sqq.
731 1439 893 1504 Bachiene
914 1442 955 1507 T.
976 1458 1008 1506 ι.
1028 1441 1066 1506 Ρ.
1082 1455 1115 1520 3.
1136 1463 1171 1525 p.
1186 1441 1275 1523 426.
1300 1449 1332 1500 et

284 1541 475 1629 'Wellelinp
490 1542 530 1603 ad
544 1541 681 1606 Diodor.
695 1561 723 1605 c.
737 1541 760 1608 l.
781 1555 814 1604 et
829 1542 1014 1606 Hieroclem
1029 1563 1061 1628 p.
1076 1557 1165 1621 721.

367 1741 593 1827 Phoenice)
641 1743 715 1808 vid.
741 1744 889 1830 proximo
916 1745 1030 1830 capite.

366 1945 614 2028 committit)
645 1948 671 2010 l.
686 1967 715 2012 e.
730 1949 947 2033 coniungitur.
964 1959 1001 2009 ut
1013 1943 1078 2030 iple
1093 1945 1132 2008 ad
1146 1942 1331 2008 variandam

293 2049 473 2111 orationem
489 2050 529 2111 de
544 2049 655 2111 eadem
669 2067 704 2111 re
719 2064 855 2132 utroque
872 2049 973 2110 utitur
990 2059 1021 2120 a,
1043 2069 1072 2118 ι,
1087 2057 1123 2130 4.
1140 2053 1228 2126 et'5.
1255 2045 1332 2108 Cur·

291 2149 357 2210 tine
373 2163 404 2229 5.
419 2167 448 2220 a.
464 2165 520 2228 13.
537 2148 675 2234 obponit
692 2149 842 2220 dividere.
864 2163 896 2212 et
911 2149 952 2211 fic
965 2149 1048 2231 apud
1061 2148 1206 2212 eundem
1220 2140 1330 2231 pallam

291 2253 458 2330 reperitnr.
479 2252 565 2320 ¹Viri.
585 2252 701 2314 savaro
718 2251 757 2312 ad
779 2251 890 2313 Sirion.
910 2250 1084 2332 Apollinar.
1100 2268 1200 2310 carm.
1218 2263 1252 2318 a,
1270 2235 1329 2327 47.

292 2347 356 2412 Pro
371 2369 410 2413 eo
427 2351 551 2414 Pliniue
567 2363 600 2428 5,
623 2365 677 2430 23.
694 2349 715 2414 l.
738 2366 794 2415 ra.
818 2351 912 2413 dicit:
939 2349 996 2412 ubi
1012 2347 1158 2414 Ciliciam
1172 2347 1329 2428 adtingit.

364 2550 622 2634 Antiochia)
673 2551 729 2616 Gr.
748 2545 943 2637 Avrao'xem
971 2551 1077 2613 Latini
1096 2551 1215 2623 etiam,
1240 2562 1277 2612 ut
1296 2546 1329 2606 in

290 2647 343 2713 hie
361 2649 448 2724 [olet.
472 2653 657 2715 Antiochea.
700 2653 808 2733 Syriae
825 2667 947 2736 partem
961 2673 1036 2714 cum
1053 2652 1159 2715 nollro
1182 2673 1213 2724 r,
1235 2665 1290 2712 aa.
1305 2643 1329 2708 f·

291 2749 367 2814 facit
386 2755 482 2816 etiam
502 2753 626 2817 Plinius
642 2765 674 2832 5.
695 2769 750 2835 23.
767 2753 789 2818 l.
808 2770 862 2818 aa.
886 2767 918 2817 ct
934 2765 968 2832 5.
990 2765 1043 2832 aa.
1062 2751 1084 2816 l.
1101 2769 1160 2816 aa.
1183 2768 1328 2834 promon-

290 2854 408 2916 torium
426 2856 535 2937 Syriae
550 2856 736 2918 Antiochiae
750 2869 918 2918 memoret.
956 2853 1205 2917 Dubitationem
1220 2866 1328 2914 tameo

289 2958 396 3018 movit
416 2956 541 3020 Salmas.
562 2957 600 3018 ad
623 2957 723 3020 Solio.
743 2977 775 3039 p.
792 2977 838 3020 m.
855 2955 939 3036 366.
961 2955 1135 3037 errorisque
1156 2975 1226 3018 non
1246 2949 1327 3012 levia

290 3070 325 3118 et
346 3056 495 3120 Nostrum
511 3073 543 3122 et
557 3057 703 3120 Plinium
725 3056 891 3121 incusavit.
941 3055 1068 3141 Nempe
1088 3055 1185 3127 Mela.
1212 3053 1326 3134 inquit.

290 3175 364 3218 curn
397 3157 516 3243 legillet
547 3152 751 3244 Ἀντιόχειαν
784 3155 927 3246 Συρίαν,
964 3177 1043 3240 quae
1081 3157 1254 3219 Antiochia
1284 3147 1326 3212 est

291 3273 511 3344 cognomento
524 3261 648 3339 Syriae,
674 3261 782 3340 Syriae
792 3261 927 3341 aliquam
943 3272 1064 3342 partem
1078 3257 1120 3320 lic
1132 3258 1252 3319 dictam
1267 3248 1325 3315 elle

189 3381 191 3389 ⁸
290 3362 430 3440 putavit.
481 3361 603 3424 Similia
627 3361 723 3422 etiam
742 3359 843 3422 aellert
866 3360 1027 3442 exempla,
1052 3379 1086 3421 v.
1108 3377 1136 3422 c.
1156 3351 1324 3421 Antiochia

289 3457 435 3550 Pifidta,
462 3457 547 3552 [tab.
564 3462 715 3546 Peuting.
732 3479 767 3540 9.
784 3456 840 3549 F.]
868 3461 1005 3522 Seleucia
1025 3461 1143 3528 Pieria.
1166 3454 1322 3548 [Ptolem.

291 3573 324 3640 5.
348 3555 487 3648 15.in.]
508 3577 540 3626 et
561 3565 603 3625 lic
623 3563 692 3624 alia.
732 3560 784 3626 Cf.
798 3563 838 3622 de
856 3561 914 3624 hac
927 3560 1029 3624 forma
1045 3559 1187 3624 Hotuen.
1204 3560 1243 3624 ad
1259 3556 1325 3618 Ste-

288 3663 384 3745 phau.
401 3686 433 3748 p.
449 3677 533 3743 237.
573 3665 611 3726 ln
625 3663 685 3725 hac
699 3682 778 3724 vero
795 3662 996 3726 distinctione
1012 3662 1136 3746 propria
1150 3680 1210 3745 pro
1224 3652 1323 3746 genti·

282 3761 375 3827 libna
400 3767 538 3849 adposita
563 3765 624 3827 ella
650 3761 820 3836 videntur,
849 3778 888 3826 ut
914 3776 1000 3826 terro
1023 3761 1145 3835 Italia,
1182 3755 1321 3826 Graecia.

283 3851 363 3928 'vict
381 3867 567 3952 Heusinger.
583 3880 616 3927 et
633 3865 796 3928 Staveren.
813 3865 852 3928 ad
867 3865 986 3946 Nepot.
1003 3863 1043 3926 de
1059 3863 1161 3948 regib.
1178 3881 1206 3926 c.
1233 3881 1261 3922 a.
1278 3857 1320 3916 in·

289 3982 323 4030 et
338 3967 378 4028 de
390 3967 515 4030 Graecia
525 3965 631 4028 Daris.
647 3967 685 4029 ad
702 3965 966 4048 Maxim.Tyr.4.
979 3981 1011 4030 a.
1039 3965 1205 4028 lleoititur
1218 3973 1320 4024 tamen

286 4062 423 4140 Voffiue‚
447 4067 591 4206 utpolet,
616 4065 780 4150 lllelaeque
798 4080 900 4153 partes
917 4067 997 4154 agit.
1022 4067 1111 4150 quotl
1126 4067 1239 4153 Pagrae
1259 4055 1320 4122 'aa
