2852 4946
300 402 399 510 yvo
606 407 769 466 Nouae
809 407 1112 467 exacearcae

335 579 467 644 firmitas
483 579 592 663 potiue
607 581 817 644 derivandum
835 579 940 644 censet
955 581 1102 644 Bochart.
1122 583 1157 642 in
1175 579 1277 644 Chen.
1292 594 1318 648 t,
1333 585 1360 652 5.

335 681 447 743 Vibius
467 701 541 744 enm
557 683 609 744 dat
627 683 856 766 Cappadociae.
883 683 991 763 Syriae
1005 683 1128 744 Plinius
1146 683 1180 752 6.
1199 681 1257 758 56.
1273 676 1293 740 l'.
1311 687 1362 753 25.

335 787 374 846 ad
393 782 537 846 Ciliciam
553 803 627 846 cum
645 785 741 846 Strida
763 787 855 867 ponit
871 785 1069 867 Stephanum
1095 785 1239 866 plerique
1256 783 1289 842 in
1304 777 1365 840 lini·

334 885 396 947 bua
412 885 541 948 Ciliciae
560 897 592 946 et
609 887 733 967 Syriae.
759 899 796 946 ut
817 887 901 948 Plin.
920 897 953 964 5.
976 897 1029 964 18.
1046 884 1067 949 l.
1085 903 1143 948 αα.
1172 885 1364 947 Ptolemaeus

336 999 371 1065 5.
392 999 426 1064 8.
475 986 618 1070 Nempe,
651 987 737 1070 quod
764 989 907 1050 adsumat
932 989 1046 1050 Cicero
1075 989 1113 1048 ad
1137 988 1237 1048 Attio.
1258 996 1290 1060 5.
1313 997 1363 1043 nu.

336 1089 462 1170 Syriam
477 1109 498 1147 a
517 1087 631 1150 Cilicio
650 1109 804 1172 aquarum
826 1089 965 1150 diuortio
981 1087 1167 1160 &videbam
1192 1100 1226 1150 et
1241 1086 1316 1146 hinc
1330 1079 1364 1141 ad

334 1187 449 1251 divers.
469 1206 501 1258 u,
523 1209 575 1252 to.
596 1210 668 1250 cunr
685 1191 814 1261 Bibulo.
837 1193 891 1272 qui
906 1191 1028 1270 Syriam
1046 1189 1173 1252 sonitus
1186 1200 1262 1257 erat,
1289 1201 1364 1245 cont·

334 1309 469 1352 munem
489 1290 543 1350 libi
560 1291 650 1352 illum
667 1305 814 1353 montem
830 1291 889 1354 elle
907 1293 960 1355 nit.
1013 1291 1109 1376 Quod
1127 1291 1244 1352 Vibius
1258 1286 1366 1366 eappa·

336 1393 446 1454 dociae
467 1391 594 1462 tribuit.
626 1393 822 1474 aliquatenus
842 1413 956 1455 verum
980 1393 1039 1462 eit.
1065 1395 1137 1476 quia
1161 1411 1233 1454 eam
1249 1400 1367 1470 quoque

334 1495 372 1554 ad
398 1493 522 1572 Syriam
551 1493 792 1580 Commagenen
820 1495 973 1579 adtingit,
1007 1507 1043 1554 ut
1066 1507 1157 1555 notat
1183 1491 1365 1554 strabon.

334 1615 366 1678 p.
387 1606 469 1674 559.
488 1593 509 1657 l.
528 1609 613 1672 521.
666 1597 809 1659 Amanua
828 1609 944 1665 autem.
970 1597 1055 1678 quod
1078 1595 1123 1656 ibi
1144 1595 1251 1662 docet,
1277 1583 1367 1650 Tanti

334 1713 406 1779 pare
419 1697 478 1768 eli,
505 1699 560 1778 qui
581 1716 680 1780 prope
697 1699 819 1778 Syriam
837 1698 995 1758 dividitur
1011 1698 1045 1758 io
1060 1698 1221 1758 Amanum
1236 1706 1270 1754 et
1287 1687 1367 1752 Anti·

334 1808 473 1862 taurum.
509 1795 559 1864 Cf.
579 1799 674 1858 etiam
694 1797 749 1861 lib.
771 1810 825 1880 ι4.
848 1821 879 1881 p.
896 1801 981 1880 465.
999 1797 1020 1860 l.
1038 1798 1122 1872 676.
1177 1795 1260 1860 Inde
1279 1789 1368 1880 Ἅμα·

334 1893 415 1975 uidet
436 1893 541 1963 utilior
562 1901 731 1970 dicuntur,
765 1921 825 1982 qua
847 1899 954 1964 verius
973 1901 1097 1981 Syriam
1125 1896 1305 1963 defluebat.
1335 1899 1367 1948 ut

335 2015 427 2064 notat
447 2002 533 2063 idem
550 2021 577 2064 c.
595 2003 618 2064 l.
645 2015 678 2064 et
695 2001 806 2064 Graeci
828 2003 1016 2084 plerumque
1038 2015 1174 2075 vocant;
1201 1985 1368 2086 'Apouruo'l

335 2115 445 2166 tamen
466 2103 604 2166 Ptolem.
622 2117 655 2181 5.
676 2115 709 2180 8.
729 2105 774 2168 in.
808 2104 928 2166 Artian.
951 2105 991 2166 de
1014 2103 1126 2185 exped.
1151 2102 1201 2166 at.
1223 2117 1259 2170 Ω.
1278 2095 1365 2172 7·11¹·

337 2225 378 2268 ex
387 2205 511 2268 Latinis
521 2205 651 2268 Curtius
669 2219 701 2284 5,
717 2217 750 2282 8,
773 2219 827 2285 15.
853 2219 885 2267 et
900 2205 1141 2285 portnsAruani
1154 2201 1276 2266 montis
1289 2195 1365 2261 Ptin.

336 2319 371 2384 5,
388 2323 447 2370 Ως.
465 2305 486 2369 l.
504 2321 563 2387 27.
597 2301 716 2382 Πύλας
729 2321 835 2368 autem
851 2319 882 2368 et
899 2302 996 2370 στενοῖ
1013 2325 1052 2367 ex
1070 2301 1262 2386 lynonymia
1277 2297 1366 2360 variat

231 2473 235 2490 ,
330 2407 451 2486 Polyb.
471 2421 526 2476 ru.
548 2421 677 2486 t7.23.
722 2405 774 2470 Cf.
789 2409 827 2468 ad
849 2429 878 2478 1,
902 2421 955 2486 15,
974 2425 1006 2471 2.
1057 2406 1158 2469 Caute
1176 2421 1284 2467 tamen
1307 2413 1365 2460 eae·

336 2509 411 2569 dem
433 2521 542 2591 portae
567 2507 716 2592 distingui
738 2509 893 2570 debente
918 2511 1022 2589 portis
1045 2507 1157 2591 Syriis,
1190 2525 1273 2590 quae
1287 2507 1366 2564 erant

335 2601 422 2695 ὅρκον
438 2604 583 2672 Κιλίκων
600 2629 636 2672 τε
655 2603 709 2672 καὶ
730 2603 858 2697 Σύρων,
884 2625 919 2671 ut
934 2611 1062 2692 adparet
1083 2629 1122 2671 ex
1140 2607 1297 2672 Strabone
1317 2607 1364 2676 ¹4·

335 2729 370 2794 p.
393 2712 480 2790 466.
498 2709 519 2772 i.
536 2711 620 2786 676.
657 2725 690 2773 et
714 2711 870 2774 Cicerone
896 2714 929 2772 in
955 2732 1027 2794 epp.
1053 2711 1091 2771 ad
1119 2708 1236 2772 divers.
1260 2708 1364 2781 15.4·

335 2811 394 2874 ubi
409 2812 486 2874 baec
498 2812 668 2896 leguntur:
695 2811 775 2874 Duo
785 2805 867 2904 suut
879 2813 987 2874 aditus
1002 2813 1034 2873 in
1052 2811 1198 2874 Ciliciam
1215 2831 1256 2870 ex
1270 2801 1364 2887 Syrie

283 2933 285 2938 ’
335 2933 468 2998 quorum
490 2927 618 2998 uterque
636 2915 748 2993 parvis
766 2911 935 3004 praefidiis
950 2926 1080 2993 propter
1097 2909 1264 3002 angrfiias
1282 2907 1365 2967 inter·

335 3013 422 3082 cludi
443 3012 557 3107 potest.
610 3014 913 3077 commemorantur
927 3017 1022 3076 etiam
1045 3015 1137 3096 pyloe
1153 3012 1292 3079 Ciliciae.
1315 3016 1365 3086 pet

335 3137 411 3198 quaa
438 3135 477 3176 ex
492 3116 702 3197 Cappadocia
728 3117 874 3176 tranfitur
898 3119 932 3176 in
959 3116 1106 3179 Ciliciam
1131 3115 1307 3196 propriam·
1337 3111 1366 3163 ⁰⁸

335 3217 513 3280 luculenter
545 3215 765 3278 describuntur
797 3237 813 3278 a
843 3217 987 3280 Diodoto
1013 3217 1076 3280 Sic.
1107 3215 1305 3298 14‚2o.in.
1336 3211 1365 3266 ei

336 3317 554 3400 Xenophonte
570 3319 611 3378 do
626 3319 737 3401 exped.
756 3315 835 3398 Cyri
852 3339 882 3388 ι,
898 3326 931 3400 4.
948 3328 982 3400 4.
1015 3336 1127 3379 omnes
1146 3317 1179 3377 in
1201 3307 1363 3378 itineribus

335 3419 527 3482 militaribut
546 3419 625 3498 Cyri
647 3421 782 3480 minoris
797 3433 830 3480 et
847 3419 1013 3483 Alexandri
1032 3417 1079 3480 Μ.
1104 3417 1287 3480 celebratae.
1317 3399 1363 3468 Cf·

335 3534 459 3604 praeter
479 3520 540 3583 boe
560 3533 594 3580 et
615 3519 788 3601 Polybium
804 3541 831 3584 c.
852 3521 873 3581 l.
907 3519 1190 3603 Curti11s3,4‚7.
1226 3516 1363 3582 unirent

337 3622 378 3684 de
402 3621 541 3704 expedit.
560 3621 649 3684 Alex.
673 3636 706 3692 Ω,
729 3635 761 3696 7,
788 3639 819 3684 t.
851 3636 884 3684 et
905 3641 984 3702 quae
1009 3619 1165 3683 disserunt
1187 3620 1364 3698 interpretes

338 3741 470 3792 eorum,
504 3721 660 3784 Graevius
689 3723 728 3783 ad
749 3721 851 3785 Cicer.
874 3723 911 3783 ad
931 3722 1026 3785 Attio.
1044 3733 1075 3799 5,
1093 3712 1156 3784 uo.
1190 3715 1361 3789 Welieling·

337 3824 376 3888 ad
401 3825 511 3886 itiner.
536 3821 750 3904 Hierosolym.
768 3829 799 3906 p.
820 3835 904 3900 573.
937 3823 1090 3886 Collatino
1114 3825 1146 3883 in
1167 3821 1281 3907 Geogr.
1304 3819 1361 3874 ²¹¹³·

341 3939 373 4006 3.
398 3924 430 3994 6.
453 3925 514 4003 63.
547 3935 580 3986 et
600 3927 634 3986 in
656 3925 767 4008 primia
783 3925 932 3986 Mannett
948 3926 982 3985 in
1000 3924 1116 4008 Geogr.
1133 3923 1205 3986 Vol.
1223 3925 1257 3987 6.
1279 3915 1312 3979 P·
1331 3921 1359 3969 ⁹·

337 4047 371 4111 p.
390 4035 438 4104 48
456 4023 517 4106 iqq.
546 4045 585 4086 ex
604 4025 721 4108 qulbus
742 4015 884 4108 adparet,
914 4045 974 4087 nec
989 4038 1131 4088 auctoret
1152 4023 1272 4106 semper
1286 4025 1362 4079 actu·

338 4141 404 4194 rate
422 4125 599 4202 distinrilie,
624 4145 684 4192 nee
698 4128 786 4192 vitoe
801 4127 913 4193 doctor
927 4128 1011 4194 inter
1027 4123 1057 4191 le
1073 4123 1260 4191 consentire.
1286 4115 1360 4181 Cum
