<?xml version="1.0" encoding="UTF-8"?>
<!DOCTYPE html PUBLIC "-//W3C//DTD XHTML 1.0 Transitional//EN"
    "http://www.w3.org/TR/xhtml1/DTD/xhtml1-transitional.dtd">
<html xmlns="http://www.w3.org/1999/xhtml" xml:lang="en" lang="en">
 <head>
  <title>
</title>
<meta http-equiv="Content-Type" content="text/html;charset=utf-8" />
  <meta name='ocr-system' content='tesseract 3.04.00' />
  <meta name='ocr-capabilities' content='ocr_page ocr_carea ocr_par ocr_line ocrx_word'/>
</head>
<body>
  <div class='ocr_page' id='page_1' title='image "./pomponiimelaede06melagoog_0476.png"; bbox 0 0 2892 4950; ppageno 0'>
   <div class='ocr_carea' id='block_1_1' title="bbox 269 327 1044 412">
    <p class='ocr_par' dir='ltr' id='par_1_1' title="bbox 269 327 1044 412">
     <span class='ocr_line' id='line_1_1' title="bbox 269 327 1044 412; baseline -0.004 -22"><span class='ocrx_word' id='word_1_1' title='bbox 269 340 332 412; x_wconf 74' lang='lat'>47⁶</span> <span class='ocrx_word' id='word_1_2' title='bbox 539 327 703 390; x_wconf 73' lang='lat' dir='ltr'>nerto</span> <span class='ocrx_word' id='word_1_3' title='bbox 742 327 1044 388; x_wconf 63' lang='lat' dir='ltr'>excommun</span> 
     </span>
    </p>
   </div>
   <div class='ocr_carea' id='block_1_2' title="bbox 274 498 1325 2210">
    <p class='ocr_par' dir='ltr' id='par_1_2' title="bbox 274 498 1325 2210">
     <span class='ocr_line' id='line_1_2' title="bbox 348 498 1314 586; baseline 0.001 -19"><span class='ocrx_word' id='word_1_4' title='bbox 348 498 483 586; x_wconf 81' lang='lat' dir='ltr'>litos)</span> <span class='ocrx_word' id='word_1_5' title='bbox 534 503 647 586; x_wconf 86' lang='lat' dir='ltr'>Quum</span> <span class='ocrx_word' id='word_1_6' title='bbox 673 503 790 585; x_wconf 86' lang='lat' dir='ltr'>ubique</span> <span class='ocrx_word' id='word_1_7' title='bbox 816 503 896 566; x_wconf 84' lang='lat' dir='ltr'>circe</span> <span class='ocrx_word' id='word_1_8' title='bbox 927 500 1025 575; x_wconf 81' lang='lat' dir='ltr'>morio</span> <span class='ocrx_word' id='word_1_9' title='bbox 1049 501 1206 568; x_wconf 77' lang='lat' dir='ltr'>habeatur</span> <span class='ocrx_word' id='word_1_10' title='bbox 1227 503 1314 579; x_wconf 84' lang='lat' dir='ltr'>lime.</span> 
     </span>
     <span class='ocr_line' id='line_1_3' title="bbox 274 603 1316 690; baseline 0 -20"><span class='ocrx_word' id='word_1_11' title='bbox 274 607 346 672; x_wconf 80' lang='lat' dir='ltr'>irtio</span> <span class='ocrx_word' id='word_1_12' title='bbox 367 605 469 689; x_wconf 78' lang='lat' dir='ltr'>potest</span> <span class='ocrx_word' id='word_1_13' title='bbox 484 606 612 690; x_wconf 80' lang='lat' dir='ltr'><strong>colligi,</strong></span> <span class='ocrx_word' id='word_1_14' title='bbox 643 624 710 668; x_wconf 89' lang='lat' dir='ltr'>uon</span> <span class='ocrx_word' id='word_1_15' title='bbox 728 603 788 668; x_wconf 84' lang='lat' dir='ltr'>elle</span> <span class='ocrx_word' id='word_1_16' title='bbox 809 605 863 666; x_wconf 93' lang='lat' dir='ltr'>hic</span> <span class='ocrx_word' id='word_1_17' title='bbox 879 621 1086 668; x_wconf 82' lang='lat' dir='ltr'>communem</span> <span class='ocrx_word' id='word_1_18' title='bbox 1108 607 1207 670; x_wconf 82' lang='lat' dir='ltr'>buiue</span> <span class='ocrx_word' id='word_1_19' title='bbox 1227 609 1316 670; x_wconf 81' lang='lat' dir='ltr'>rocio</span> 
     </span>
     <span class='ocr_line' id='line_1_4' title="bbox 275 702 1319 793; baseline 0 -23"><span class='ocrx_word' id='word_1_20' title='bbox 275 708 388 778; x_wconf 83' lang='lat' dir='ltr'>usum.</span> <span class='ocrx_word' id='word_1_21' title='bbox 430 705 481 770; x_wconf 83' lang='lat' dir='ltr'>sed</span> <span class='ocrx_word' id='word_1_22' title='bbox 508 708 725 770; x_wconf 78' lang='lat' dir='ltr'>imitationem</span> <span class='ocrx_word' id='word_1_23' title='bbox 755 707 810 770; x_wconf 87' lang='lat' dir='ltr'>Gr.</span> <span class='ocrx_word' id='word_1_24' title='bbox 837 707 1028 776; x_wconf 81' lang='lat' dir='ltr'>locutionie.</span> <span class='ocrx_word' id='word_1_25' title='bbox 1071 728 1134 788; x_wconf 88' lang='lat' dir='ltr'>qna</span> <span class='ocrx_word' id='word_1_26' title='bbox 1168 702 1319 793; x_wconf 72' lang='grc' dir='ltr'>αἰγιαλὸς</span> 
     </span>
     <span class='ocr_line' id='line_1_5' title="bbox 277 805 1319 894; baseline -0.004 -21"><span class='ocrx_word' id='word_1_27' title='bbox 277 809 367 894; x_wconf 81' lang='lat' dir='ltr'>saepe</span> <span class='ocrx_word' id='word_1_28' title='bbox 392 810 523 892; x_wconf 90' lang='lat' dir='ltr'>ponitur</span> <span class='ocrx_word' id='word_1_29' title='bbox 542 827 601 892; x_wconf 87' lang='lat' dir='ltr'>pro</span> <span class='ocrx_word' id='word_1_30' title='bbox 622 808 694 871; x_wconf 88' lang='lat' dir='ltr'>loco</span> <span class='ocrx_word' id='word_1_31' title='bbox 716 805 896 889; x_wconf 80' lang='lat' dir='ltr'>frequenter</span> <span class='ocrx_word' id='word_1_32' title='bbox 916 807 1058 871; x_wconf 79' lang='lat' dir='ltr'>habinro</span> <span class='ocrx_word' id='word_1_33' title='bbox 1077 811 1156 870; x_wconf 85' lang='lat' dir='ltr'>circe</span> <span class='ocrx_word' id='word_1_34' title='bbox 1180 811 1319 894; x_wconf 82' lang='lat' dir='ltr'>longitn-</span> 
     </span>
     <span class='ocr_line' id='line_1_6' title="bbox 278 908 1319 998; baseline -0.002 -24"><span class='ocrx_word' id='word_1_35' title='bbox 278 913 389 975; x_wconf 82' lang='lat' dir='ltr'><strong>dinem</strong></span> <span class='ocrx_word' id='word_1_36' title='bbox 411 913 522 998; x_wconf 76' lang='lat' dir='ltr'>merie.</span> <span class='ocrx_word' id='word_1_37' title='bbox 555 911 636 974; x_wconf 77' lang='lat' dir='ltr'>odeo</span> <span class='ocrx_word' id='word_1_38' title='bbox 658 921 697 971; x_wconf 86' lang='lat' dir='ltr'>ut</span> <span class='ocrx_word' id='word_1_39' title='bbox 718 908 830 972; x_wconf 81' lang='lat' dir='ltr'>babeat</span> <span class='ocrx_word' id='word_1_40' title='bbox 849 909 1036 993; x_wconf 78' lang='lat' dir='ltr'>lingulrrem</span> <span class='ocrx_word' id='word_1_41' title='bbox 1060 911 1319 992; x_wconf 81' lang='lat' dir='ltr'>appellationem.</span> 
     </span>
     <span class='ocr_line' id='line_1_7' title="bbox 279 1009 1319 1094; baseline -0.003 -18"><span class='ocrx_word' id='word_1_42' title='bbox 279 1015 329 1076; x_wconf 83' lang='lat' dir='ltr'>uti</span> <span class='ocrx_word' id='word_1_43' title='bbox 352 1011 429 1074; x_wconf 77' lang='lat' dir='ltr'>haec</span> <span class='ocrx_word' id='word_1_44' title='bbox 454 1011 577 1082; x_wconf 80' lang='lat' dir='ltr'>Leuca.</span> <span class='ocrx_word' id='word_1_45' title='bbox 610 1029 705 1094; x_wconf 78' lang='lat' dir='ltr'>quem</span> <span class='ocrx_word' id='word_1_46' title='bbox 731 1023 838 1072; x_wconf 78' lang='lat' dir='ltr'>tamen</span> <span class='ocrx_word' id='word_1_47' title='bbox 868 1012 981 1073; x_wconf 83' lang='lat' dir='ltr'>eximit</span> <span class='ocrx_word' id='word_1_48' title='bbox 1012 1009 1140 1072; x_wconf 87' lang='lat' dir='ltr'>urbium</span> <span class='ocrx_word' id='word_1_49' title='bbox 1173 1032 1319 1084; x_wconf 85' lang='lat' dir='ltr'>numero.</span> 
     </span>
     <span class='ocr_line' id='line_1_8' title="bbox 280 1111 1321 1199; baseline -0.002 -25"><span class='ocrx_word' id='word_1_50' title='bbox 280 1111 416 1199; x_wconf 75' lang='lat' dir='ltr'>perinde</span> <span class='ocrx_word' id='word_1_51' title='bbox 432 1125 469 1174; x_wconf 87' lang='lat' dir='ltr'>ut</span> <span class='ocrx_word' id='word_1_52' title='bbox 491 1113 524 1176; x_wconf 84' lang='lat' dir='ltr'>in</span> <span class='ocrx_word' id='word_1_53' title='bbox 547 1113 609 1176; x_wconf 86' lang='lat' dir='ltr'>fine</span> <span class='ocrx_word' id='word_1_54' title='bbox 630 1133 697 1194; x_wconf 80' lang='lat' dir='ltr'>cop.</span> <span class='ocrx_word' id='word_1_55' title='bbox 717 1124 772 1190; x_wconf 78' lang='lat'>13.</span> <span class='ocrx_word' id='word_1_56' title='bbox 795 1113 939 1172; x_wconf 84' lang='lat' dir='ltr'>nominet</span> <span class='ocrx_word' id='word_1_57' title='bbox 961 1111 1104 1172; x_wconf 73' lang='lat' dir='ltr'>Rhoeteo</span> <span class='ocrx_word' id='word_1_58' title='bbox 1124 1113 1242 1181; x_wconf 83' lang='lat' dir='ltr'>litora.</span> <span class='ocrx_word' id='word_1_59' title='bbox 1270 1112 1321 1173; x_wconf 86' lang='lat' dir='ltr'>lerl</span> 
     </span>
     <span class='ocr_line' id='line_1_9' title="bbox 281 1211 1322 1298; baseline -0.004 -20"><span class='ocrx_word' id='word_1_60' title='bbox 281 1216 317 1278; x_wconf 87' lang='lat' dir='ltr'>in</span> <span class='ocrx_word' id='word_1_61' title='bbox 339 1214 455 1296; x_wconf 74' lang='lat' dir='ltr'>quibus</span> <span class='ocrx_word' id='word_1_62' title='bbox 478 1226 583 1276; x_wconf 85' lang='lat' dir='ltr'>temen</span> <span class='ocrx_word' id='word_1_63' title='bbox 607 1211 749 1298; x_wconf 78' lang='lat' dir='ltr'>agnoscat</span> <span class='ocrx_word' id='word_1_64' title='bbox 774 1213 851 1274; x_wconf 82' lang='lat' dir='ltr'>dnae</span> <span class='ocrx_word' id='word_1_65' title='bbox 875 1212 967 1274; x_wconf 80' lang='lat' dir='ltr'>clerte</span> <span class='ocrx_word' id='word_1_66' title='bbox 989 1211 1094 1276; x_wconf 81' lang='lat' dir='ltr'>urlree.</span> <span class='ocrx_word' id='word_1_67' title='bbox 1137 1231 1162 1274; x_wconf 84' lang='lat' dir='ltr'>r.</span> <span class='ocrx_word' id='word_1_68' title='bbox 1192 1231 1322 1276; x_wconf 76' lang='lat' dir='ltr'>cnoro·</span> 
     </span>
     <span class='ocr_line' id='line_1_10' title="bbox 282 1311 1321 1396; baseline 0 -18"><span class='ocrx_word' id='word_1_69' title='bbox 282 1336 361 1378; x_wconf 83' lang='lat' dir='ltr'>vrvt</span> <span class='ocrx_word' id='word_1_70' title='bbox 382 1313 459 1380; x_wconf 79' lang='lat' dir='ltr'>MS.</span> <span class='ocrx_word' id='word_1_71' title='bbox 509 1315 548 1375; x_wconf 91' lang='lat' dir='ltr'>In</span> <span class='ocrx_word' id='word_1_72' title='bbox 569 1315 730 1396; x_wconf 74' lang='lat' dir='ltr'>prioribus</span> <span class='ocrx_word' id='word_1_73' title='bbox 752 1311 866 1388; x_wconf 79' lang='lat' dir='ltr'>scholio</span> <span class='ocrx_word' id='word_1_74' title='bbox 890 1315 1098 1396; x_wconf 75' lang='lat' dir='ltr'>explicaverat</span> <span class='ocrx_word' id='word_1_75' title='bbox 1120 1315 1161 1375; x_wconf 85' lang='lat' dir='ltr'>rie</span> <span class='ocrx_word' id='word_1_76' title='bbox 1183 1333 1321 1378; x_wconf 78' lang='lat' dir='ltr'>nuroeno</span> 
     </span>
     <span class='ocr_line' id='line_1_11' title="bbox 280 1415 1323 1496; baseline -0.002 -16"><span class='ocrx_word' id='word_1_77' title='bbox 280 1429 385 1480; x_wconf 79' lang='lat' dir='ltr'>tractu</span> <span class='ocrx_word' id='word_1_78' title='bbox 410 1417 489 1477; x_wconf 87' lang='lat' dir='ltr'>circe</span> <span class='ocrx_word' id='word_1_79' title='bbox 512 1434 607 1478; x_wconf 83' lang='lat' dir='ltr'>mare.</span> <span class='ocrx_word' id='word_1_80' title='bbox 673 1416 768 1477; x_wconf 85' lang='lat' dir='ltr'>Forte</span> <span class='ocrx_word' id='word_1_81' title='bbox 796 1415 920 1496; x_wconf 75' lang='lat' dir='ltr'>plenius</span> <span class='ocrx_word' id='word_1_82' title='bbox 946 1415 1068 1475; x_wconf 86' lang='lat' dir='ltr'>dictum</span> <span class='ocrx_word' id='word_1_83' title='bbox 1093 1415 1137 1476; x_wconf 81' lang='lat' dir='ltr'>eil</span> <span class='ocrx_word' id='word_1_84' title='bbox 1159 1415 1224 1476; x_wconf 91' lang='lat' dir='ltr'>boc</span> <span class='ocrx_word' id='word_1_85' title='bbox 1249 1415 1323 1478; x_wconf 78' lang='lat' dir='ltr'>litut</span> 
     </span>
     <span class='ocr_line' id='line_1_12' title="bbox 283 1510 1322 1603; baseline -0.006 -21"><span class='ocrx_word' id='word_1_86' title='bbox 283 1511 387 1603; x_wconf 64' lang='grc' dir='ltr'><strong>λευκὴ</strong></span> <span class='ocrx_word' id='word_1_87' title='bbox 413 1510 517 1603; x_wconf 62' lang='grc' dir='ltr'><strong>ἀκτὴ,</strong></span> <span class='ocrx_word' id='word_1_88' title='bbox 558 1535 622 1598; x_wconf 87' lang='lat' dir='ltr'>qno</span> <span class='ocrx_word' id='word_1_89' title='bbox 653 1516 789 1578; x_wconf 90' lang='lat' dir='ltr'>nomine</span> <span class='ocrx_word' id='word_1_90' title='bbox 818 1516 852 1576; x_wconf 92' lang='lat' dir='ltr'>in</span> <span class='ocrx_word' id='word_1_91' title='bbox 880 1516 980 1594; x_wconf 77' lang='lat' dir='ltr'>Libya</span> <span class='ocrx_word' id='word_1_92' title='bbox 1010 1529 1322 1578; x_wconf 70' lang='lat' dir='ltr'>commemoratur:</span> 
     </span>
     <span class='ocr_line' id='line_1_13' title="bbox 284 1614 1323 1697; baseline -0.003 -15"><span class='ocrx_word' id='word_1_93' title='bbox 284 1619 471 1682; x_wconf 77' lang='lat' dir='ltr'><strong>Ptolemaeo</strong></span> <span class='ocrx_word' id='word_1_94' title='bbox 487 1627 520 1697; x_wconf 79' lang='lat'>4.</span> <span class='ocrx_word' id='word_1_95' title='bbox 540 1630 572 1694; x_wconf 85' lang='lat'>5.</span> <span class='ocrx_word' id='word_1_96' title='bbox 596 1615 774 1696; x_wconf 69' lang='lat' dir='ltr'>neopolim</span> <span class='ocrx_word' id='word_1_97' title='bbox 790 1616 901 1678; x_wconf 89' lang='lat' dir='ltr'>urbem</span> <span class='ocrx_word' id='word_1_98' title='bbox 919 1616 971 1677; x_wconf 89' lang='lat' dir='ltr'>hic</span> <span class='ocrx_word' id='word_1_99' title='bbox 988 1616 1074 1679; x_wconf 83' lang='lat' dir='ltr'>litem</span> <span class='ocrx_word' id='word_1_100' title='bbox 1099 1614 1208 1687; x_wconf 82' lang='lat' dir='ltr'>inille.</span> <span class='ocrx_word' id='word_1_101' title='bbox 1235 1619 1323 1679; x_wconf 81' lang='lat' dir='ltr'>cuine</span> 
     </span>
     <span class='ocr_line' id='line_1_14' title="bbox 283 1717 1324 1798; baseline 0 -20"><span class='ocrx_word' id='word_1_102' title='bbox 283 1719 410 1784; x_wconf 76' lang='lat' dir='ltr'>Plinius</span> <span class='ocrx_word' id='word_1_103' title='bbox 426 1729 458 1796; x_wconf 86' lang='lat'>5.</span> <span class='ocrx_word' id='word_1_104' title='bbox 477 1735 536 1798; x_wconf 77' lang='grc'>09.</span> <span class='ocrx_word' id='word_1_105' title='bbox 560 1719 728 1788; x_wconf 85' lang='lat' dir='ltr'>meminit.</span> <span class='ocrx_word' id='word_1_106' title='bbox 759 1737 826 1780; x_wconf 90' lang='lat' dir='ltr'>non</span> <span class='ocrx_word' id='word_1_107' title='bbox 850 1730 968 1779; x_wconf 84' lang='lat' dir='ltr'>temere</span> <span class='ocrx_word' id='word_1_108' title='bbox 990 1717 1169 1780; x_wconf 80' lang='lat' dir='ltr'>existiment</span> <span class='ocrx_word' id='word_1_109' title='bbox 1189 1719 1324 1780; x_wconf 86' lang='lat' dir='ltr'>Hardui·</span> 
     </span>
     <span class='ocr_line' id='line_1_15' title="bbox 285 1817 1324 1901; baseline -0.004 -17"><span class='ocrx_word' id='word_1_110' title='bbox 285 1839 349 1884; x_wconf 83' lang='lat' dir='ltr'>uuo</span> <span class='ocrx_word' id='word_1_111' title='bbox 364 1820 402 1882; x_wconf 83' lang='lat' dir='ltr'>ad</span> <span class='ocrx_word' id='word_1_112' title='bbox 419 1839 447 1884; x_wconf 90' lang='lat' dir='ltr'>c.</span> <span class='ocrx_word' id='word_1_113' title='bbox 461 1819 483 1881; x_wconf 89' lang='lat'>1.</span> <span class='ocrx_word' id='word_1_114' title='bbox 506 1833 540 1882; x_wconf 87' lang='lat' dir='ltr'>et</span> <span class='ocrx_word' id='word_1_115' title='bbox 556 1819 706 1882; x_wconf 85' lang='lat' dir='ltr'>Mennert</span> <span class='ocrx_word' id='word_1_116' title='bbox 725 1839 758 1901; x_wconf 89' lang='lat' dir='ltr'>p.</span> <span class='ocrx_word' id='word_1_117' title='bbox 777 1830 861 1898; x_wconf 73' lang='lat'>241.</span> <span class='ocrx_word' id='word_1_118' title='bbox 913 1819 976 1880; x_wconf 78' lang='lat' dir='ltr'>Alii</span> <span class='ocrx_word' id='word_1_119' title='bbox 998 1819 1035 1879; x_wconf 83' lang='lat' dir='ltr'>ab</span> <span class='ocrx_word' id='word_1_120' title='bbox 1060 1819 1271 1894; x_wconf 77' lang='lat' dir='ltr'>Halicarnello</span> <span class='ocrx_word' id='word_1_121' title='bbox 1286 1817 1324 1880; x_wconf 81' lang='lat' dir='ltr'>ad</span> 
     </span>
     <span class='ocr_line' id='line_1_16' title="bbox 285 1919 1325 2003; baseline -0.002 -19"><span class='ocrx_word' id='word_1_122' title='bbox 285 1921 448 2002; x_wconf 85' lang='lat' dir='ltr'>Myndum</span> <span class='ocrx_word' id='word_1_123' title='bbox 471 1922 530 1983; x_wconf 79' lang='lat' dir='ltr'>olio</span> <span class='ocrx_word' id='word_1_124' title='bbox 552 1922 780 2003; x_wconf 87' lang='lat' dir='ltr'>interponunt.</span> <span class='ocrx_word' id='word_1_125' title='bbox 812 1931 849 1981; x_wconf 90' lang='lat' dir='ltr'>ut</span> <span class='ocrx_word' id='word_1_126' title='bbox 875 1919 1076 1991; x_wconf 67' lang='lat' dir='ltr'>Termerion.</span> <span class='ocrx_word' id='word_1_127' title='bbox 1110 1919 1325 2002; x_wconf 85' lang='lat' dir='ltr'>Myndiorum</span> 
     </span>
     <span class='ocr_line' id='line_1_17' title="bbox 285 2019 1324 2108; baseline 0.003 -26"><span class='ocrx_word' id='word_1_128' title='bbox 285 2021 564 2108; x_wconf 78' lang='lat' dir='ltr'>promontorium,</span> <span class='ocrx_word' id='word_1_129' title='bbox 587 2021 720 2102; x_wconf 84' lang='lat' dir='ltr'>(Strabo</span> <span class='ocrx_word' id='word_1_130' title='bbox 743 2029 799 2100; x_wconf 76' lang='lat'>¹4·</span> <span class='ocrx_word' id='word_1_131' title='bbox 830 2041 863 2102; x_wconf 83' lang='lat' dir='ltr'>p.</span> <span class='ocrx_word' id='word_1_132' title='bbox 882 2033 967 2104; x_wconf 73' lang='lat'>452.</span> <span class='ocrx_word' id='word_1_133' title='bbox 990 2019 1012 2085; x_wconf 77' lang='lat' dir='ltr'>l</span> <span class='ocrx_word' id='word_1_134' title='bbox 1032 2021 1139 2102; x_wconf 85' lang='lat'>657.)</span> <span class='ocrx_word' id='word_1_135' title='bbox 1177 2023 1324 2106; x_wconf 70' lang='lat' dir='ltr'>&amp;opiam</span> 
     </span>
     <span class='ocr_line' id='line_1_18' title="bbox 284 2119 869 2210; baseline 0 -25"><span class='ocrx_word' id='word_1_136' title='bbox 284 2119 557 2209; x_wconf 64' lang='lat' dir='ltr'>promontorium</span> <span class='ocrx_word' id='word_1_137' title='bbox 582 2120 744 2210; x_wconf 86' lang='lat' dir='ltr'>(Ptolem.</span> <span class='ocrx_word' id='word_1_138' title='bbox 761 2133 795 2200; x_wconf 85' lang='lat'>5.</span> <span class='ocrx_word' id='word_1_139' title='bbox 813 2119 869 2206; x_wconf 80' lang='lat'>2.)</span> 
     </span>
    </p>
   </div>
   <div class='ocr_carea' id='block_1_3' title="bbox 286 2313 1326 2914">
    <p class='ocr_par' dir='ltr' id='par_1_3' title="bbox 286 2313 1326 2914">
     <span class='ocr_line' id='line_1_19' title="bbox 363 2313 1326 2410; baseline -0.002 -22"><span class='ocrx_word' id='word_1_140' title='bbox 363 2319 564 2410; x_wconf 66' lang='lat' dir='ltr'>Myndos)</span> <span class='ocrx_word' id='word_1_141' title='bbox 613 2323 725 2389; x_wconf 77' lang='lat' dir='ltr'>Strabo</span> <span class='ocrx_word' id='word_1_142' title='bbox 747 2333 802 2403; x_wconf 78' lang='lat'>¹4·</span> <span class='ocrx_word' id='word_1_143' title='bbox 824 2343 857 2407; x_wconf 90' lang='lat' dir='ltr'>p.</span> <span class='ocrx_word' id='word_1_144' title='bbox 871 2331 956 2408; x_wconf 78' lang='lat'>452.</span> <span class='ocrx_word' id='word_1_145' title='bbox 975 2319 996 2388; x_wconf 80' lang='lat' dir='ltr'>i.</span> <span class='ocrx_word' id='word_1_146' title='bbox 1014 2325 1099 2404; x_wconf 80' lang='lat'>658.</span> <span class='ocrx_word' id='word_1_147' title='bbox 1124 2313 1261 2398; x_wconf 78' lang='grc' dir='ltr'><em>Μῦνδος</em></span> <span class='ocrx_word' id='word_1_148' title='bbox 1282 2317 1326 2386; x_wconf 81' lang='grc' dir='ltr'>λι·</span> 
     </span>
     <span class='ocr_line' id='line_1_20' title="bbox 286 2419 1323 2518; baseline -0.002 -30"><span class='ocrx_word' id='word_1_149' title='bbox 286 2419 370 2518; x_wconf 70' lang='grc' dir='ltr'>μένα</span> <span class='ocrx_word' id='word_1_150' title='bbox 388 2421 528 2510; x_wconf 76' lang='grc' dir='ltr'><strong>ἔχουσα.</strong></span> <span class='ocrx_word' id='word_1_151' title='bbox 571 2427 666 2490; x_wconf 78' lang='lat' dir='ltr'>Urbis</span> <span class='ocrx_word' id='word_1_152' title='bbox 688 2429 889 2488; x_wconf 85' lang='lat' dir='ltr'>mentionem</span> <span class='ocrx_word' id='word_1_153' title='bbox 918 2424 1038 2488; x_wconf 79' lang='lat' dir='ltr'>faciunt</span> <span class='ocrx_word' id='word_1_154' title='bbox 1061 2428 1156 2488; x_wconf 79' lang='lat' dir='ltr'>etiem</span> <span class='ocrx_word' id='word_1_155' title='bbox 1185 2427 1323 2489; x_wconf 88' lang='lat' dir='ltr'>Ptolem.</span> 
     </span>
     <span class='ocr_line' id='line_1_21' title="bbox 289 2525 1325 2610; baseline -0.002 -20"><span class='ocrx_word' id='word_1_156' title='bbox 289 2538 323 2606; x_wconf 83' lang='lat'>5.</span> <span class='ocrx_word' id='word_1_157' title='bbox 342 2543 375 2592; x_wconf 74' lang='grc'>0.</span> <span class='ocrx_word' id='word_1_158' title='bbox 400 2527 594 2607; x_wconf 63' lang='lat' dir='ltr'>Stephrnb.</span> <span class='ocrx_word' id='word_1_159' title='bbox 610 2548 643 2592; x_wconf 85' lang='lat' dir='ltr'>v.</span> <span class='ocrx_word' id='word_1_160' title='bbox 670 2527 791 2590; x_wconf 80' lang='lat' dir='ltr'>Atrion.</span> <span class='ocrx_word' id='word_1_161' title='bbox 807 2527 847 2588; x_wconf 87' lang='lat' dir='ltr'>de</span> <span class='ocrx_word' id='word_1_162' title='bbox 861 2528 973 2610; x_wconf 81' lang='lat' dir='ltr'>expcd.</span> <span class='ocrx_word' id='word_1_163' title='bbox 993 2546 1022 2598; x_wconf 85' lang='lat' dir='ltr'>t.</span> <span class='ocrx_word' id='word_1_164' title='bbox 1039 2543 1096 2599; x_wconf 78' lang='grc'>00,</span> <span class='ocrx_word' id='word_1_165' title='bbox 1114 2540 1136 2607; x_wconf 77' lang='grc'><strong>9</strong></span> <span class='ocrx_word' id='word_1_166' title='bbox 1151 2525 1195 2610; x_wconf 83' lang='lat' dir='ltr'>sq.</span> <span class='ocrx_word' id='word_1_167' title='bbox 1224 2529 1325 2589; x_wconf 77' lang='lat' dir='ltr'>Eune·</span> 
     </span>
     <span class='ocr_line' id='line_1_22' title="bbox 289 2625 1324 2715; baseline 0.006 -28"><span class='ocrx_word' id='word_1_168' title='bbox 289 2628 365 2711; x_wconf 82' lang='lat' dir='ltr'>piot</span> <span class='ocrx_word' id='word_1_169' title='bbox 388 2627 423 2688; x_wconf 92' lang='lat' dir='ltr'>in</span> <span class='ocrx_word' id='word_1_170' title='bbox 448 2627 525 2690; x_wconf 80' lang='lat' dir='ltr'>vitio</span> <span class='ocrx_word' id='word_1_171' title='bbox 549 2625 764 2709; x_wconf 84' lang='lat' dir='ltr'>plrilolophor.</span> <span class='ocrx_word' id='word_1_172' title='bbox 792 2648 824 2712; x_wconf 92' lang='lat' dir='ltr'>p.</span> <span class='ocrx_word' id='word_1_173' title='bbox 851 2647 897 2692; x_wconf 87' lang='lat' dir='ltr'>m.</span> <span class='ocrx_word' id='word_1_174' title='bbox 925 2629 983 2708; x_wconf 89' lang='grc'>69.</span> <span class='ocrx_word' id='word_1_175' title='bbox 1024 2629 1108 2694; x_wconf 82' lang='grc' dir='ltr'><strong>ΡΙῐιι.</strong></span> <span class='ocrx_word' id='word_1_176' title='bbox 1131 2641 1165 2706; x_wconf 79' lang='lat'>5.</span> <span class='ocrx_word' id='word_1_177' title='bbox 1190 2645 1251 2715; x_wconf 79' lang='lat'>29.</span> <span class='ocrx_word' id='word_1_178' title='bbox 1277 2653 1324 2673; x_wconf 91' lang='lat'>-·</span> 
     </span>
     <span class='ocr_line' id='line_1_23' title="bbox 289 2727 1323 2812; baseline 0.005 -23"><span class='ocrx_word' id='word_1_179' title='bbox 289 2727 399 2789; x_wconf 79' lang='lat' dir='ltr'>incole</span> <span class='ocrx_word' id='word_1_180' title='bbox 420 2727 573 2806; x_wconf 79' lang='lat' dir='ltr'>Myndius</span> <span class='ocrx_word' id='word_1_181' title='bbox 588 2729 621 2790; x_wconf 91' lang='lat' dir='ltr'>in</span> <span class='ocrx_word' id='word_1_182' title='bbox 638 2728 779 2800; x_wconf 78' lang='lat' dir='ltr'>Arriano.</span> <span class='ocrx_word' id='word_1_183' title='bbox 804 2729 979 2812; x_wconf 79' lang='lat' dir='ltr'>Stephano.</span> <span class='ocrx_word' id='word_1_184' title='bbox 1003 2731 1135 2812; x_wconf 71' lang='lat' dir='ltr'>aliisque</span> <span class='ocrx_word' id='word_1_185' title='bbox 1155 2743 1189 2791; x_wconf 88' lang='lat' dir='ltr'>et</span> <span class='ocrx_word' id='word_1_186' title='bbox 1207 2730 1323 2794; x_wconf 75' lang='lat' dir='ltr'>nomio·</span> 
     </span>
     <span class='ocr_line' id='line_1_24' title="bbox 290 2827 1324 2914; baseline -0.001 -22"><span class='ocrx_word' id='word_1_187' title='bbox 290 2827 462 2892; x_wconf 78' lang='lat' dir='ltr'>Coloniam</span> <span class='ocrx_word' id='word_1_188' title='bbox 478 2830 728 2891; x_wconf 84' lang='lat' dir='ltr'>Troezeniorom</span> <span class='ocrx_word' id='word_1_189' title='bbox 746 2827 818 2891; x_wconf 82' lang='lat' dir='ltr'>lecit</span> <span class='ocrx_word' id='word_1_190' title='bbox 834 2829 962 2892; x_wconf 81' lang='lat' dir='ltr'>Peulnn.</span> <span class='ocrx_word' id='word_1_191' title='bbox 976 2847 1010 2900; x_wconf 82' lang='lat'>2.</span> <span class='ocrx_word' id='word_1_192' title='bbox 1029 2845 1087 2911; x_wconf 77' lang='lat'>30.</span> <span class='ocrx_word' id='word_1_193' title='bbox 1103 2828 1126 2892; x_wconf 83' lang='lat' dir='ltr'>f.</span> <span class='ocrx_word' id='word_1_194' title='bbox 1153 2833 1324 2914; x_wconf 88' lang='lat' dir='ltr'>Duplicem</span> 
     </span>
    </p>
   </div>
   <div class='ocr_carea' id='block_1_4' title="bbox 155 2928 1324 3014">
    <p class='ocr_par' dir='ltr' id='par_1_4' title="bbox 155 2928 1324 3014">
     <span class='ocr_line' id='line_1_25' title="bbox 155 2928 1324 3014; baseline 0 -24"><span class='ocrx_word' id='word_1_195' title='bbox 155 2943 159 2958; x_wconf 79' lang='lat'><strong>¹</strong></span> <span class='ocrx_word' id='word_1_196' title='bbox 289 2928 353 2994; x_wconf 84' lang='lat' dir='ltr'>boc</span> <span class='ocrx_word' id='word_1_197' title='bbox 373 2931 505 2993; x_wconf 83' lang='lat' dir='ltr'>nomine</span> <span class='ocrx_word' id='word_1_198' title='bbox 526 2931 636 2992; x_wconf 89' lang='lat' dir='ltr'>urbem</span> <span class='ocrx_word' id='word_1_199' title='bbox 651 2931 683 2992; x_wconf 89' lang='lat' dir='ltr'>io</span> <span class='ocrx_word' id='word_1_200' title='bbox 701 2930 790 2994; x_wconf 78' lang='lat' dir='ltr'>Coria</span> <span class='ocrx_word' id='word_1_201' title='bbox 807 2947 1037 2993; x_wconf 82' lang='lat' dir='ltr'>commemorat</span> <span class='ocrx_word' id='word_1_202' title='bbox 1053 2932 1243 3014; x_wconf 72' lang='lat' dir='ltr'>Stephanus.</span> <span class='ocrx_word' id='word_1_203' title='bbox 1270 2929 1324 2992; x_wconf 89' lang='lat' dir='ltr'>obi</span> 
     </span>
    </p>
   </div>
   <div class='ocr_carea' id='block_1_5' title="bbox 243 3028 1325 4026">
    <p class='ocr_par' dir='ltr' id='par_1_5' title="bbox 243 3028 1325 4026">
     <span class='ocr_line' id='line_1_26' title="bbox 290 3028 1325 3120; baseline 0.002 -28"><span class='ocrx_word' id='word_1_204' title='bbox 290 3043 400 3094; x_wconf 81' lang='lat' dir='ltr'>temen</span> <span class='ocrx_word' id='word_1_205' title='bbox 415 3028 547 3095; x_wconf 72' lang='lat' dir='ltr'>casaub.</span> <span class='ocrx_word' id='word_1_206' title='bbox 564 3051 621 3114; x_wconf 90' lang='lat' dir='ltr'>pro</span> <span class='ocrx_word' id='word_1_207' title='bbox 641 3029 764 3120; x_wconf 73' lang='grc' dir='ltr'>Καρίας</span> <span class='ocrx_word' id='word_1_208' title='bbox 782 3032 956 3116; x_wconf 80' lang='lat' dir='ltr'>legendum</span> <span class='ocrx_word' id='word_1_209' title='bbox 973 3031 1078 3094; x_wconf 79' lang='lat' dir='ltr'>censet</span> <span class='ocrx_word' id='word_1_210' title='bbox 1098 3029 1270 3119; x_wconf 79' lang='grc' dir='ltr'>Ἀρκαδίας</span> <span class='ocrx_word' id='word_1_211' title='bbox 1290 3032 1325 3094; x_wconf 87' lang='lat' dir='ltr'>io</span> 
     </span>
     <span class='ocr_line' id='line_1_27' title="bbox 291 3125 1324 3218; baseline 0.001 -24"><span class='ocrx_word' id='word_1_212' title='bbox 291 3125 380 3199; x_wconf 83' lang='lat' dir='ltr'>lectt.</span> <span class='ocrx_word' id='word_1_213' title='bbox 396 3128 562 3196; x_wconf 86' lang='lat' dir='ltr'>Theocrit.</span> <span class='ocrx_word' id='word_1_214' title='bbox 581 3153 607 3198; x_wconf 93' lang='lat' dir='ltr'>c.</span> <span class='ocrx_word' id='word_1_215' title='bbox 625 3146 658 3211; x_wconf 81' lang='lat'>3.</span> <span class='ocrx_word' id='word_1_216' title='bbox 676 3153 707 3215; x_wconf 89' lang='lat' dir='ltr'>p.</span> <span class='ocrx_word' id='word_1_217' title='bbox 721 3143 779 3213; x_wconf 77' lang='lat'>54.</span> <span class='ocrx_word' id='word_1_218' title='bbox 806 3153 846 3194; x_wconf 87' lang='lat' dir='ltr'>ex</span> <span class='ocrx_word' id='word_1_219' title='bbox 859 3133 964 3197; x_wconf 87' lang='lat' dir='ltr'>Schol.</span> <span class='ocrx_word' id='word_1_220' title='bbox 980 3135 1145 3198; x_wconf 78' lang='lat' dir='ltr'>Theocriti</span> <span class='ocrx_word' id='word_1_221' title='bbox 1159 3135 1198 3196; x_wconf 81' lang='lat' dir='ltr'>ed</span> <span class='ocrx_word' id='word_1_222' title='bbox 1216 3151 1249 3204; x_wconf 79' lang='lat'>2.</span> <span class='ocrx_word' id='word_1_223' title='bbox 1269 3149 1324 3218; x_wconf 75' lang='lat'>29.</span> 
     </span>
     <span class='ocr_line' id='line_1_28' title="bbox 290 3231 1324 3319; baseline -0.001 -23"><span class='ocrx_word' id='word_1_224' title='bbox 290 3233 354 3296; x_wconf 83' lang='lat' dir='ltr'>Sed</span> <span class='ocrx_word' id='word_1_225' title='bbox 371 3231 410 3296; x_wconf 83' lang='lat' dir='ltr'>cf.</span> <span class='ocrx_word' id='word_1_226' title='bbox 428 3251 508 3316; x_wconf 78' lang='lat' dir='ltr'>quoe</span> <span class='ocrx_word' id='word_1_227' title='bbox 526 3235 559 3294; x_wconf 90' lang='lat' dir='ltr'>in</span> <span class='ocrx_word' id='word_1_228' title='bbox 576 3249 742 3314; x_wconf 88' lang='lat' dir='ltr'>utramque</span> <span class='ocrx_word' id='word_1_229' title='bbox 759 3247 881 3316; x_wconf 78' lang='lat' dir='ltr'>portem</span> <span class='ocrx_word' id='word_1_230' title='bbox 896 3235 1060 3318; x_wconf 75' lang='lat' dir='ltr'>disputant</span> <span class='ocrx_word' id='word_1_231' title='bbox 1074 3235 1112 3297; x_wconf 80' lang='lat' dir='ltr'>ed</span> <span class='ocrx_word' id='word_1_232' title='bbox 1126 3235 1324 3319; x_wconf 79' lang='lat' dir='ltr'>Stephanum</span> 
     </span>
     <span class='ocr_line' id='line_1_29' title="bbox 292 3333 1323 3420; baseline 0 -24"><span class='ocrx_word' id='word_1_233' title='bbox 292 3333 437 3398; x_wconf 85' lang='lat' dir='ltr'>Holilen.</span> <span class='ocrx_word' id='word_1_234' title='bbox 452 3355 484 3418; x_wconf 88' lang='lat' dir='ltr'>p.</span> <span class='ocrx_word' id='word_1_235' title='bbox 494 3351 514 3399; x_wconf 82' lang='lat'><em>2</em></span> <span class='ocrx_word' id='word_1_236' title='bbox 525 3345 577 3415; x_wconf 81' lang='lat'>¹4·</span> <span class='ocrx_word' id='word_1_237' title='bbox 601 3349 635 3398; x_wconf 85' lang='lat' dir='ltr'>et</span> <span class='ocrx_word' id='word_1_238' title='bbox 650 3333 818 3400; x_wconf 79' lang='lat' dir='ltr'>Berlceliue</span> <span class='ocrx_word' id='word_1_239' title='bbox 833 3355 865 3420; x_wconf 81' lang='lat' dir='ltr'>p.</span> <span class='ocrx_word' id='word_1_240' title='bbox 876 3347 923 3415; x_wconf 82' lang='lat'>57</span> <span class='ocrx_word' id='word_1_241' title='bbox 933 3355 962 3400; x_wconf 88' lang='grc' dir='ltr'>ι.</span> <span class='ocrx_word' id='word_1_242' title='bbox 989 3333 1108 3397; x_wconf 83' lang='lat' dir='ltr'>vitiose</span> <span class='ocrx_word' id='word_1_243' title='bbox 1125 3337 1159 3398; x_wconf 90' lang='lat' dir='ltr'>in</span> <span class='ocrx_word' id='word_1_244' title='bbox 1175 3334 1323 3399; x_wconf 83' lang='lat' dir='ltr'>Hierocle</span> 
     </span>
     <span class='ocr_line' id='line_1_30' title="bbox 291 3433 1325 3520; baseline -0.004 -20"><span class='ocrx_word' id='word_1_245' title='bbox 291 3453 364 3520; x_wconf 68' lang='lat' dir='ltr'>pag.</span> <span class='ocrx_word' id='word_1_246' title='bbox 379 3437 464 3514; x_wconf 78' lang='grc'><strong>697.</strong></span> <span class='ocrx_word' id='word_1_247' title='bbox 487 3433 629 3498; x_wconf 81' lang='lat' dir='ltr'>scribitur</span> <span class='ocrx_word' id='word_1_248' title='bbox 644 3435 816 3520; x_wconf 80' lang='lat' dir='ltr'>Amyndos.</span> <span class='ocrx_word' id='word_1_249' title='bbox 869 3433 973 3498; x_wconf 88' lang='lat' dir='ltr'>Situm</span> <span class='ocrx_word' id='word_1_250' title='bbox 994 3439 1082 3499; x_wconf 79' lang='lat' dir='ltr'>iuxta</span> <span class='ocrx_word' id='word_1_251' title='bbox 1103 3457 1189 3502; x_wconf 84' lang='lat' dir='ltr'>more</span> <span class='ocrx_word' id='word_1_252' title='bbox 1209 3437 1325 3499; x_wconf 73' lang='lat' dir='ltr'>indicet</span> 
     </span>
     <span class='ocr_line' id='line_1_31' title="bbox 293 3537 1322 3621; baseline 0 -23"><span class='ocrx_word' id='word_1_253' title='bbox 293 3538 391 3600; x_wconf 80' lang='lat' dir='ltr'>etiam</span> <span class='ocrx_word' id='word_1_254' title='bbox 410 3550 555 3621; x_wconf 79' lang='lat' dir='ltr'>portura</span> <span class='ocrx_word' id='word_1_255' title='bbox 570 3537 724 3602; x_wconf 82' lang='lat' dir='ltr'>Strabone</span> <span class='ocrx_word' id='word_1_256' title='bbox 743 3551 775 3598; x_wconf 88' lang='lat' dir='ltr'>et</span> <span class='ocrx_word' id='word_1_257' title='bbox 793 3537 920 3618; x_wconf 73' lang='lat' dir='ltr'>Scylace</span> <span class='ocrx_word' id='word_1_258' title='bbox 937 3559 967 3621; x_wconf 89' lang='lat' dir='ltr'>p.</span> <span class='ocrx_word' id='word_1_259' title='bbox 987 3553 1044 3618; x_wconf 83' lang='lat'>59.</span> <span class='ocrx_word' id='word_1_260' title='bbox 1065 3537 1164 3601; x_wconf 84' lang='lat' dir='ltr'>Hudl.</span> <span class='ocrx_word' id='word_1_261' title='bbox 1185 3552 1322 3602; x_wconf 79' lang='lat' dir='ltr'>notatur.</span> 
     </span>
     <span class='ocr_line' id='line_1_32' title="bbox 243 3633 1322 3723; baseline -0.002 -23"><span class='ocrx_word' id='word_1_262' title='bbox 243 3671 247 3679; x_wconf 77' lang='lat'><em>,</em></span> <span class='ocrx_word' id='word_1_263' title='bbox 292 3635 396 3720; x_wconf 79' lang='lat' dir='ltr'>lplem</span> <span class='ocrx_word' id='word_1_264' title='bbox 428 3639 593 3723; x_wconf 83' lang='lat' dir='ltr'>regionem</span> <span class='ocrx_word' id='word_1_265' title='bbox 627 3651 745 3700; x_wconf 81' lang='lat' dir='ltr'>vocent</span> <span class='ocrx_word' id='word_1_266' title='bbox 773 3633 939 3710; x_wconf 77' lang='grc' dir='ltr'><strong><em>Μυνδίαν,</em></strong></span> <span class='ocrx_word' id='word_1_267' title='bbox 978 3654 1017 3702; x_wconf 89' lang='lat' dir='ltr'>ut</span> <span class='ocrx_word' id='word_1_268' title='bbox 1044 3634 1156 3719; x_wconf 83' lang='lat' dir='ltr'>Polyb.</span> <span class='ocrx_word' id='word_1_269' title='bbox 1185 3641 1240 3708; x_wconf 81' lang='lat'>16.</span> <span class='ocrx_word' id='word_1_270' title='bbox 1269 3646 1322 3712; x_wconf 82' lang='lat'>15.</span> 
     </span>
     <span class='ocr_line' id='line_1_33' title="bbox 293 3734 1323 3825; baseline -0.005 -23"><span class='ocrx_word' id='word_1_271' title='bbox 293 3738 497 3802; x_wconf 75' lang='lat' dir='ltr'>Straboni.</span> <span class='ocrx_word' id='word_1_272' title='bbox 549 3740 682 3802; x_wconf 78' lang='lat' dir='ltr'>Palladio</span> <span class='ocrx_word' id='word_1_273' title='bbox 704 3741 825 3802; x_wconf 87' lang='lat' dir='ltr'>cultum</span> <span class='ocrx_word' id='word_1_274' title='bbox 850 3739 968 3802; x_wconf 81' lang='lat' dir='ltr'>indicat</span> <span class='ocrx_word' id='word_1_275' title='bbox 993 3760 1172 3825; x_wconf 76' lang='lat' dir='ltr'>cognomen</span> <span class='ocrx_word' id='word_1_276' title='bbox 1195 3734 1323 3805; x_wconf 79' lang='grc' dir='ltr'><strong><em>Μυνδία</em></strong></span> 
     </span>
     <span class='ocr_line' id='line_1_34' title="bbox 292 3839 1323 3926; baseline -0.004 -25"><span class='ocrx_word' id='word_1_277' title='bbox 292 3841 375 3922; x_wconf 76' lang='lat' dir='ltr'>opud</span> <span class='ocrx_word' id='word_1_278' title='bbox 393 3839 594 3924; x_wconf 84' lang='lat' dir='ltr'>Lycophron.</span> <span class='ocrx_word' id='word_1_279' title='bbox 613 3863 646 3904; x_wconf 84' lang='lat' dir='ltr'>r.</span> <span class='ocrx_word' id='word_1_280' title='bbox 663 3853 747 3920; x_wconf 77' lang='lat'>95⁰·</span> <span class='ocrx_word' id='word_1_281' title='bbox 764 3857 798 3903; x_wconf 85' lang='lat' dir='ltr'>et</span> <span class='ocrx_word' id='word_1_282' title='bbox 819 3841 924 3906; x_wconf 77' lang='lat'>1261.</span> <span class='ocrx_word' id='word_1_283' title='bbox 958 3841 1154 3924; x_wconf 78' lang='lat' dir='ltr'>Polladirque</span> <span class='ocrx_word' id='word_1_284' title='bbox 1170 3844 1275 3926; x_wconf 76' lang='lat' dir='ltr'>imago</span> <span class='ocrx_word' id='word_1_285' title='bbox 1290 3840 1323 3898; x_wconf 91' lang='lat' dir='ltr'>in</span> 
     </span>
     <span class='ocr_line' id='line_1_35' title="bbox 291 3939 1319 4026; baseline -0.003 -22"><span class='ocrx_word' id='word_1_286' title='bbox 291 3941 506 4023; x_wconf 85' lang='lat' dir='ltr'>Myndiornm</span> <span class='ocrx_word' id='word_1_287' title='bbox 539 3943 646 4006; x_wconf 77' lang='lat' dir='ltr'>nomio</span> <span class='ocrx_word' id='word_1_288' title='bbox 675 3941 823 4026; x_wconf 78' lang='lat' dir='ltr'>adponn.</span> <span class='ocrx_word' id='word_1_289' title='bbox 871 3939 923 4007; x_wconf 80' lang='lat' dir='ltr'>Cf.</span> <span class='ocrx_word' id='word_1_290' title='bbox 954 3941 1091 4006; x_wconf 81' lang='lat' dir='ltr'>Eckbel.</span> <span class='ocrx_word' id='word_1_291' title='bbox 1118 3963 1210 4006; x_wconf 90' lang='lat' dir='ltr'>num.</span> <span class='ocrx_word' id='word_1_292' title='bbox 1242 3951 1319 4004; x_wconf 82' lang='lat' dir='ltr'>vett.</span> 
     </span>
    </p>
   </div>
   <div class='ocr_carea' id='block_1_6' title="bbox 288 4042 1322 4134">
    <p class='ocr_par' dir='ltr' id='par_1_6' title="bbox 288 4042 1322 4134">
     <span class='ocr_line' id='line_1_36' title="bbox 288 4042 1322 4134; baseline 0 -26"><span class='ocrx_word' id='word_1_293' title='bbox 288 4055 324 4128; x_wconf 79' lang='lat' dir='ltr'>p.</span> <span class='ocrx_word' id='word_1_294' title='bbox 345 4058 431 4126; x_wconf 78' lang='grc'><strong>009.</strong></span> <span class='ocrx_word' id='word_1_295' title='bbox 455 4054 489 4110; x_wconf 84' lang='lat' dir='ltr'>et</span> <span class='ocrx_word' id='word_1_296' title='bbox 510 4063 589 4129; x_wconf 79' lang='lat' dir='ltr'>quae</span> <span class='ocrx_word' id='word_1_297' title='bbox 610 4045 750 4134; x_wconf 82' lang='lat' dir='ltr'>conlegit</span> <span class='ocrx_word' id='word_1_298' title='bbox 771 4042 890 4112; x_wconf 72' lang='lat' dir='ltr'>nocte</span> <span class='ocrx_word' id='word_1_299' title='bbox 913 4045 947 4110; x_wconf 87' lang='lat' dir='ltr'>in</span> <span class='ocrx_word' id='word_1_300' title='bbox 966 4045 1043 4112; x_wconf 73' lang='lat' dir='ltr'>lex.</span> <span class='ocrx_word' id='word_1_301' title='bbox 1068 4045 1322 4126; x_wconf 73' lang='lat' dir='ltr'>oum.&#39;1&#39;om.5·</span> 
     </span>
    </p>
   </div>
   <div class='ocr_carea' id='block_1_7' title="bbox 0 0 1463 4950">
    <p class='ocr_par' dir='ltr' id='par_1_7' title="bbox 0 0 1463 4950">
     <span class='ocr_line' id='line_1_37' title="bbox 0 0 1463 4950; baseline 0 0"><span class='ocrx_word' id='word_1_302' title='bbox 0 0 1463 4950; x_wconf 95' lang='lat' dir='ltr'> </span> 
     </span>
    </p>
   </div>
  </div>
 </body>
</html>
