2756 4964
322 432 380 496 262
588 431 749 492 NOTAE
789 431 1093 488 EXEGETIGAE

321 609 443 678 Meloe,
470 607 563 668 aliam
585 605 807 687 Metagontrtn
831 618 944 690 terram
972 603 1082 666 Plinii.
1132 603 1232 684 Saepe
1253 614 1374 662 auten

322 712 386 772 hoc
406 709 517 770 accidit
534 709 568 768 in
582 705 694 777 Africa,
712 719 753 768 ›ut
770 709 805 770 in
821 705 950 768 dioerfie
966 704 1151 788 regionibus
1165 704 1374 784 reperiantu*

256 827 261 840 “
321 813 408 882 loca,
445 811 560 872 iiedem
584 807 771 870 nominibus
793 808 950 892 insignita.
1002 807 1055 867 Sic
1076 801 1252 896 Rusicade.
1288 805 1374 865 Mo

322 911 472 980 locitatlr,
507 909 664 989 Apollinis
688 897 937 990 promontorium
963 909 998 968 iu
1024 907 1220 969 Ptolemaeo.
1268 923 1372 966 reru

325 1031 461 1076 zoutve.
513 1007 607 1094 An‘gli
635 1011 668 1070 in
698 1009 825 1072 bisloria
848 1009 998 1072 catholiea
1022 1010 1063 1071 T.
1086 1006 1140 1073 16.
1162 1029 1194 1091 p.
1217 1019 1298 1084 ¹35·
1335 1029 1374 1069 er

323 1113 593 1196 Orientielingua
614 1129 734 1172 nomen
756 1111 901 1172 derivant
932 1113 1011 1181 mi
1034 1115 1128 1180 2370,
1162 1123 1199 1169 ut
1222 1106 1271 1177 lit,
1310 1129 1373 1189 qu

326 1213 463 1277 seorsum
480 1215 574 1296 ponit
588 1209 725 1283 frenum,
748 1213 823 1293 quia
841 1209 980 1274 infrenes
1000 1225 1089 1272 erant
1111 1209 1284 1271 Numidae.
1336 1214 1368 1272 A

324 1316 449 1402 gravior
465 1317 505 1374 de
521 1331 598 1374 vero
613 1313 671 1374 suu
686 1313 729 1374 esi
744 1313 899 1394 quaestio,
924 1314 960 1372 in
977 1333 1036 1394 qua
1053 1309 1248 1393 expedienda
1266 1311 1374 1372 inter

323 1431 429 1500 pretee
457 1415 646 1477 laborarunt.
705 1415 829 1474 Erroris
851 1413 971 1475 Melam
1001 1412 1121 1474 incusat
1147 1413 1242 1472 etiam
1267 1409 1374 1475 Grae

325 1519 398 1579 vius
420 1514 490 1578 MS.
542 1515 641 1598 Quod
662 1534 702 1576 ex
722 1513 851 1595 Polybii
870 1507 941 1576 luco
958 1515 1099 1576 vindicat
1120 1515 1145 1573 1.
1163 1513 1374 1576 Gronovius

325 1616 534 1680 dubitationia
549 1613 668 1696 aliquid
688 1615 856 1679 admittere
871 1616 1009 1678 videtur.
1047 1613 1174 1696 Nempe
1191 1613 1374 1676 Hannibal

326 1731 365 1779 ut
380 1717 505 1780 certiori
522 1717 597 1778 fidei
612 1717 742 1779 vinculo
757 1716 898 1780 diversor
911 1718 1029 1778 milites
1045 1717 1232 1782 contineret.
1253 1714 1374 1798 Hispa

324 1839 385 1882 noe
411 1821 445 1880 in
470 1815 624 1888 Africam.
656 1815 749 1880 Afros
774 1819 808 1880 in
832 1817 1012 1900 Hispaniam
1036 1818 1174 1889 traiecit;
1215 1818 1300 1876 item
1340 1841 1374 1882 e:

325 1921 596 2004 Metagonitarum
619 1919 746 2002 oppidio
763 1923 882 1982 milites
899 1919 1123 2003 Carthaginem
1144 1917 1242 1992 misit,
1273 1931 1319 1978 ut
1351 1943 1373 1984 e

326 2022 473 2083 obsrdum
496 2033 529 2084 et
550 2020 691 2102 praesidii
713 2020 784 2082 loco
806 2020 913 2083 essent.
966 2019 1050 2083 Cum
1074 2037 1152 2082 vero
1176 2019 1320 2082 Mauros
1352 2043 1374 2084 e

326 2123 484 2184 Numidae
508 2119 607 2183 socios
628 2121 774 2190 baberet,
807 2123 919 2183 eadem
942 2120 1027 2182 causa
1050 2135 1159 2182 mutua
1182 2121 1374 2205 eodemqn.

325 2225 410 2294 iure,
437 2223 549 2303 quoin
568 2219 730 2303 Hispania.
756 2224 789 2282 id
808 2221 911 2286 secisse
927 2225 1065 2284 videtur.
1112 2223 1209 2305 Quod
1225 2221 1269 2283 de
1289 2225 1374 2288 duo

327 2324 387 2386 bue
407 2323 536 2384 divertio
555 2324 698 2384 eiusdem
719 2335 828 2388 tamen
847 2324 988 2387 nominis
1005 2323 1234 2406 promontoriis
1248 2323 1374 2388 adtuli

326 2425 522 2494 Perizonius,
547 2425 633 2485 idem
647 2425 740 2486 'antea
758 2424 863 2486 visum
879 2439 945 2488 erat
964 2423 1130 2488 Holllenio
1145 2425 1184 2486 ed
1199 2422 1373 2490 Ortelirm

327 2546 360 2607 p.
391 2539 470 2587 rar.
501 2539 534 2585 et
558 2525 625 2606 poll
650 2527 777 2607 repetiit
803 2527 996 2588 Harduinoe.
1053 2525 1179 2606 Nempe
1206 2523 1373 2594 Maureta

327 2627 398 2686 niae
419 2625 639 2709 Metagonium
665 2645 841 2688 memorare
860 2628 1048 2690 Strabonem
1071 2641 1105 2688 ot
1124 2627 1373 2698 Ptolemaeum

328 2725 362 2788 lr.
383 2725 530 2810 Copoxdi
548 2739 611 2787 tres
630 2723 763 2798 Forma,
797 2730 931 2790 alterum
950 2729 1053 2790 Melae
1074 2747 1161 2789 nunc
1183 2725 1243 2792 esse
1275 2731 1372 2812 Cape

326 2827 361 2887 dt
380 2829 485 2904 Ferro,
512 2829 596 2908 quod
612 2829 680 2890 aliia
697 2828 732 2888 srt
751 2829 873 2890 Treturu
888 2829 908 2892 s.
932 2830 1064 2898 Tritum,
1091 2831 1139 2888 uti
1154 2829 1253 2890 etiarn
1278 2849 1372 2914 puta

327 2926 612 3011 Schweighaeuser.
642 2930 681 2990 ad
708 2929 822 3008 Polyb.
850 2951 876 2992 c.
905 2931 927 2993 l.
986 2931 1132 2991 Eandem
1159 2949 1253 3000 vero.
1290 2939 1372 3016 qua*

328 3028 450 3096 Melae,
476 3028 693 3092 Timosthenie
717 3029 806 3094 luisse
826 3030 1030 3101 sententiam.
1062 3033 1117 3112 qni
1137 3027 1294 3094 Massiliae
1324 3037 1371 3102 ob

272 3181 275 3188 .
327 3129 464 3212 potitum
490 3129 568 3189 illud
590 3127 677 3192 luisse
698 3129 871 3214 scripserat,
899 3153 938 3194 ex
960 3133 1115 3196 Strabone
1129 3151 1156 3194 o.
1180 3133 1201 3193 l.
1223 3135 1371 3218 adparet

327 3251 344 3291 a
366 3249 430 3312 quo
451 3243 556 3290 tamen
572 3233 828 3314 reprehenditur.
879 3234 981 3296 Shaw‘
995 3237 1035 3296 T.
1055 3253 1085 3298 t.
1110 3254 1180 3319 pag.
1198 3251 1258 3312 29.
1290 3241 1370 3304 illm

327 3331 427 3394 bodie
446 3332 508 3390 dini
526 3345 617 3412 putat
636 3334 764 3395 Ros-el
783 3323 985 3423 Harpe-fa.
1011 3335 1082 3404 boc,
1105 3336 1191 3418 quod
1206 3337 1282 3398 aliie
1306 3343 1370 3404 Tra

329 3445 414 3503 tunt,
446 3430 635 3515 respondere
658 3437 886 3516 promuntoriia
907 3432 1006 3496 Sedbo
1031 3437 1121 3498 Rous
1143 3438 1165 3498 i.
1187 3457 1216 3497 e.
1238 3431 1370 3522 septeni

328 3535 574 3617 promontoriis.
600 3535 780 3596 Borriarone
801 3539 835 3596 in
857 3536 1089 3599 recentioribue
1106 3537 1236 3608 tabulis,
1272 3541 1369 3614 tibus

327 3631 418 3696 ledae
435 3635 592 3698 Borrrrcurr.
622 3639 670 3697 De
685 3637 783 3700 Treto
800 3651 905 3699 tamen
921 3639 1024 3699 turbat
1035 3639 1147 3700 Strabo
1163 3653 1217 3714 17.
1233 3659 1271 3720 p.
1283 3637 1369 3718 57d

328 3732 350 3796 l.
372 3747 457 3814 832.
489 3738 543 3818 qui
569 3735 636 3817 poll
664 3737 744 3798 illud
767 3740 862 3820 ponit
884 3739 1023 3812 Cirtarn;
1064 3753 1097 3802 at
1118 3741 1154 3802 in
1176 3739 1368 3810 Ptolemeer

327 3835 441 3907 etiam,
469 3849 507 3896 ut
526 3839 560 3896 in
582 3837 666 3898 Mela
687 3842 857 3919 praecedit.

404 4056 500 4098 oros
524 4037 847 4124 Philaenorum)
897 4044 997 4106 Aliter
1023 4043 1230 4108 hauddubie
1260 4047 1293 4110 se
1324 4051 1367 4124 br

330 4135 400 4198 buit
429 4139 492 4200 hoo
516 4157 657 4212 nomen.
692 4139 713 4200 li
740 4161 854 4205 rerum
880 4143 1009 4208 illorum
1035 4145 1210 4211 bominum
1231 4147 1269 4210 id
1296 4131 1367 4221 fuis
