2828 4966
325 357 366 404 22
594 343 762 402 NOTAE
803 343 1110 402 EXEGETICAE

329 521 545 606 fragmentum
564 517 607 580 eil
628 539 661 601 p.
684 527 745 596 4ο.
774 511 827 604 [p.
851 525 911 596 47.
934 515 1035 580 Huds.
1067 516 1088 580 s.
1115 537 1191 602 cap.
1221 514 1317 606 gn]
1348 543 1376 584 r:

331 618 409 710 ὅλης
428 618 611 710 οἰκουμένης
629 615 658 682 ὲν
680 617 832 705 τέτταρσι
854 613 1088 706 inriderent„
1105 617 1249 708 μέρεσι,
1281 620 1376 686 α’νατ

332 722 393 810 λῆς
414 720 509 806 λέγω,
537 715 665 798 δύσεως,
692 713 818 808 ἄρκτου
839 713 893 782 rtai
916 717 1129 808 μεσημβρίας.
1174 724 1262 786 vid.
1288 726 1376 786 Scbc

332 829 366 888 in
385 826 513 886 Homer.
533 821 640 901 Odyii.
660 837 692 891 2,
713 843 744 885 ι.
779 839 1028 910 μοιιοκονινε.
1078 825 1126 884 Ex
1151 823 1212 885 his
1239 827 1376 907 partibo

333 928 417 1010 quod
435 940 467 988 et
481 925 602 986 Gellius
621 938 653 991 2.
672 938 730 984 22.
750 935 851 992 notet.
877 923 957 984 duee
974 921 1045 984 sunt
1060 924 1207 988 mobiles
1225 941 1264 987 et
1283 931 1376 988 varis

336 1043 426 1092 ortus
443 1041 475 1089 et
489 1023 620 1092 occasus.
646 1026 717 1105 quia
734 1022 776 1085 sol
791 1043 858 1086 non
876 1025 1020 1086 indidem
1040 1024 1167 1108 semper
1190 1029 1319 1100 oritur,
1349 1051 1376 1088 nt

336 1149 398 1212 que
415 1129 448 1188 in
464 1129 605 1188 eundem
627 1123 747 1207 semper
766 1126 873 1186 locum
891 1127 985 1188 cadit.
1038 1126 1117 1188 lnde
1135 1147 1226 1190 vero
1247 1150 1312 1210 per
1330 1145 1376 1190 tot

338 1231 413 1293 dem
429 1229 543 1290 mundi
558 1240 677 1310 partes.
703 1227 790 1306 quod
812 1222 891 1287 dicit
912 1227 1036 1288 Plinius
1054 1243 1086 1296 2,
1103 1231 1168 1306 46.
1188 1227 1300 1309 1247.
1329 1251 1373 1310 qu

338 1345 415 1393 tuor
438 1331 515 1392 olim
540 1343 654 1388 ventos
676 1327 892 1411 designarunt.
927 1329 981 1408 qni
1003 1330 1113 1390 eadem
1138 1330 1185 1392 de
1212 1329 1312 1392 causa
1335 1353 1376 1412 po

339 1431 422 1494 arreti
447 1430 516 1492 [unt
540 1448 685 1490 numero.
725 1430 795 1491 Vid.
817 1449 898 1509 quae
918 1429 957 1490 de
975 1431 1014 1490 iis
1030 1431 1176 1490 conlecta
1198 1433 1299 1492 dedit
1319 1435 1376 1516 K³l

340 1535 413 1617 pius
430 1535 461 1592 iu
479 1529 608 1591 excursu
630 1545 660 1608 3.
683 1529 720 1588 ad
738 1529 892 1591 Aristotel.
917 1530 956 1591 de
974 1533 1097 1592 mundo
1116 1552 1151 1614 p.
1174 1535 1254 1610 567
1276 1532 1345 1614 sqq.
1373 1561 1376 1590 ι

341 1635 420 1696 olim
440 1633 564 1694 Plinius
579 1651 605 1692 c.
629 1633 649 1691 l.
675 1645 795 1711 praeter
818 1631 912 1700 alios.
938 1630 1005 1713 poli
1022 1634 1218 1695 Vincentius
1246 1634 1376 1696 Bellon

343 1735 440 1798 censis
461 1737 494 1794 in
516 1732 708 1792 bibliotheca
731 1732 847 1791 Mundi
867 1733 906 1792 Τ.
929 1755 956 1794 ι.
979 1732 1033 1793 lib.
1051 1743 1086 1810 4.
1109 1753 1136 1794 c.
1159 1747 1214 1813 34
1230 1733 1300 1816 sqq.
1329 1753 1376 1818 pap

343 1849 416 1914 255
439 1834 499 1916 sqq.
551 1835 600 1896 tte
625 1835 662 1894 iis
685 1833 755 1912 ipsis
780 1835 885 1894 ventis
908 1831 994 1914 saepe
1018 1832 1099 1915 ipsae
1122 1837 1208 1896 caeli
1231 1834 1255 1898 s.
1281 1856 1376 1896 munt

342 1953 445 2021 partes
467 1936 662 2004 indicentur,
689 1935 775 2014 qnod
792 1947 823 1994 et
842 1933 945 1994 noller
962 1931 1073 2017 passim
1091 1933 1180 1998 facit.
1239 1937 1376 1998 Ceteros

343 2039 416 2100 illae
437 2049 545 2116 partes
562 2049 714 2096 vocantur
730 2034 768 2095 ab
789 2035 857 2096 aliis
878 2037 971 2096 etiam
992 2036 1116 2106 siurim,
1145 2038 1302 2117 regiones
1321 2059 1375 2096 coe

342 2139 485 2218 (Gellius
499 2157 525 2200 c.
541 2138 584 2213 l.)
606 2137 748 2196 cardines
769 2135 878 2196 mundi
900 2137 1130 2218 (Quinctilien.
1155 2153 1216 2210 12,
1239 2157 1298 2210 ιο,
1316 2139 1375 2214 67.

343 2240 460 2321 plagae
479 2237 563 2300 caeli.
591 2237 714 2315 (Cicer.
730 2235 769 2297 de
787 2237 899 2300 Divin.
922 2253 952 2307 2,
975 2251 1030 2318 13.
1056 2254 1088 2300 et
1111 2238 1203 2316 elil.)

422 2403 712 2488 nuncupatur)
754 2403 893 2466 Verbum
917 2403 1125 2484 nuncupandi
1146 2404 1250 2468 refert
1264 2407 1376 2468 Tolliu

346 2509 387 2570 de
412 2507 499 2570 Orat.
519 2521 549 2584 3.
569 2519 626 2585 58.
654 2507 736 2566 inter
760 2505 855 2588 prisca
881 2525 915 2566 ec
936 2505 1074 2576 vetulis.
1108 2525 1195 2588 quaa
1225 2521 1374 2588 poetanu

347 2609 490 2669 licentiae
509 2607 652 2668 liberiora
674 2598 749 2696 effe,
776 2627 870 2690 quarn
896 2603 1083 2668 Oratoribus
1104 2609 1167 2680 ait;
1196 2599 1263 2698 fid
1287 2622 1373 2669 tames

348 2731 423 2772 raro
452 2707 562 2769 babere
592 2711 687 2769 etiarn
719 2709 754 2770 in
785 2709 930 2768 oratione
958 2707 1082 2787 poetica
1115 2707 1219 2768 verba
1251 2709 1371 2790 aliqnar

347 2809 548 2890 dignitatern.
582 2845 624 2860 -
678 2809 721 2870 At
742 2809 943 2891 Pomponius
964 2807 1051 2888 saepe
1072 2807 1136 2868 boc
1157 2809 1264 2870 verbo
1283 2811 1370 2868 utitur

348 2925 385 2972 ut
410 2912 485 2972 hinc
508 2924 662 2991 appareat.
700 2923 818 2990 quanto
846 2910 945 2970 oratio
973 2909 1119 2969 Tulliana
1152 2909 1336 2994 elegantior
1357 2908 1368 2964 i

348 3011 412 3073 boc
437 3029 625 3095 argumento
653 3009 753 3070 sutura
781 3009 885 3072 suerit.
928 3029 1124 3072 nvuuesrvs.
1201 3011 1245 3071 rlt
1279 3007 1367 3070 dilen

348 3112 481 3176 Cicero:
517 3133 579 3173 non
594 3105 739 3202 fugerim
763 3109 871 3181 dicere.
904 3131 1017 3193 neque.
1047 3111 1132 3194 quod
1148 3111 1186 3172 in
1209 3111 1280 3173 aliis
1303 3107 1365 3170 loci

349 3229 385 3278 et
398 3215 451 3276 bic
468 3211 607 3298 sugillet,
633 3215 799 3275 addicente
818 3212 969 3274 crebriori
986 3211 1053 3274 usu.

425 3393 539 3444 ortus
546 3381 565 3464 )
600 3378 713 3444 Paffim
727 3383 824 3444 etiarn
840 3394 978 3452 exortus,
1000 3382 1048 3442 uti
1063 3381 1146 3463 epod
1163 3381 1308 3442 Gellium
1323 3377 1361 3438 cd

350 3483 407 3545 ubi
434 3487 529 3544 etiem
556 3473 805 3574 septentriones.
844 3483 928 3565 quod
960 3495 1082 3564 praeter
1107 3483 1253 3544 nostrum
1279 3431 1360 3544 etri

350 3579 572 3666 frequentant,
598 3597 630 3646 et
646 3584 848 3646 Burmannus
865 3587 899 3644 in
915 3586 999 3646 notis
1018 3583 1140 3647 Msstte
1158 3547 1358 3671 Grammatid

344 3689 469 3748 radoni
491 3687 759 3746 accommodatius
780 3699 879 3768 putat.
932 3685 984 3746 Sic
1006 3686 1130 3746 Plinius
1152 3700 1185 3754 2,
1209 3698 1269 3762 79.
1287 3678 1345 3752 sy

352 3799 483 3848 exortus
505 3787 602 3857 dixit;
628 3786 706 3846 iteru
727 3800 836 3849 auctor
855 3787 893 3848 ad
910 3787 1111 3848 Herennium
1128 3799 1159 3865 3,
1178 3801 1237 3848 22.

430 3953 642 4052 decurrit)
691 3953 769 4016 Ideo
795 3955 840 4015 ait
863 3953 1019 4023 denseti,
1050 3955 1134 4035 quod
1165 3952 1276 4022 nobis,
1308 3945 1335 4006 ci

353 4055 614 4140 aequinoctialem
649 4057 690 4120 ed
721 4056 857 4120 multem
888 4055 1093 4118 latitudinem
1127 4053 1206 4128 fitis,
1246 4051 1323 4114 deve
