2764 4958
324 384 384 455 184
590 376 752 436 norro
793 349 1100 434 nxoonrrc'ro

274 483 289 542 θ
327 549 454 637 (strabo
472 544 554 634 ol.)
592 553 642 613 Do
660 539 963 636 fingoiiod'eincepo.
997 550 1118 613 Ambae
1132 549 1228 612 hodie
1248 569 1325 610 vora

330 667 381 714 tur
395 673 412 714 a
428 653 564 715 Franco·
575 653 671 714 Gallio
687 652 728 713 les
739 653 850 714 Serbes
860 652 899 712 de
908 649 1062 713 Barbarie
1067 673 1080 724 ,·
1106 657 1210 712 minor
1227 651 1252 711 ie
1264 650 1338 711 601

330 754 370 816 de
394 751 505 816 onies.
556 751 608 818 ef.
630 755 739 818 l'oiret
760 771 882 839 voyage
903 773 945 816 en
967 751 1108 816 barbarie
1123 773 1155 837 p.
1173 767 1206 830 7.
1229 749 1304 813 disco
1333 786 1335 799 =

331 853 557 939 pre'iiminoire.
1340 835 1343 932 i

409 1057 594 1140 errrorem)
653 1059 812 1142 Polybius
840 1057 923 1141 opud
956 1057 1099 1121 Plinium
1121 1066 1153 1134 5,
1177 1067 1211 1137 4,
1236 1041 1344 1118 cento²

335 1155 384 1221 Μ.
399 1159 436 1221 Ρ.
453 1161 550 1231 adito,
573 1174 712 1223 tercenta
731 1161 777 1223 M.
793 1161 830 1222 P.
846 1159 979 1222 ambitu.
1016 1161 1128 1238 Scylax
1143 1179 1175 1241 p.
1191 1169 1250 1237 49.
1264 1155 1332 1216 Hod

337 1259 494 1321 ambitum
507 1259 580 1324 iacit
597 1276 693 1324 2000
713 1263 892 1330 iiodiorum.
914 1258 1027 1322 Strabo
1043 1275 1097 1333 17.
1115 1280 1147 1342 p.
1158 1272 1239 1338 574.
1250 1257 1268 1318 i.
1280 1269 1321 1332 83

337 1360 537 1444 Agathemer.
566 1381 595 1432 ι,
622 1375 655 1441 3.
672 1365 717 1424 in.
742 1377 774 1424 et
800 1379 832 1431 o,
862 1373 915 1436 ro.
933 1381 977 1423 m.
1011 1361 1154 1423 Euiioth.
1177 1361 1213 1420 ad
1238 1361 1334 1434 Diony

338 1481 371 1522 v.
394 1473 474 1540 198.
504 1463 609 1525 1600.
636 1465 836 1525 latitudinem
860 1459 928 1522 oiiii
950 1463 1061 1525 Strabo
1077 1482 1104 1522 o.
1120 1463 1141 1523 Ι.
1171 1459 1317 1543 Agathem

344 1581 374 1632 ι,
393 1573 426 1638 5.
451 1563 522 1625 ooo
540 1563 709 1626 stadiorum
730 1567 752 1625 i.
768 1585 797 1628 o.
823 1575 882 1640 75.
900 1562 947 1626 M.
963 1565 1000 1626 P.
1038 1563 1172 1623 Initium
1187 1563 1272 1621 ducit
1288 1534 1349 1630 stri

339 1661 383 1724 bo
403 1681 429 1724 c.
446 1665 467 1726 Ι.
490 1683 563 1724 cum
581 1665 791 1748 Agathemoro
814 1685 843 1733 ι.
858 1675 891 1740 5.
913 1663 951 1724 ab
978 1661 1076 1724 insula
1093 1663 1260 1730 Ceruium.
1284 1650 1350 1730 eiii

341 1762 495 1848 Meninga
517 1767 660 1826 extendit
683 1769 767 1828 inter
791 1767 856 1827 duo
877 1765 1106 1846 promontoria.
1149 1759 1202 1826 Cf.
1219 1765 1310 1822 etiam
1325 1759 1351 1822 dr

340 1867 523 1926 exreniione
538 1866 632 1928 Shaw
646 1869 686 1930 T.
704 1889 732 1931 ι.
748 1888 781 1951 p.
793 1879 877 1952 248.
911 1865 1026 1947 Cingir
1041 1861 1079 1928 ic.
1097 1875 1262 1948 occeptum
1276 1877 1352 1923 maro

341 1960 426 2026 Infra
444 1959 562 2051 flexum
585 1969 666 2049 ogit.

418 2167 467 2229 im
474 2161 701 2262 portuosus
714 2170 790 2256 -)
829 2171 981 2235 Portibus
1000 2187 1116 2238 careno,
1139 2163 1354 2251 innavigabilis

343 2255 397 2330 Sic
418 2285 525 2330 contra
548 2271 660 2334 Cicero
685 2269 747 2361 [de
770 2262 1048 2354 orot.c.19.in.]
1071 2261 1260 2358 portuosum
1285 2287 1355 2328 more

344 2367 465 2431 multos
483 2386 594 2451 portus
617 2371 747 2436 habeor.
786 2375 880 2435 Floro
903 2367 957 2459 [ι.
980 2373 1034 2440 16.
1051 2363 1107 2455 4.]
1133 2370 1252 2430 dicitur
1275 2358 1356 2458 'wsi'i

343 2467 419 2531 tale.
454 2489 622 2534 ononvrvo
645 2475 721 2537 MS.
780 2477 832 2537 Sic
852 2488 961 2536 contro
990 2474 1091 2536 noiier
1114 2487 1146 2539 o.
1172 2491 1203 2540 r.
1231 2485 1263 2550 3.
1283 2467 1357 2559 stnn

343 2562 530 2662 portuosus,
555 2586 587 2634 et
607 2587 644 2633 ut
661 2574 714 2636 hic
735 2575 775 2635 de
792 2573 904 2656 Caspio
926 2577 1004 2636 mari
1022 2589 1054 2653 3.
1071 2583 1103 2648 5.
1125 2585 1157 2649 3.
1181 2585 1289 2640 atrox.
1307 2559 1357 2660 sac

344 2687 436 2738 vom.
453 2667 527 2757 fine
545 2672 710 2753 portubus.
760 2677 806 2737 Ira
827 2695 905 2736 vero
926 2689 959 2736 et
980 2677 1031 2735 olii
1056 2671 1240 2735 describunt
1261 2675 1357 2749 Syrtes

348 2768 401 2830 Sic
417 2771 527 2836 Horat.
549 2795 577 2838 ι.
594 2776 649 2837 od.
664 2793 719 2844 oo.
738 2789 770 2853 5.
793 2767 954 2870 aestuosos
970 2789 1063 2839 vocat
1077 2774 1162 2837 coni.
1181 2791 1213 2836 o.
1230 2775 1284 2836 od.
1294 2773 1325 2840 6.
1340 2779 1357 2847 ir

345 2865 511 2961 inhospita
532 2875 635 2956 Syrtis
650 2877 760 2960 Virgii.
778 2880 856 2940 Aen.
875 2887 909 2959 4,
930 2887 990 2956 4¹·
1019 2877 1136 2938 Lucan.
1157 2894 1186 2944 ι,
1205 2871 1288 2954 367.
1327 2871 1357 2932 Cl

346 2969 465 3036 Lucan.
485 2991 520 3054 9.
540 2989 610 3056 505
622 2974 682 3060 sqq.
709 2978 828 3042 Sallust.
845 2979 885 3041 de
901 2977 939 3041 B.
958 2979 1028 3064 lug.
1044 2997 1072 3043 c.
1090 2991 1145 3054 17.
1162 2989 1197 3037 et
1211 2975 1258 3036 ibi
1273 2973 1357 3038 Corn

423 3170 564 3236 brevia
573 3175 591 3256 )
644 3175 681 3240 V
678 3177 809 3241 odorrem
832 3177 939 3242 brevia
958 3179 1002 3243 ost
1023 3179 1149 3264 elegano
1171 3173 1357 3262 pleonaimo

349 3291 424 3334 cum
443 3277 629 3338 alterutrum
653 3277 826 3344 srrffeciil'ot.
877 3283 1001 3342 Vndum
1021 3281 1149 3362 proprie
1168 3279 1246 3343 effot
1266 3276 1357 3337 fundo

347 3369 404 3434 sub
419 3395 507 3458 aqua.
560 3379 630 3440 Hoc
647 3379 812 3461 respiciens
830 3380 913 3442 Mein
929 3381 1007 3443 dicit
1030 3379 1153 3451 brevio.
1185 3381 1246 3442 ubi
1268 3395 1357 3456 nemp

347 3493 445 3555 aqoae
461 3498 526 3539 non
541 3479 637 3541 effent
655 3480 839 3562 profundae.
866 3483 913 3542 nri
929 3479 1028 3543 solent
1043 3483 1148 3544 Latini
1165 3479 1259 3542 breve
1279 3482 1357 3540 dicer

347 3593 407 3653 pn»
423 3581 550 3665 exiguo.
571 3595 777 3682 nonpontum
791 3581 932 3665 respectu
948 3582 1126 3645 latitudinis
1141 3583 1192 3644 vel
1210 3581 1354 3666 longitud

349 3681 418 3748 nis,
446 3679 495 3740 sed
519 3701 723 3762 quocunqne.
758 3703 782 3746 1.
805 3702 1002 3764 onorrovrvo
1024 3683 1100 3746 MS.
1125 3703 1155 3746 ι.
1220 3685 1312 3745 Idem
1333 3679 1357 3738 bi

350 3773 456 3850 dicit..
480 3797 519 3841 ιιι
547 3782 622 3844 soler
651 3785 826 3846 interdum.
876 3785 965 3846 Sicut
995 3784 1131 3846 luiiinuo
1155 3777 1223 3870 [Ω.
1246 3785 1280 3854 6,
1305 3782 1357 3842 ¹6·

350 3879 428 3940 dicit
451 3875 591 3972 offensor
600 3880 834 3971 storatianum
864 3886 951 3945 idem
967 3899 1000 3960 7,
1018 3899 1051 3954 n.
1067 3885 1100 3950 6.
1128 3884 1244 3950 cicero
1261 3883 1299 3945 ad
1316 3881 1357 3940 dii

354 3991 386 4046 2.
405 3991 439 4058 4.
458 3981 560 4060 glorio
582 3983 695 4046 landis.
724 4004 747 4045 ι.
773 4005 970 4048 onooovrvo
988 3987 1062 4048 MS.
1082 4001 1115 4047 Ω.
1160 3985 1290 4047 Graecia
1306 3980 1357 4064 (321

350 4101 418 4164 χει
441 4078 464 4144 s.
484 4075 619 4171 βρᾶχη,
654 4103 732 4167 quoe
750 4097 784 4148 et
806 4087 842 4149 in
861 4087 1031 4156 Tritonide
1051 4097 1208 4150 memorat
1227 4085 1357 4150 Herodo
