2764 4954
157 379 209 438 ru
235 354 372 438 roror.
403 377 509 436 mar.
551 377 633 436 ω.
676 375 782 436 uxr.
824 377 902 449 en.
986 385 1051 456 549

39 551 130 616 Plinio
145 552 178 624 6.
194 565 251 633 30.
269 551 292 616 s.
310 554 370 618 26.
403 551 459 616 etli
481 551 606 634 postero
630 563 775 634 tempore
795 549 884 634 saepe
903 550 937 612 in
959 549 1051 614 librie

40 667 293 726 commemoratur,
316 667 349 718 et
364 673 439 716 cunr
453 654 594 716 Seleucia
609 655 826 738 coniungitur,
850 653 953 715 veluti
967 651 1053 733 apud

42 753 99 817 sir.
113 767 166 834 58,
189 773 243 826 17.
264 777 319 819 tr.
356 755 489 838 Eutrop.
506 767 540 832 8.
559 767 592 833 3.
608 753 629 816 s.
647 769 681 818 u.
710 751 790 840 (sub
815 750 975 834 Traiano)
1002 785 1053 802 -·

39 855 131 918 Strabo
146 869 251 920 tamen
266 855 322 918 suo
338 871 481 938 tempore
494 857 630 917 maxime
646 875 684 918 ex
699 869 787 938 parte
797 855 948 918 desertam
962 851 1054 916 fnisse

41 953 125 1016 inibit
139 976 165 1018 c.
183 957 206 1020 l.
239 954 404 1018 Pausaniae
420 967 454 1034 8,
475 969 532 1036 53.
555 957 601 1016 nil
616 955 673 1016 nili
689 975 798 1020 muroa
812 957 940 1018 relictos
959 955 1056 1016 novit

40 1069 65 1116 et
82 1057 116 1118 lie
133 1057 197 1119 alii.
249 1057 314 1120 Ubi
337 1057 434 1120 hodie
449 1057 525 1120 lituo
546 1059 614 1118 eiuo
628 1058 707 1140 poni
727 1057 857 1128 debeat.
883 1056 1054 1139 quaeritur.

41 1157 81 1218 Sic
93 1155 244 1220 llauwols
262 1157 390 1242 (Reisen
408 1158 449 1222 T.
467 1173 501 1222 Ω.
517 1177 584 1240 cap.
601 1173 635 1232 7.
649 1161 678 1237 §.
693 1155 789 1240 164.)
810 1159 865 1241 qui
880 1178 931 1220 an.
949 1159 1055 1236 1564.

41 1257 172 1322 alerentur
200 1258 245 1321 esi
271 1258 434 1341 Euphrate
460 1256 506 1340 56
525 1257 702 1322 miliaribus
726 1257 833 1324 versuo
856 1261 1057 1322 occidentem

40 1359 172 1420 aestivum
187 1360 228 1422 ab
242 1359 321 1422 urbe
333 1359 461 1445 Bagdarl
474 1361 587 1422 rudera
602 1358 632 1422 se
646 1362 715 1422 eino
731 1359 842 1423 vidllse
861 1375 973 1431 namet,
999 1359 1057 1421 ubi

41 1480 111 1522 nunc
128 1463 219 1523 ricus
237 1460 347 1542 Elugo
369 1459 390 1524 s.
411 1461 544 1550 Felujio.
595 1461 704 1524 Pietro
728 1462 808 1524 della
824 1463 909 1526 Valle
931 1461 1059 1546 (Viaggi
1138 1539 1143 1548 .

41 1560 68 1622 Ρ.
83 1578 113 1623 o.
128 1563 196 1626 lett.
217 1559 290 1644 17.)
312 1565 419 1624 ruinae
439 1565 473 1622 in
494 1562 626 1644 planitie
648 1581 762 1648 magna
780 1579 801 1626 tt
819 1564 945 1625 dierum
965 1565 1060 1624 itine-

40 1661 111 1725 ribne
129 1661 209 1724 infra
225 1663 265 1724 ad
281 1663 480 1746 Euphratem
502 1663 566 1726 huo
586 1660 701 1736 telem
735 1665 835 1730 Lucet
855 1667 996 1748 (voyage
1019 1683 1060 1723 au

42 1762 146 1826 lerant
169 1766 211 1827 T.
233 1778 266 1826 Ω.
290 1785 323 1845 p.
344 1765 450 1842 538.)
474 1783 575 1846 prope
600 1763 728 1848 Bagdad
753 1765 868 1830 statuit.
928 1766 989 1826 Sed
1013 1777 1059 1835 ut,

42 1861 141 1928 omiffie
161 1866 249 1935 aliis.
274 1867 489 1927 recentiorum
513 1867 694 1946 aliquorum
718 1867 888 1948 opiniones
910 1864 1058 1936 adseram,

42 1963 148 2028 Niebnr
166 1963 403 2050 (lleilebelchr.
419 1967 501 2028 neclr
515 1967 650 2028 Arubien
670 1967 740 2030 Vol.
757 1982 791 2030 Ω.
806 1987 838 2049 p.
855 1965 960 2048 287·)
987 1987 1060 2028 con·

42 2067 147 2140 tendit,
178 2067 269 2130 houd
288 2068 398 2148 procul
415 2067 454 2128 ab
469 2067 561 2130 Helle
578 2065 600 2130 s.
618 2067 731 2129 Hellesr
746 2059 877 2138 stetisse,
905 2069 990 2150 quod
1014 2071 1060 2127 in·

42 2167 112 2228 miae
130 2189 207 2233 eum
228 2181 369 2230 tractum
389 2171 486 2230 etiam
505 2187 594 2230 nunc
615 2167 712 2234 hodie
728 2182 847 2232 vocent
866 2169 935 2230 Arci
950 2167 1061 2240 Bnbel,

41 2279 66 2328 et
86 2269 167 2333 urbie
191 2269 243 2330 ibi
268 2270 379 2332 rudera
406 2268 655 2354 conspiciantur,
690 2289 769 2352 quae
803 2271 882 2334 alluo
907 2269 967 2332 else
994 2290 1061 2332 non

43 2365 161 2448 poffint3
194 2372 372 2434 convenire
389 2372 486 2443 etiam
504 2371 623 2454 lapidee
640 2385 769 2454 propter
785 2384 884 2435 terrae
904 2371 1061 2444 indolem,

41 2487 104 2547 qnae
124 2470 191 2535 fixa
212 2468 364 2534 rarissima
392 2471 544 2536 ostendar.
594 2471 669 2534 Poll
689 2475 785 2535 etiam
810 2475 895 2536 idem
919 2493 950 2556 p.
980 2485 1061 2551 233.

43 2567 193 2636 hortorum
231 2571 399 2654 penfilium
433 2572 563 2658 vestigia
596 2575 749 2654 quaedam
782 2575 921 2636 inveniri
955 2589 1065 2656 putata

45 2685 133 2735 tontm
145 2671 360 2738 Sanveboeus
379 2671 511 2750 (Reisen
527 2703 577 2717 -
596 2677 636 2736 T.
657 2691 690 2738 u.
713 2695 745 2756 p.
763 2680 843 2756 72.)
866 2673 973 2737 srullra
993 2680 1062 2737 elue

43 2774 137 2836 rudera
160 2773 289 2856 quaeri,
326 2788 382 2835 aut
406 2772 477 2836 salsa
503 2775 608 2836 iactari
633 2776 786 2840 adfirmat.
846 2779 907 2840 Sed
939 2781 1063 2859 gravior
1192 2837 1195 2846 ,

43 2872 111 2937 tesia
129 2873 312 2938 emolienduo
335 2873 378 2936 est
400 2875 612 2947 Niebuhriue,
633 2877 736 2938 ouiue
757 2875 944 2940 sententiam
967 2879 1063 2938 etiam

43 2989 72 3032 ex
87 2976 228 3040 locorum
247 2989 428 3058 comparato
445 2976 503 3038 litu
520 2975 650 3062 operose
670 2976 821 3040 adstruxit
838 2977 996 3040 d'llnville
1015 2977 1064 3038 sur

44 3072 210 3156 lapostion
234 3076 275 3149 tle
290 3077 453 3156 Babylone
474 3078 509 3138 in
525 3078 698 3140 Memoiree
713 3111 761 3126 -
779 3081 820 3140 do
837 3081 924 3141 Paria
947 3081 986 3142 T.
1004 3092 1061 3156 28.

44 3192 68 3253 p.
84 3177 150 3258 246
165 3178 229 3262 sqq.
258 3181 314 3260 qui
331 3179 421 3240 simul
436 3176 552 3240 refutat
568 3197 632 3249 eoo.
655 3180 709 3260 qui
726 3182 933 3250 crediderant,
954 3180 985 3240 h.
1003 3179 1063 3242 esse

47 3271 303 3370 Tel-aldradus
322 3280 359 3341 nd
380 3281 524 3365 Tigrim.
563 3299 636 3342 curn
660 3279 806 3361 Babylon
830 3281 882 3342 srta
905 3279 998 3343 suerit
1025 3283 1063 3342 ad

45 3374 238 3460 Euphratem.
276 3379 327 3444 ef.
345 3383 440 3444 etiarn
458 3383 545 3443 idem
561 3379 611 3443 sur
626 3376 796 3462 l’Euphrat
811 3395 844 3444 et
862 3384 968 3467 Tigrin
991 3403 1062 3466 pag.

49 3493 104 3558 113
120 3479 183 3565 sqq.
237 3485 289 3544 De
321 3480 580 3564 inscriptionibuo
609 3481 829 3562 Babylonioio,
862 3503 940 3565 quae
967 3484 1064 3548 hodie

45 3579 202 3658 agitantur,
230 3584 298 3645 vid.
316 3596 437 3665 praeter
451 3584 529 3644 alioa
544 3583 649 3667 Hager
665 3585 698 3644 in
712 3583 870 3667 Klaproth
885 3583 1065 3647 Astatischee

46 3675 175 3764 lingantn
198 3705 251 3746 an.
273 3697 377 3761 1802.
400 3707 433 3746 n.
451 3699 485 3764 3.
506 3705 539 3791 q.
555 3687 628 3765 246
644 3682 705 3766 sqq.
740 3707 774 3748 n.
797 3695 833 3766 4.
861 3705 893 3768 p.
913 3701 984 3765 292
1001 3683 1063 3767 sqq.

45 3795 71 3838 ¹²
87 3782 117 3848 ⁶·
135 3805 167 3867 r·
182 3797 258 3865 478
277 3783 339 3868 son·

101 3975 130 4074 s
128 3986 230 4050 iocis
238 3986 256 4068 )
303 3989 340 4050 ln
358 3987 550 4068 Assyriorum
567 4003 645 4054 terra
662 4011 772 4074 parum
788 3990 880 4074 pluit.
915 3990 1011 4074 Quod
1030 3991 1061 4049 in

47 4095 75 4144 Β
94 4083 433 4176 frumentigerminat,
467 4093 499 4154 id
519 4093 652 4156 demum
670 4093 732 4166 etl,
763 4094 850 4175 quod
873 4113 912 4156 ex
931 4093 1065 4153 flumine
