2828 4966
365 447 407 520 56
634 407 797 498 Nortia
834 439 1133 498 axaoartcat:

367 615 454 679 unde
471 611 544 676 lcire
558 612 708 700 potnilii.
723 615 765 673 ita
781 631 846 674 nou
863 611 945 674 ellel
978 633 1051 674 cum
1071 613 1154 673 dicar
1175 623 1299 680 tamen,
1322 627 1374 690 qut

368 717 570 799 Hipparchus
587 711 755 794 scripserit,
781 733 880 796 prope
896 735 1009 775 verum
1032 713 1102 774 elle.
1146 714 1275 774 Plinius
1297 713 1329 779 6.
1349 725 1374 770 21

369 815 413 907 [l.
434 812 513 900 otu]
538 811 800 894 frequentillrmae
822 835 891 876 eam
909 816 962 876 vel
982 835 1021 876 ex
1038 815 1257 875 recentiorum
1274 813 1374 873 testim

369 923 424 982 nio
445 917 649 978 habitationis
666 915 725 976 elle
749 913 862 988 scribit.
886 945 935 960 -
973 917 1076 984 Adde,
1103 917 1185 995 quod
1207 913 1374 994 Pomponi

368 1021 423 1082 lib.
445 1035 476 1098 3.
499 1016 546 1105 [c.
563 1037 596 1096 9.
618 1010 683 1099 in]
707 1014 820 1087 scribit,
845 1015 931 1098 lupra
949 1023 1130 1099 Aegyptum
1148 1015 1325 1076 uteroanos
1341 1013 1374 1072 eli

369 1107 434 1202 qni
446 1120 560 1202 partim
584 1115 739 1177 Macrobii
758 1119 984 1188 nominentnr;
1012 1117 1182 1178 lilerotinoe
1200 1131 1312 1176 autem
1330 1111 1374 1172 int

370 1222 482 1285 Cancri
502 1219 658 1300 tropicum
673 1229 705 1278 et
720 1217 999 1299 aequatoremelle,
1019 1217 1223 1280 Ptolemaeus
1244 1213 1298 1302 [ci.
1311 1216 1364 1274 lib.

370 1325 403 1384 in
421 1320 542 1383 Africae
558 1318 620 1379 tab.
641 1330 674 1396 4.
699 1333 731 1379 et
755 1341 782 1388 ι,
804 1339 856 1388 ro,
875 1317 951 1407 25.]
975 1333 1083 1380 auctor
1103 1319 1155 1380 eit.
1208 1319 1302 1400 Quid
1324 1331 1374 1396 qut

287 1407 292 1424 ’
325 1410 331 1422 '
370 1424 427 1484 lib.
449 1436 481 1501 3.
503 1415 550 1506 [c.
570 1413 624 1504 9.]
649 1423 701 1488 ait,
728 1421 911 1490 Eudoxum,
941 1440 1077 1480 atrorum
1105 1419 1233 1480 luorum
1260 1433 1374 1498 tempor

370 1524 446 1590 bus.
481 1541 556 1582 cum
578 1521 752 1580 Lathurum
772 1521 974 1582 Alexandriae
997 1541 1103 1603 regem
1128 1518 1317 1602 profugeret
1338 1517 1374 1576 alr

370 1624 444 1684 bico
462 1623 529 1683 linu
550 1620 721 1704 egrelium‚
748 1641 803 1702 por
823 1621 885 1681 huc
905 1622 1050 1704 pelagus,
1077 1635 1112 1681 ut
1129 1621 1243 1703 Nepos
1265 1617 1374 1695 affirma

372 1725 476 1786 Gadea
496 1742 596 1803 ueque
616 1734 802 1802 pervectum
819 1721 896 1791 elle,
924 1720 1001 1782 sicut
1019 1735 1051 1783 et
1068 1723 1265 1783 Hannonem
1287 1719 1374 1780 Plinit

375 1844 405 1894 a.
423 1827 482 1894 67.
503 1844 559 1906 per
577 1821 694 1882 iratum
712 1823 903 1884 Gaditanum
919 1822 1081 1906 egrellum.
1095 1837 1127 1884 et
1142 1823 1293 1884 Arabiam
1310 1837 1374 1898 urqt

371 1924 507 1996 venisse.
541 1938 575 1985 et
596 1921 680 1984 luam
705 1925 940 2008 navigationem
965 1924 1076 2005 scripto
1098 1921 1272 2005 prodidille
1295 1917 1374 1982 afferi

373 2028 506 2098 Mirum,
521 2045 587 2086 non
601 2025 697 2086 tolloa
706 2023 795 2086 inille
807 2025 976 2086 Eudoxum
990 2039 1022 2085 et
1033 2025 1228 2088 Hannonem
1243 2025 1278 2084 in
1290 2019 1374 2102 dupli

371 2149 428 2213 per
450 2128 599 2189 torridam
623 2143 736 2185 zonam
759 2126 904 2194 tranlltu‚
932 2145 1006 2187 cum
1031 2139 1156 2196 tamen,
1182 2139 1222 2185 ut
1245 2125 1333 2184 idem
1354 2119 1374 2180 al

371 2241 502 2312 propter
516 2227 620 2288 siderio
636 2226 820 2286 incendium
835 2239 1024 2308 temperatae
1040 2227 1178 2288 invicem
1194 2225 1324 2306 perviae
1339 2237 1374 2280 no

373 2329 444 2391 sint.
473 2327 562 2388 ldem
581 2327 703 2388 Plinius
719 2341 752 2395 Ω,
775 2328 829 2388 ι6.
854 2323 897 2414 [l.
913 2321 986 2412 15.]
1010 2329 1088 2386 nint}
1106 2327 1239 2388 habitari
1256 2329 1289 2385 in
1308 2319 1374 2382 terri

372 2448 468 2510 quam
495 2429 580 2508 quod
604 2427 733 2488 zodiaco
757 2424 906 2498 subiacet,
936 2428 1111 2489 conllanter
1132 2427 1250 2496 allerit,
1280 2423 1374 2488 termit

373 2543 482 2590 antem
505 2527 700 2608 obliquitatis
719 2529 840 2588 zodiaci
863 2525 933 2588 lunt
952 2529 1089 2610 paralleli
1117 2528 1248 2609 tropici:
1284 2525 1337 2586 iub
1360 2542 1374 2582 a

332 2608 336 2630 ⁵
374 2629 450 2691 dore
470 2630 576 2713 igitur,
603 2627 676 2688 telle
699 2625 817 2698 Plinio,
844 2631 936 2690 unica
953 2631 1135 2689 mortalium
1159 2628 1314 2688 habitatio
1335 2621 1374 2683 erl

374 2731 437 2793 Cui
455 2729 601 2810 opinioni
617 2727 820 2789 fundamenta
837 2730 936 2790 iecille
951 2731 1047 2792 Stoici
1063 2731 1163 2790 videri
1180 2729 1318 2810 poliunt.
1338 2743 1374 2802 qtt

374 2845 410 2891 ut
433 2833 465 2890 in
485 2831 604 2910 placitis
628 2827 681 2917 [2.
702 2827 779 2914 23.]
800 2832 894 2890 tradit
917 2830 1123 2899 Plutarchus,
1151 2829 1248 2891 lolem
1274 2827 1374 2888 lubiec

375 2931 430 2990 fibi
448 2932 591 2991 alimenti
615 2945 747 2990 tractum
771 2951 948 3010 percurrere
970 2933 1094 2992 dixere:
1120 2951 1194 2991 eum
1218 2944 1325 2990 autem
1345 2921 1374 2986 el

373 3051 528 3093 oceanum
550 3043 582 3090 et
601 3044 731 3098 terram.
759 3035 849 3093 cuius
869 3052 907 3092 ex
924 3029 1086 3112 spiratibus
1107 3031 1261 3112 pascatur,
1288 3043 1323 3089 ut
1343 3027 1374 3086 ht

373 3133 473 3194 modo
498 3131 664 3192 zodiacum
698 3135 787 3192 zonia
820 3134 1000 3212 temperatio
1025 3133 1142 3194 obduci
1167 3127 1241 3194 fallo
1268 3127 1374 3192 credid

373 3234 455 3294 rint:
490 3245 527 3291 ut
547 3246 577 3292 et
596 3230 684 3292 Maro
701 3253 737 3292 ex
754 3233 965 3294 Eratosthenis
987 3231 1137 3295 sententia
1160 3233 1214 3295 lib.
1236 3233 1351 3313 Georg.
1373 3243 1374 3286 t

374 3333 422 3412 [v.
442 3335 540 3413 239]
567 3334 620 3412 qui
637 3335 800 3393 zodiacum
816 3355 871 3415 per
890 3334 996 3396 ambae
1011 3347 1197 3416 temperatae
1218 3335 1320 3401 tendi.
1344 3327 1374 3388 td

374 3433 497 3495 lortalle
518 3435 647 3494 innixus
665 3434 853 3503 auctoribus,
874 3436 1019 3496 credidit.
1039 3469 1085 3481 ·-
1108 3453 1295 3498 vaotauva.
1335 3427 1374 3491 Ni

373 3537 595 3596 immemorem
615 3533 661 3596 ini
682 3533 769 3597 tuille
785 3535 903 3596 Melam
925 3537 1022 3605 velia.
1048 3535 1136 3596 aliter
1152 3537 1191 3596 de
1214 3537 1337 3596 illarum
1356 3545 1374 3588 rt

375 3637 508 3719 gionum
524 3635 582 3696 litu
600 3635 713 3699 statuit.
751 3637 812 3698 Sed
829 3637 918 3698 etita
935 3635 974 3696 de
989 3639 1027 3697 iis
1042 3637 1197 3718 loquitur,
1223 3651 1259 3696 ut
1274 3656 1313 3698 ex
1328 3632 1374 3692 alit

375 3755 446 3796 rurn
464 3735 525 3797 lide
547 3733 600 3796 ilia
619 3751 866 3807 commemoret,
893 3733 975 3818 iple,
999 3754 1035 3797 ut
1058 3759 1086 3807 r,
1102 3757 1136 3818 9,
1151 3749 1185 3816 4.
1210 3739 1308 3822 polita
1330 3747 1374 3793 cot

374 3838 498 3897 ditione
520 3833 697 3918 dubiusque
713 3839 745 3898 id
767 3835 915 3920 proier'at.
967 3838 1036 3900 Effe
1052 3852 1156 3900 tamen
1177 3853 1209 3900 et
1225 3834 1374 3900 antichtht

373 3957 429 3998 naa
453 3939 485 3996 in
511 3937 628 3998 aullrali
649 3959 728 4000 zoua
748 3940 892 4019 itemque
913 3942 1095 4020 antipodas,
1133 3940 1187 4002 etii
1213 3941 1253 4001 de
1275 3939 1374 4000 illorut

376 4036 499 4098 sedibus
521 4037 603 4098 nihil
626 4036 781 4120 comperti
804 4039 962 4108 habeatur.
992 4059 1031 4101 ex
1049 4043 1169 4103 ratione
1184 4039 1325 4122 sphaerae
1341 4048 1374 4094 tet

373 4159 487 4220 raeque
505 4139 601 4221 figura
620 4141 754 4225 intelligi
776 4140 895 4202 censuit
916 4145 978 4203 iant
994 4141 1149 4205 Geminus
1166 4165 1196 4226 p.
1215 4157 1272 4221 52.
1287 4138 1349 4204 c.l.
