2852 4946
253 393 469 451 turone.
498 393 606 450 tter.
647 393 730 450 ut.
771 371 894 456 cdxv.
934 393 1014 464 ee.
1092 398 1154 469 437
1210 375 1214 382 ’

111 563 376 650 distinguendum
407 563 480 630 elie.
528 565 620 652 Quae
660 586 738 630 vero
769 579 843 630 ente
876 566 1003 646 Lycum
1035 565 1153 646 Lyciae

110 667 225 748 populi
247 668 377 727 nomine
401 665 566 752 gelferint,
593 667 721 730 discitur
736 688 775 730 etr
794 667 961 731 Herodoto
977 681 1010 729 et
1023 669 1107 735 aliie.
1134 685 1153 728 e

109 769 229 849 quibus
248 781 541 830 commemorantur
557 769 688 852 Solymi,
714 768 852 852 Milyae,
880 767 1040 832 Termifue.
1086 769 1153 830 Ho-

109 887 219 930 merue
235 883 341 930 tameo
357 869 505 950 Solymos
521 885 553 932 et
570 871 686 950 Lycios
699 867 773 932 facit
789 868 939 941 diversor,
965 871 1044 932 dum
1060 869 1098 930 Il.
1117 869 1151 940 6,

115 981 187 1050 134
203 969 266 1051 qu.
291 968 403 1040 refert,
430 969 713 1054 Bellerophontem
732 973 845 1051 Lyciae
864 973 947 1057 regie
963 969 1043 1034 inll'u
1061 971 1151 1048 Soly-

108 1073 173 1132 mie
206 1071 327 1132 bellum
362 1071 518 1143 intulille,
563 1092 703 1155 quocum
743 1071 881 1136 conferri
917 1075 1013 1135 etium
1047 1069 1150 1156 potest

108 1170 226 1237 Strabo
247 1183 300 1254 ι4.
321 1193 353 1254 p.
371 1181 457 1252 459.
475 1171 494 1233 f.
514 1173 598 1246 667.
622 1173 798 1256 probatque
819 1193 890 1244 eor,
922 1174 977 1256 qui
1000 1174 1150 1253 Solymos

107 1274 247 1336 Homeri
263 1272 331 1355 poll
347 1274 502 1353 Milyadae
525 1277 627 1337 dictos
647 1274 707 1340 elle
729 1277 847 1347 velint,
872 1277 1022 1356 Solymos
1039 1287 1150 1336 autem

106 1373 175 1459 ipfe
199 1375 256 1436 lib.
282 1395 310 1437 t.
333 1395 365 1458 p.
388 1393 441 1438 to.
457 1375 479 1440 f.
496 1391 556 1440 ut.
580 1378 663 1440 inter
682 1377 810 1454 Lyciam
832 1389 865 1439 et
886 1376 1033 1438 Pisidiam
1056 1376 1154 1458 ponit

107 1479 143 1538 iu
162 1476 296 1539 fummie
310 1477 410 1538 Tauri
425 1479 518 1562 iugit,
537 1478 672 1541 Homeri
689 1477 763 1540 nfur
779 1479 966 1542 auctoritate
981 1495 1021 1541 ex
1037 1474 1147 1556 Odyll'.

108 1591 143 1657 5,
166 1589 251 1656 283.
279 1578 333 1641 etii
349 1578 396 1640 ibi
411 1581 540 1660 quidam
556 1581 669 1642 malint
683 1566 719 1654 ἐξ
732 1569 894 1668 Ἐλύμων,
917 1581 957 1642 de
971 1597 1046 1662 quo,
1072 1597 1149 1640 cum

106 1681 192 1741 nihil
210 1681 249 1741 ad
271 1677 370 1762 ipfnm
390 1679 472 1743 huuc
485 1681 699 1762 quaestionem
715 1683 835 1753 valeat,
862 1679 901 1746 cf.
920 1678 1150 1743 Soltlichthorst

107 1783 142 1842 iu
160 1783 279 1866 Geogr.
304 1781 441 1844 Homeri
460 1803 494 1866 p.
515 1795 571 1864 t3.
622 1783 688 1845 Alit
708 1783 854 1862 Solymos
874 1781 942 1866 poll
957 1781 1074 1844 Pilidas
1095 1780 1151 1842 ed«

105 1883 243 1967 pellatur
264 1879 355 1944 fuille
376 1884 525 1954 tradunt,
557 1885 659 1946 veluti
678 1885 802 1947 Pliniue
819 1895 850 1962 5,
873 1893 931 1963 24.
954 1881 974 1945 f.
993 1896 1052 1956 27.
1080 1881 1149 1944 Ste-

104 1985 237 2068 phauue
253 1981 274 2047 f.
294 2003 374 2046 vote
389 1980 552 2074 Σόλυμοι,
575 1985 755 2048 Eulfathiue
771 1985 807 2046 ad
820 1985 952 2048 Homer.
963 1985 1000 2047 ll.
1015 1983 1049 2054 6.
1067 1992 1149 2062 184.

105 2105 140 2170 p.
162 2105 210 2148 m.
229 2097 316 2166 493.
340 2086 473 2168 aliique,
505 2106 585 2170 quoe
604 2088 753 2172 produxit
768 2085 911 2150 Hulften.
932 2085 971 2147 ad
992 2084 1146 2166 Stephon.

106 2208 142 2271 p.
159 2201 246 2266 502.
290 2187 357 2272 Qui
383 2189 423 2250 de
450 2187 680 2267 Hierosolymis
711 2203 745 2250 et
772 2188 847 2250 iude
870 2185 911 2250 de
941 2185 1068 2250 ludaeis
1094 2185 1148 2247 hle

107 2291 268 2373 cogitant,
292 2289 328 2350 iu
349 2289 467 2370 quibue
491 2288 643 2374 lofephue
665 2291 786 2372 entiqu.
808 2289 879 2352 lud.
895 2303 928 2364 7,
946 2301 977 2368 3.
1011 2287 1149 2349 Tzetzeo

107 2389 185 2452 chit.
204 2405 237 2465 7.
257 2389 329 2453 hill.
351 2405 431 2470 149.
455 2391 561 2474 plures
583 2392 718 2454 omniuo
739 2393 818 2455 olim
836 2389 893 2452 fec.
908 2389 1010 2452 Tacit.
1027 2385 1147 2450 Hillot.

109 2501 143 2568 5,
165 2505 199 2553 u.
226 2487 293 2570 (Cf.
309 2491 458 2554 Boehart.
477 2493 511 2554 in
523 2492 674 2556 chanaan
696 2515 724 2566 t,
742 2493 791 2572 6.)
814 2492 966 2556 audiendi
981 2508 1048 2554 nou
1063 2487 1146 2553 fuut.

106 2590 234 2654 Referri
249 2595 346 2654 etiam
363 2593 428 2654 huc
447 2593 533 2676 polle
548 2595 694 2666 videtur,
720 2595 805 2678 quod
821 2593 1023 2656 Chimaeram
1045 2608 1147 2674 prope

109 2693 262 2772 Solymos
279 2693 448 2756 conlocant
468 2695 502 2755 in
523 2693 782 2778 Bellerophontis
803 2695 1009 2779 expeditione
1026 2693 1147 2754 Home·

109 2793 439 2877 ms11.6,179tqq.
472 2809 505 2857 et
529 2785 685 2858 Pindarus
710 2796 843 2880 Olymp.
868 2810 921 2874 13,
949 2810 1029 2874 129.
1070 2791 1148 2856 Chi·

107 2915 234 2958 maerae
255 2909 362 2958 autem
390 2895 495 2958 sedem
519 2898 681 2982 adsignant
701 2899 735 2960 in
759 2897 863 2982 Crago
886 2897 999 2974 Lyciae
1022 2905 1147 2958 monte.

107 2994 243 3083 (strabo
268 3007 319 3077 tlp.
336 3019 370 3082 p.
385 3007 470 3077 453.
490 2996 511 3061 f.
530 2993 636 3082 665.)
687 3001 727 3062 In
750 3001 885 3062 nomine
908 2994 1060 3057 Termiloe
1081 2991 1151 3054 fct't·

106 3113 203 3183 ptura
223 3101 373 3161 varietur.
412 3098 593 3183 Adpolitam
616 3097 789 3183 lequuntur
811 3099 997 3162 Herodotus
1013 3113 1045 3168 t,
1064 3105 1148 3174 173.

108 3215 143 3276 ¹7,
160 3217 221 3280 92.
247 3215 280 3262 et
294 3199 408 3264 Strabo
425 3211 480 3282 14.
497 3223 530 3284 p.
546 3211 630 3282 459.
648 3201 669 3265 f.
689 3203 773 3277 667.
817 3201 885 3263 Alia
904 3197 1000 3261 babet
1014 3195 1148 3280 Stepha-
1194 3267 1197 3274 Δ

106 3322 172 3364 nue
195 3299 218 3364 f.
235 3321 269 3362 v.
287 3300 453 3390 Te'ppepo,
487 3304 524 3365 ed
546 3323 643 3384 quem
665 3301 732 3366 rial.
753 3302 894 3365 Holllen.
912 3317 986 3385 pag.
1005 3311 1089 3378 319.
1115 3307 1149 3358 et

106 3400 335 3465 Monoleum
351 3404 506 3466 Antonin.
525 3404 631 3467 Liber.
647 3425 714 3488 cap.
731 3416 791 3486 95.
823 3398 1036 3486 Treutpofttie
1047 3399 1149 3462 literis

107 3499 259 3593 Τρεμίλη
276 3506 372 3567 etiam
388 3505 429 3568 do
443 3505 537 3582 Lycia
553 3503 653 3568 adfert
668 3507 846 3588 Stephanus
860 3505 893 3567 h.
910 3523 943 3564 v.
967 3501 1055 3584 quod
1072 3519 1148 3562 cou-

106 3607 215 3670 firmat
245 3607 428 3668 Antoniou·
453 3606 589 3670 Liberti.
615 3627 681 3689 cap.
707 3619 766 3686 55.
799 3607 855 3668 ubi
878 3603 917 3668 ef.
936 3601 1147 3665 Muuckerue.

106 3709 202 3770 idem
228 3725 308 3770 reto
333 3707 517 3770 Antonione
539 3709 572 3768 iu
594 3709 718 3793 origine
740 3709 880 3770 nominis
903 3707 997 3785 Lycia
1019 3703 1058 3766 ab
1078 3705 1148 3766 aliie

106 3808 240 3878 recedit,
266 3809 346 3870 dum
362 3829 378 3870 e
394 3809 477 3891 lupi·
496 3799 632 3886 (λύκοι)
654 3809 792 3878 derivat,
818 3809 873 3893 qui
892 3790 1048 3892 Latonae,
1072 3825 1147 3867 oum

107 3911 143 3972 iu
158 3911 288 3989 Lyciam
305 3909 447 3982 renidet,
470 3911 556 3970 viam
574 3909 836 3972 monstraverant.
867 3910 936 3972 Nec
951 3911 985 3969 in
1002 3908 1148 3972 terminio

107 4011 336 4074 constituendi·
355 4009 413 4072 fibi
435 4009 576 4074 conflant
598 4024 757 4081 auctores,
784 4031 844 4074 nee
863 4011 1000 4075 conflare
1016 4007 1147 4094 poliunt

106 4127 239 4200 propter
253 4113 450 4179 mutationer
468 4114 559 4178 vario
582 4127 728 4199 tempore
748 4111 853 4180 fectae.
904 4111 1032 4198 Nempe
1051 4111 1145 4192 Lycia
