2922 4958
182 387 235 444 ru
265 385 403 444 tour.
433 385 539 444 uer.
579 385 661 442 1.1.
704 385 837 446 crox,
879 389 1028 466 cna.
1068 389 1129 466 562

81 561 299 646 Stephanum.
347 558 476 622 Evertit
502 577 573 620 eam
602 560 791 644 Philippus.
825 582 880 626 rex
908 563 1126 639 Macedoniae.

82 663 191 729 Persei
213 677 313 748 peter.
336 661 488 741 deditque
506 661 639 733 l‘ruliae,
663 663 833 743 Bithyniae
854 667 930 750 regi.
954 665 1047 732 [ocio.
1069 671 1127 750 qni

39 815 45 823 ,
80 767 285 832 inlirnratrrn
302 761 340 824 eb
356 781 455 824 uxore
470 764 643 842 Apameam
664 761 741 848 (Gr.
756 761 957 854 'inciperem
979 772 1126 832 nomina·

82 872 145 938 vit,
172 866 298 944 (Strabo
319 878 374 928 12.
395 883 428 944 p.
445 873 527 940 588.
547 861 567 927 1.
584 867 683 944 565.)
710 867 764 928 etli
784 871 816 928 in
830 889 864 930 ea
881 871 1023 931 nominis
1038 871 1126 934 caula

82 971 137 1033 alii
155 970 343 1048 diecrepant.
379 965 450 1026 Vid.
465 965 643 1047 Stephanus
659 965 679 1029 l.
695 988 727 1030 v.
750 964 906 1056 'Arciprtn
923 985 955 1032 et
972 966 1125 1057 Mu'pltao.

82 1087 119 1134 et
136 1089 218 1152 quae
239 1067 370 1130 monuit
387 1063 589 1128 Caleuhonuo
609 1069 648 1128 ad
672 1069 770 1131 Dion.
788 1051 947 1150 'Chrylolh
971 1087 1047 1136 orat.
1063 1085 1124 1154 41.

82 1193 118 1256 p.
136 1185 221 1250 507.
244 1169 295 1230 etl.
314 1165 426 1230 licisk.
453 1179 486 1228 et
502 1167 542 1228 de
557 1165 619 1250 ipla
632 1171 774 1232 nominis
790 1174 968 1236 mutatione
986 1175 1145 1242 Eustarh.

81 1276 126 1336 ati
143 1273 279 1334 Homer.
296 1269 333 1332 ll.
354 1285 387 1340 2.
404 1269 487 1346 556.
509 1289 542 1351 p.
560 1287 604 1332 ut.
621 1281 706 1348 275.
734 1273 772 1332 acl
792 1274 827 1336 ll.
850 1293 903 1346 tt,
920 1277 1005 1354 652.
1029 1297 1061 1358 p.
1079 1298 1125 1340 m.

86 1375 175 1451 316.
209 1371 322 1435 Suidtte
344 1368 364 1434 l.
388 1389 422 1432 r.
447 1364 698 1456 Ἀσκληπιάδης.
746 1373 867 1436 Plinius
888 1395 914 1436 c.
936 1377 957 1438 l.
984 1387 1127 1452 Apamea

84 1496 171 1560 quoe
198 1493 297 1542 nunc,
330 1471 457 1554 Myrlea
484 1469 760 1552 Colophout'ontrn.
821 1477 908 1538 Hinc
933 1481 1128 1560 antiquiores

86 1580 184 1638 unice
201 1574 357 1653 Myrleem
373 1569 557 1654 proferunt.
580 1587 619 1634 ut
635 1574 749 1654 Scylax
767 1597 799 1659 p.
819 1589 878 1656 55.
901 1579 998 1642 liudi.
1021 1601 1128 1644 recen·

88 1680 189 1740 tioree
216 1673 282 1737 lere
307 1675 494 1755 Apatnearn,
524 1686 561 1734 ut
586 1673 726 1740 Ptolem.
742 1689 775 1756 5,
806 1701 834 1742 r.
872 1681 986 1762 aliique
1011 1683 1128 1763 plnree.

87 1779 186 1848 Mela,
210 1791 245 1838 ut
264 1773 351 1844 lolet,
373 1776 540 1856 antiquum
556 1778 698 1840 retinuit.
740 1775 842 1839 Numi
864 1797 1036 1863 utrumque
1055 1803 1129 1844 con·

86 1882 233 1964 iungunt
253 1879 412 1963 Atropewu
436 1871 650 1962 Moplenvwv.
686 1880 757 1941 Vid.
779 1878 900 1944 Eclrhel
918 1887 1017 1944 doctr.
1037 1905 1128 1949 nurn.

85 1983 126 2046 P.
147 2001 179 2044 t.
194 1979 264 2042 Vol.
285 1997 316 2040 2.
332 1999 364 2062 p.
382 1987 468 2056 405.
504 1973 686 2064 Φρυγιανῆν
707 1973 802 2042 πόλιν
821 1999 913 2042 vocnt
930 1983 1067 2044 Ettstath.
1087 1987 1129 2048 ad

87 2083 226 2146 Homer.
242 2079 278 2142 ll.
296 2100 350 2140 tt.
367 2097 392 2140 c.
409 2080 431 2141 l.
466 2077 636 2158 Bithyniae
649 2083 687 2141 ab
700 2083 767 2142 aliie
782 2087 952 2144 accuratior
969 2087 1129 2150 tribuitur.

87 2185 129 2247 ln
157 2201 212 2244 ora
240 2194 369 2262 ponunt
398 2199 472 2240 curn
501 2180 585 2241 Nlela
611 2183 816 2246 Ptolemaeus
843 2198 875 2246 et
898 2185 967 2254 alii.
1003 2199 1129 2248 tanturrt

86 2284 219 2350 l'liniur
235 2293 268 2358 5.
290 2291 350 2362 ho.
371 2295 404 2342 et
427 2281 604 2362 45150.
637 2285 674 2349 ad
701 2285 850 2347 interiora
871 2287 946 2346 inde
968 2302 1128 2352 removet.

88 2387 167 2450 llloe
190 2384 304 2466 probat
325 2385 358 2442 in
381 2384 493 2464 primis
512 2386 574 2444 Dio
592 2383 746 2464 Chryloll.
767 2387 800 2446 in
825 2400 902 2450 orat.
919 2401 977 2470 40.
996 2409 1027 2470 p.
1048 2399 1129 2469 174.

87 2487 141 2550 ed.
165 2484 278 2549 Reirk.
330 2483 458 2546 Pollero
483 2500 625 2568 tempore
642 2488 798 2548 coloniam
816 2489 993 2550 llornnnnm
1017 2487 1132 2553 iactam

89 2589 163 2658 elle,
184 2585 314 2648 discitur
328 2605 367 2648 ex
382 2585 537 2648 Strabone
552 2607 579 2648 c.
601 2587 621 2648 l.
657 2589 768 2651 Pliniie
789 2601 822 2666 5.
844 2603 904 2670 45.
922 2589 941 2653 l.
960 2605 1017 2670 50.
1042 2607 1074 2656 et
1096 2595 1132 2656 10

90 2689 182 2772 epist.
204 2709 258 2758 to.
276 2687 335 2763 56.
363 2687 623 2750 confirmantibus
649 2689 734 2750 idern
761 2692 886 2761 numia,
923 2713 1060 2774 quorum
1086 2715 1134 2756 re·

91 2787 224 2852 cenluru
242 2791 309 2872 egit
325 2787 486 2852 Seltirtiue.
513 2789 654 2873 (Lettere
674 2792 709 2853 P.
721 2805 753 2866 5.
770 2811 801 2872 p.
819 2795 891 2872 tt.)
925 2793 1014 2856 Civie
1034 2790 1135 2858 'Ann-

90 2883 189 2983 peitr.
207 2893 294 2951 unde
309 2891 471 2972 Απαμεων
486 2891 519 2950 10
535 2893 652 2954 nuntie.
688 2894 724 2952 10
739 2892 835 2952 Plinii
853 2909 957 2954 tamen
975 2894 1061 2975 epill.
1072 2896 1131 2959 c.l.

90 2993 249 3074 Apomoet'
266 2993 361 3052 etiam
381 2989 533 3054 scribitur.
561 2993 713 3054 Ceterum
730 3008 791 3054 trec
810 2995 991 3075 Apamense
1008 2997 1135 3058 Seleuci

92 3113 195 3156 uxore
218 3093 395 3154 nominatae
418 3109 651 3154 commemorat
672 3096 804 3176 Appian.
829 3095 863 3154 in
888 3095 957 3172 Syr.
984 3115 1049 3176 cap.
1074 3108 1134 3172 57.

92 3197 200 3280 plures
226 3195 405 3273 Stephanos
430 3193 463 3255 h.
487 3215 518 3258 v.
570 3197 607 3256 10
634 3197 703 3256 ciue
727 3197 843 3257 vicinia
869 3215 955 3256 nnnc
979 3195 1033 3257 liat
1058 3199 1135 3260 urbe

93 3283 289 3376 Moritagne.
316 3294 482 3372 (l'ococke
506 3296 547 3358 T.
564 3309 598 3374 5.
622 3317 655 3378 p.
675 3318 721 3360 tn.
742 3309 823 3375 tao.
859 3297 990 3360 Wheler
1011 3315 1136 3383 voyage

94 3398 137 3462 T.
157 3417 190 3464 r.
215 3418 249 3480 p.
267 3399 373 3476 209.)

262 3601 293 3678 §.
326 3609 362 3678 4.
412 3589 508 3690 sine
547 3599 732 3683 nomine)
791 3600 914 3664 Mirum
947 3602 1010 3665 hoc
1043 3597 1139 3685 poll'tt

93 3701 211 3772 videri.
238 3720 312 3762 curn
328 3713 436 3764 tamen
453 3702 506 3761 alii
523 3720 637 3764 omnes
651 3704 787 3763 Clauum
804 3719 932 3773 vocent,
955 3707 997 3764 ita
1014 3707 1139 3766 dictum

94 3805 210 3874 acio.
237 3815 274 3862 ut
299 3797 430 3882 lequene
454 3800 610 3864 Olbianus
632 3804 670 3863 ab
697 3805 801 3865 Olbia.
855 3805 971 3867 Verum
987 3802 1062 3896 stne
1085 3824 1139 3866 no·

95 3909 179 3968 nriue
201 3905 254 3964 hic
276 3904 497 3984 accipiendum
519 3904 563 3966 est
586 3925 645 3988 pro
667 3903 823 3984 ignobilis.
857 3925 1000 3968 vocetur.
1053 3907 1140 3970 Cum

95 4008 176 4072 Cloe
202 4004 278 4066 urbe
305 4002 378 4066 satie
402 4005 546 4066 iloruerit
572 4007 693 4067 divitiis
720 4021 752 4066 et
783 4009 1000 4074 commerciis.
1033 4007 1141 4069 mirari

95 4121 183 4174 certe
202 4119 349 4190 oportet,
377 4125 434 4166 cur
450 4125 517 4167 non
533 4107 617 4172 inde.
632 4108 753 4171 Ciarrus
772 4107 856 4169 lutus
873 4109 977 4172 dicttte
991 4109 1039 4171 ltt.
1078 4109 1141 4174 Setl

146 4226 246 4298 Pomp.
262 4223 355 4278 Mela.
379 4223 495 4296 Exeget.
510 4223 548 4278 L.
564 4224 588 4277 1.
825 4208 853 4270 N
867 4231 891 4271 0
