2756 4964
133 401 193 471 'ttt
223 415 417 473 Poma.
461 420 613 476 xm.
658 417 737 474 ω.
780 417 890 476 αιη.
932 418 1008 488 μ.
1109 427 1153 494 95

101 586 425 674 Atlanticum)
498 591 662 673 Proprie
679 591 734 662 asi,
759 591 813 672 qni
837 591 914 654 litua
936 588 1050 670 Libyes
1071 591 1151 654 occi·

58 682 124 747 tuum
135 690 232 764 assuit,
262 691 315 752 ab
336 695 523 754 Atlante
543 707 679 762 monte.
702 707 737 754 ut
753 691 795 754 est
813 705 941 754 notum.
978 693 1038 754 Sed
1056 692 1150 754 Pom·

58 789 137 867 potita
151 811 227 852 enm
246 813 438 876 quoque,
475 795 550 878 qui
569 795 711 856 extimae
726 790 892 876 Hispaniae
906 793 995 854 litora
1011 793 1150 866 cohibet.

61 889 218 954 tttnttcum
232 895 287 956 ob
310 909 528 958 terrarum
546 895 621 956 iisic
636 898 832 976 mariumque
848 893 1044 954 vicinitatem
1060 895 1150 958 dixit.

62 989 235 1058 Ptolemaeus
260 993 326 1085 [2.
351 993 500 1084 5.in.]
528 997 766 1059 occidentalem
780 995 939 1056 notttinttt.
968 1013 1148 1064 vanttttttd.

66 1091 222 1157 tamenab
242 1099 409 1162 Atlante
427 1111 584 1162 monte.
616 1097 749 1162 Solinus
765 1115 791 1158 c.
810 1111 867 1170 27.
887 1094 907 1156 s.
926 1106 983 1174 24.
1007 1095 1149 1162 Ettsiath.

69 1196 231 1277 th'tottys.
245 1220 289 1262 v.
307 1201 388 1263 66.
451 1200 610 1262 Additur
625 1219 718 1268 attare,
742 1217 868 1280 aequor,
888 1197 1028 1278 pelagus,
1052 1195 1150 1260 Ocea·
1229 1231 1234 1244 ·

75 1299 268 1362 mentastro
287 1301 452 1362 etesiis.
501 1300 606 1362 Mam
625 1300 719 1360 etiam
737 1311 868 1363 vocatur
888 1317 1035 1378 maguum
1059 1296 1148 1380 (Cic.

81 1399 352 1483 insomn.8ctp.
388 1426 426 1471 ι,
456 1398 525 1484 6.)
549 1401 601 1461 vel
625 1399 806 1482 simpliciter
829 1399 984 1462 Oceanus.
1012 1399 1147 1479 (Polyb.

36 1525 39 1566 J
93 1499 136 1568 15.
148 1517 205 1580 29,
220 1504 260 1566 6.
289 1503 374 1566 Cic.
394 1523 429 1564 c.
449 1503 500 1582 l.)
554 1503 604 1563 De
618 1501 785 1562 Atlantico
800 1513 833 1562 et
847 1503 973 1578 Magno
993 1502 1078 1562 idem
1095 1502 1148 1564 ad·

85 1601 200 1662 imant
217 1604 313 1668 Pttn.
335 1619 374 1682 3,
400 1623 468 1666 ιο.
489 1601 512 1663 s.
532 1613 564 1678 5.
598 1603 761 1684 Ampeliua
777 1621 803 1662 c.
821 1615 853 1680 3.
905 1601 1019 1664 Usttate
1035 1603 1160 1664 Atsatt·'

84 1703 171 1762 tm
189 1725 281 1764 mare
298 1706 460 1774 dicitur,
488 1717 522 1764 et
537 1722 594 1785 pro
611 1703 689 1764 mari
712 1705 745 1763 iu
764 1693 990 1792 portia-salum
1012 1702 1147 1786 (Avien.
1176 1677 1185 1704 ⁰

81 1803 114 1860 in
130 1821 182 1864 ora
198 1825 237 1865 v.
249 1803 371 1887 398.)
400 1825 534 1884 gurges.
562 1804 664 1881 (idem
679 1805 713 1864 in
729 1801 824 1866 deser.
841 1803 880 1866 O.
896 1806 986 1866 Ten.
998 1825 1029 1868 v.
1042 1805 1147 1890 676.)

78 1903 231 1966 Atlantis
253 1906 356 1966 unda
383 1905 475 1986 apud
491 1903 585 1966 Prisc.
601 1925 633 1966 v.
654 1919 712 1979 72.
738 1905 785 1966 uti
799 1895 926 1978 ”arsag
946 1904 1028 1986 apud
1045 1903 1149 1986 ipsum

78 2003 226 2084 Dionys.
251 2027 289 2066 v.
312 2019 380 2084 50.
439 2006 547 2088 Quia
570 2005 651 2067 coeli
672 2007 788 2090 plagis,
819 2019 974 2086 qnatenus
997 2017 1148 2068 terrarum

78 2104 202 2165 orbem
220 2107 358 2176 ambit,
386 2104 604 2190 distinguunt,
630 2106 798 2188 obponunt
815 2107 897 2175 Eoo,
920 2119 952 2166 et
967 2101 1148 2193 ‘Edttiptov,

77 2199 248 2278 ὃυτικὶν,
275 2205 481 2288 Hesperium
503 2222 618 2270 vocant
648 2207 779 2288 Dionys.
803 2229 835 2270 v.
860 2219 905 2285 28
922 2205 964 2288 sq.
999 2204 1146 2272 Priscian.

76 2325 118 2365 r.
146 2325 211 2390 39.
245 2309 374 2369 Avien.
391 2327 426 2368 v.
444 2325 497 2386 ¹9·
520 2322 552 2370 et
567 2309 600 2368 in
616 2307 678 2370 Ora
694 2329 725 2368 v.
739 2321 821 2387 593.
847 2308 985 2370 Ptolem.
1001 2323 1033 2378 tt,
1051 2321 1084 2386 5.
1099 2309 1145 2374 in.

76 2405 180 2468 Hinc
198 2410 344 2490 proprie
370 2405 521 2489 sensuque
536 2407 676 2470 strictiori
699 2409 742 2471 esi
762 2409 845 2470 iliud
858 2429 960 2480 mate,
981 2411 1066 2491 quod
1083 2411 1147 2471 Eu·

87 2524 208 2588 rapam
230 2523 268 2570 et
281 2506 426 2569 Africam
443 2509 481 2570 ab
502 2511 665 2572 occidente
685 2511 802 2580 adluit,
827 2521 860 2572 at
879 2527 977 2592 prope
994 2512 1094 2574 Gades
1110 2513 1146 2574 in

90 2617 216 2669 terram
239 2612 426 2690 irrumpere
443 2611 569 2671 dicitur.
620 2612 691 2672 Vid.
712 2611 824 2672 Strabo
844 2625 876 2687 3.
894 2633 925 2692 p.
943 2609 1001 2690 96.
1022 2609 1041 2673 [.
1064 2626 1143 2692 139.

90 2706 216 2787 Polyb.
238 2729 268 2772 t.
284 2711 309 2772 l.
344 2709 431 2774 Plin.
450 2729 476 2774 c.
499 2711 520 2770 l.
544 2711 663 2781 etalii,
695 2725 730 2771 ut
752 2711 804 2772 hic
830 2711 914 2772 Mela
937 2732 1145 2792 pernexum.

92 2805 185 2870 Hinc
204 2829 296 2872 vero
316 2832 405 2870 mare
417 2813 555 2872 exterius
568 2813 663 2874 etiam
678 2825 808 2874 vocatur
824 2813 980 2890 (Ptolem.
995 2831 1021 2874 c.
1038 2813 1059 2875 l.
1077 2818 1145 2892 -)

93 2921 126 2967 et
149 2911 315 2972 interiori
341 2911 515 2992 obponitur
535 2933 551 2973 a
575 2913 666 2974 Floro
682 2924 773 2991 9.·2,
803 2914 857 2976 16.
908 2913 1017 2974 Latius
1039 2927 1145 2976 tamen

96 3012 200 3070 etiam
234 3025 270 3072 et
299 3031 381 3094 vage
402 3014 522 3072 dictum
554 3015 699 3076 occurrit.
750 3014 802 3076 Sic
828 3013 984 3074 Herodot.
1009 3033 1035 3085 t,
1062 3031 1145 3084 202.

93 3111 312 3172 Atlanticum
334 3125 367 3173 et
386 3113 595 3192 Erythraeum
615 3134 700 3176 mara
724 3114 811 3176 idem
831 3111 922 3183 facin
953 3115 1064 3177 Strabo
1091 3137 1103 3174 t
1111 3125 1145 3193 5.

97 3227 129 3288 p.
143 3223 246 3290 474.
263 3210 285 3273 s.
303 3209 389 3292 639.
412 3215 521 3274 indiae
542 3215 665 3275 australe
688 3227 720 3276 et
742 3216 891 3278 orientale
910 3216 989 3276 latua
1005 3216 1041 3276 ed
1067 3215 1146 3276 illud
1226 3201 1227 3204 Ἴ

97 3313 268 3382 extendit,
294 3327 395 3374 totam
413 3327 524 3376 tertam
541 3315 594 3374 illo
615 3317 747 3400 cingunt
765 3315 942 3378 Aristotelea
964 3317 1002 3374 de
1020 3315 1144 3378 Mundo

102 3429 125 3469 t.
146 3427 184 3491 5.
217 3413 290 3473 Cic.
309 3433 337 3476 c.
353 3415 374 3475 l.
396 3435 455 3496 pro
476 3435 540 3496 quo
562 3415 662 3478 noster
688 3417 866 3498 simpliciter
887 3439 913 3487 t,
940 3438 968 3485 ι,
989 3431 1020 3494 3.
1045 3416 1143 3478 Ocea·
1238 3443 1241 3448 ¹

100 3531 175 3572 tatem
203 3517 304 3574 dixit.
356 3513 481 3577 Sedes.
504 3537 581 3598 quae
602 3517 746 3600 pluribus
768 3519 802 3580 in
825 3517 907 3580 hanc
931 3537 998 3580 retu
1024 3516 1145 3580 disserit

94 3611 218 3675 Straba
236 3615 295 3678 sib.
318 3633 348 3678 t.
371 3635 402 3698 p.
423 3629 455 3696 3.
476 3615 495 3680 s.
515 3615 596 3700 lpsq.

180 3815 508 3899 Britannicum)
558 3819 865 3904 septemtrionalem,
891 3819 995 3902 quiet
1014 3818 1144 3883 caleto·

100 3917 176 3978 nites
205 3915 298 3998 saepe
322 3917 456 3989 dicitur,
490 3920 527 3980 ad
553 3941 655 3994 mate,
688 3921 773 4002 quod
795 3921 838 3982 est
859 3923 941 3981 inter
958 3921 1090 3982 Galliam
1113 3933 1145 3982 et

100 4014 324 4079 Britanniam.
364 4019 436 4082 Hoc
450 4021 520 4080 loco
537 4041 641 4084 autem
657 4035 761 4084 totum
778 4041 863 4082 mare
878 4019 1143 4103 septemtrionale.

103 4135 284 4180 cruvtva
304 4119 382 4182 tta.
435 4121 531 4182 Hunc
553 4121 655 4187 rursus
675 4125 768 4185 iactat
789 4122 845 4186 sib.
864 4136 897 4201 5.
931 4119 1018 4210 [cap.
1038 4124 1072 4194 6,
1091 4115 1144 4210 5.]
