2852 4946
333 410 398 482 454
604 403 771 464 Nom
809 404 1109 465 cucumer-2

335 579 375 643 eb
390 577 470 642 orbo
483 577 715 651 Xanthiornm.
741 593 774 643 et
791 580 825 642 in
839 601 926 644 mere
944 580 1161 645 discendnm
1178 581 1357 645 Telmeffnm

335 681 461 744 orbem.
506 681 608 764 Supra
623 681 712 743 bunc
727 697 873 746 montem
887 684 966 747 alius
982 684 1036 755 est.
1059 683 1229 748 chimaera
1243 703 1358 764 nempe.

338 783 378 846 ln
398 781 509 846 medio
529 781 647 844 horum
666 781 709 846 est
728 785 916 869 ignivomae
936 800 1036 848 terrae
1051 786 1156 849 hiatus
1170 799 1204 848 et
1222 786 1359 849 convellit

338 884 537 954 Chimaerae,
551 903 631 966 quoe
644 887 798 967 usquead
812 905 898 949 mere
912 887 1074 972 pertingit.
1102 885 1170 969 [cf.
1179 887 1287 951 Strabo
1295 905 1320 948 c.
1328 886 1360 966 t]

338 1005 488 1050 vocetve.
532 987 589 1055 lto.
611 1000 697 1049 recte
716 987 858 1069 quidem.
884 986 1003 1050 sustulit
1017 989 1158 1052 salmasii
1174 989 1215 1050 ad
1229 988 1362 1052 solinum

338 1108 372 1172 p.
387 1109 433 1151 m.
449 1086 534 1166 563.
556 1087 771 1152 dubitationes
785 1089 825 1152 de
839 1089 942 1175 Crago
956 1103 1067 1152 monte
1082 1103 1116 1152 et
1134 1089 1361 1174 promontori03

339 1203 372 1251 et
391 1190 483 1250 aliem
501 1187 557 1271 ipsi
570 1205 702 1252 moreat
716 1191 826 1270 Scylax
841 1211 868 1252 c.
883 1191 905 1254 l.
931 1194 988 1273 qui
1003 1191 1098 1276 Gragi
1119 1191 1364 1274 promontorium

339 1291 434 1375 ponit
454 1291 488 1351 in
505 1290 613 1360 Coria.
645 1291 840 1354 Telmeffum
861 1293 895 1352 in
913 1292 1022 1372 Lycio,
1055 1293 1096 1354 de
1117 1311 1180 1374 que
1201 1289 1363 1353 diverfitete

340 1391 502 1472 deinceps.
548 1393 680 1455 Vicinus
695 1393 743 1453 illi
757 1412 852 1456 mone
867 1393 1061 1475 Anticrcgrcs
1074 1394 1179 1456 dtcno
1194 1393 1256 1463 eii,
1278 1403 1311 1450 ot
1329 1407 1364 1450 ex

339 1491 495 1556 Strabone
518 1491 658 1556 discitur.
710 1495 912 1559 Hodiernum
929 1515 1052 1560 nomen
1072 1492 1175 1560 fertur
1200 1493 1290 1576 Copo
1307 1490 1364 1554 sor·

339 1590 489 1656 derivet
513 1593 599 1658 Sette
623 1594 719 1678 Capi.

421 1787 674 1890 Telmessos)
730 1802 780 1862 De
807 1799 974 1884 scripturae
999 1800 1172 1884 multiplici
1204 1797 1366 1861 variatione

341 1899 465 1962 dictum
481 1898 572 1962 estin
588 1901 674 1962 notie
690 1903 807 1964 criticie
825 1923 858 1986 p.
872 1912 945 1982 480
962 1900 1025 1985 sqq.
1046 1901 1087 1964 de
1101 1900 1286 1964 confusione
1301 1915 1365 1959 cum

343 1992 505 2090 nermeffo,
530 1986 663 2064 pronde
678 2002 767 2074 urbe,
782 2003 866 2064 ..nn
881 2002 1179 2086 potennunnru.
1193 2003 1232 2065 ae
1249 1991 1365 2076 Dionys.

339 2121 374 2164 r.
392 2115 476 2181 859.
511 2103 575 2165 Hic
587 2103 627 2164 de
639 2105 700 2164 situ
715 2105 902 2175 notandum,
924 2105 1000 2168 alioc
1014 2106 1048 2166 in
1063 2105 1159 2184 Lycia
1175 2123 1249 2167 cum
1263 2099 1365 2164 Nostro
1386 2159 1391 2174 ,

340 2223 477 2285 ponere.
510 2204 645 2268 nlioe'in
666 2203 772 2277 Caria,
805 2219 844 2266 nt
867 2206 1059 2269 Ciceronem
1078 2206 1118 2266 de
1140 2205 1245 2268 divin.
1266 2223 1293 2272 r.
1312 2211 1364 2278 4¹·

340 2305 493 2386 Stephon.
508 2303 540 2368 h.
558 2325 591 2368 v.
617 2305 673 2386 qui
688 2319 796 2370 tamen
811 2305 904 2368 fimul
917 2319 1040 2378 monet,
1063 2325 1081 2368 e
1097 2305 1237 2370 Philone
1251 2321 1283 2367 et
1295 2305 1365 2366 Stra·

341 2403 427 2466 bone
449 2404 557 2468 Cariae
572 2407 650 2476 dari,
677 2406 837 2470 Clement.
860 2407 951 2472 Alex.
973 2407 1028 2470 lib.
1051 2428 1080 2470 ι.
1105 2407 1228 2472 Strom.
1246 2427 1276 2489 p.
1292 2409 1361 2483 354

342 2505 430 2568 Cum
454 2505 569 2570 Nostro
585 2489 711 2569 ‘faciunt
730 2507 843 2571 Strabo
871 2518 925 2591 ¹4·
949 2529 982 2592 p.
1004 2517 1089 2590 457.
1109 2506 1131 2570 s.
1149 2509 1236 2586 665.
1268 2503 1365 2583 Scylfl

341 2623 374 2688 p.
395 2619 452 2684 59.
472 2605 572 2669 Hudi.
608 2609 692 2670 Ptin.
712 2622 744 2684 5,
769 2621 827 2686 oa.
851 2608 871 2672 i.
890 2625 949 2685 op.
981 2609 1084 2673 Solin.
1107 2627 1175 2692 cap.
1192 2621 1254 2690 43.
1277 2606 1363 2685 [4ο.

341 2705 489 2768 Martinn.
507 2708 584 2790 Cap.
603 2707 636 2774 6.
652 2729 685 2792 p.
703 2725 787 2773 220.
815 2691 998 2787 Ptolem'5.
1016 2724 1049 2788 3.
1077 2710 1244 2774 Hieroclen
1255 2730 1285 2792 p.
1293 2709 1364 2782 684·

340 2805 393 2872 cf.
408 2809 504 2869 etiam
520 2809 667 2872 Perizon.
688 2812 726 2872 ad
745 2812 868 2875 delion.
886 2813 923 2874 V.
938 2811 982 2873 H.
1004 2812 1138 2890 12064·
1194 2809 1292 2874 ctus·
1314 2805 1365 2866 dit·

339 2911 534 2990 crepantiae,
568 2927 605 2972 ut
630 2913 693 2974 iam
719 2913 889 2994 aliquoties
912 2925 1058 2974 notatum
1081 2911 1141 2981 eii,
1174 2914 1208 2974 in
1239 2907 1365 2973 confinio

339 3012 505 3095 utriueque
520 3013 662 3096 regionie
674 3015 781 3095 quaeri
795 3013 901 3078 debet.
936 3013 1022 3076 Hinc
1033 3027 1066 3076 et
1076 3013 1189 3074 Lirinc
1203 3027 1263 3094 57,
1283 3010 1333 3072 16.
1346 3001 1365 3066 f·

339 3109 461 3184 scribit.
494 3109 721 3176 Telmefficum
746 3115 850 3176 finum
882 3133 949 3177 nno
982 3115 1078 3178 latere
1101 3113 1246 3187 cirtem.
1279 3112 1366 3174 altero

338 3213 472 3294 Lyciam
498 3216 697 3299 contingere.
745 3216 882 3279 Portum
907 3226 1163 3278 commemorent
1185 3216 1307 3299 ploret,
1336 3209 1366 3267 51²

337 3315 457 3398 quihus
472 3316 586 3396 Scylax
601 3333 635 3380 et
649 3316 780 3385 Strabo.
813 3319 929 3400 inquo
949 3317 1069 3402 legitur
1090 3310 1269 3406 Τελμεσσὶς
1288 3305 1367 3396 ἄκρα

337 3411 453 3504 λιμένα
481 3412 637 3502 ἔχουσαν.
688 3419 739 3480 An
766 3419 864 3501 igitur
887 3431 1016 3500 portnnr
1039 3418 1162 3488 voluit.
1191 3430 1247 3478 ent
1265 3409 1367 3477 debuit

339 3517 444 3581 dicere
463 3517 598 3581 Livius?
648 3519 697 3581 An
718 3519 946 3605 intelligendus
965 3519 1009 3582 cst
1027 3519 1141 3599 Lyciae
1163 3517 1262 3588 finus,
1286 3513 1365 3596 quia

337 3619 435 3704 Cregi
455 3621 677 3701 promontprio
692 3622 816 3702 incipit,
841 3633 874 3682 et
886 3613 1038 3683 Teimeffi
1053 3631 1149 3703 porto
1164 3617 1365 3680 claudebatur.

338 3722 389 3783 nti
413 3721 543 3803 quidem
570 3720 735 3785 Salmniiue
762 3723 801 3782 nd
824 3721 925 3786 Solio.
948 3741 982 3803 p.
1003 3739 1047 3784 m.
1065 3731 1149 3798 550.
1171 3715 1265 3780 ilium
1289 3709 1365 3776 Livii

337 3821 441 3886 finum
463 3821 632 3907 inteiligit3
663 3835 718 3884 eut
738 3817 890 3885 Telmeffi
914 3822 968 3884 ilie
989 3831 1118 3904 portum
1141 3818 1321 3882 continebat
1337 3821 1365 3872 et

336 3923 535 3996 includebat,
559 3924 631 4006 qnia
653 3925 688 3984 in
701 3923 770 3984 sinu
785 3924 892 4007 pluteo
906 3919 967 3986 effe
983 3919 1108 4006 poffunt
1123 3934 1251 4004 portue;
1282 3929 1363 3996 etque

336 4023 400 4089 hoo
425 4024 525 4111 megin
550 4025 826 4088 accommodatum
852 4024 991 4088 videtur.
1042 4023 1149 4108 Auget
1174 4023 1314 4084 Lucenm
1335 4023 1363 4089 8¹

338 4137 425 4213 248.
447 4139 482 4191 et
503 4145 638 4213 magnos
654 4123 754 4224 smus
781 4115 977 4222 retmefficos
1001 4121 1107 4189 namo
1134 4124 1361 4190 commemoret*
