2828 4966
355 412 398 496 76
625 414 787 474 noran
827 415 1129 475 nxncnrrcnn

355 589 487 661 Strabo,
513 607 588 652 cum
603 586 772 650 Herodoto
792 591 928 650 Araxum
946 586 966 652 s.
985 589 1116 652 hraxem
1139 589 1173 652 in
1194 591 1324 653 illorum
1343 608 1384 652 re·

355 695 453 780 gione
482 700 678 760 memorant,
721 689 761 751 de
791 708 855 771 quo
889 691 957 754 vid.
989 693 1144 774 disputata
1172 693 1209 754 ad
1238 705 1271 770 3.
1296 703 1328 768 5.
1354 701 1384 768 5.

357 795 487 875 Nempe
501 793 615 854 Araxes
628 790 693 852 line
707 788 806 852 dubio
821 790 873 852 hic
889 810 955 852 raon
970 792 1013 854 est
1027 794 1205 866 Armeniae,
1224 791 1276 854 sed
1290 791 1384 864 Oxus.

354 898 408 978 qui
425 895 621 955 Bactrianam
635 905 667 954 et
681 891 869 976 Sogdianam
885 893 1059 957 dividebat.
1100 897 1145 956 lta
1160 895 1303 956 concinit
1317 895 1384 958 sttut

353 999 388 1060 in
405 997 583 1057 Herodoto.
635 995 723 1054 Turn
738 989 917 1077 Sogdianou
933 993 1005 1075 ipsre
1019 997 1235 1058 conterminos
1257 997 1384 1056 declarat

331 1099 452 1161 ·etiam
474 1095 624 1158 Arrianue
647 1093 687 1155 de
713 1095 827 1176 exped.
846 1095 934 1156 Alex.
951 1104 986 1174 4,
1014 1097 1069 1162 16.
1095 1109 1128 1158 et
1148 1099 1183 1157 in
1203 1097 1315 1177 primis
1333 1111 1384 1170 ry.

353 1201 448 1264 Sacae
462 1211 579 1268 autem,
603 1213 683 1278 quoe
704 1196 893 1279 adiungunt,
915 1197 1083 1276 Scythicus
1103 1198 1243 1280 populun
1259 1195 1384 1259 suerunt

353 1302 435 1362 ultra
457 1300 649 1384 Sogdianam
670 1309 702 1358 et
726 1295 923 1360 Bactrianam
946 1296 1053 1362 versuo
1076 1296 1335 1384 septemtrionem
1355 1311 1384 1358 et

355 1405 525 1464 orientem.
577 1397 627 1463 Cf.
651 1401 787 1459 omniuo
816 1399 856 1459 de
880 1397 918 1460 lie
942 1400 981 1460 ad
1002 1413 1034 1476 3,
1057 1415 1090 1474 7.
1117 1418 1147 1463 t.
1202 1400 1286 1484 Quia
1311 1417 1383 1460 vero

353 1502 539 1586 Massagetae
552 1500 687 1580 Scythae
706 1497 844 1570 suerunt,
868 1512 901 1561 et
915 1499 967 1560 vel
984 1501 1024 1562 stc
1038 1499 1161 1572 diserte,
1184 1500 1290 1562 velex
1306 1519 1384 1561 nexu

354 1607 514 1672 dicuntur.
537 1603 621 1686 apud
637 1599 789 1682 Stephon.
806 1599 840 1664 h.
859 1621 890 1664 v.
912 1601 1032 1669 Artiau.
1047 1611 1082 1681 4,
1107 1603 1162 1672 16.
1184 1616 1242 1678 17.
1269 1635 1318 1649 --
1342 1601 1384 1660 in·

353 1705 517 1789 telligitur.
546 1723 604 1764 cur
625 1702 658 1764 iu
673 1700 791 1764 sunesla
816 1703 869 1766 illa
885 1701 960 1783 Cyri
977 1703 1183 1786 expeditione
1202 1721 1264 1786 pro
1284 1699 1384 1762 Massa·

354 1810 437 1892 getis
453 1803 585 1884 Scythae
602 1803 732 1886 quidam
753 1802 905 1874 reserant,
932 1817 969 1864 ut
984 1803 1118 1867 lulliuue
1136 1823 1166 1874 ι,
1184 1815 1218 1882 8.
1254 1805 1382 1866 Diodor.

358 1925 389 1978 a,
407 1917 467 1988 44.
494 1921 528 1967 et
544 1921 714 1985 utrumque
736 1924 856 1966 nomen
878 1907 979 1966 variet
996 1907 1152 1966 Lucianne
1167 1907 1200 1966 iu
1219 1903 1384 1966 Macrobiis

353 2023 458 2086 c.13.
486 2027 559 2069 cum
586 2007 728 2088 plerique
749 2005 830 2066 (luce
855 2005 1022 2068 Herodoto
1044 2005 1227 2091 Mass'agetoe
1250 2025 1383 2068 comme·

352 2123 490 2174 morent.
545 2107 632 2170 Fecit
655 2119 762 2168 autem
778 2107 966 2185 Scytharum
985 2127 1122 2180 nomen.
1149 2121 1185 2168 ut
1207 2108 1295 2170 illam
1312 2105 1383 2186 Cyri

351 2212 590 2294 expeditionem
604 2221 637 2270 et
652 2205 734 2289 ipsos
757 2207 938 2292 Mall'agelae
955 2223 1084 2292 propter
1099 2210 1208 2270 Araxis
1226 2211 1260 2270 in
1276 2225 1381 2270 eorum

352 2313 484 2396 regione
506 2311 708 2370 mentionem
727 2308 807 2370 ultra
823 2309 1005 2372 Armeniam
1026 2331 1043 2372 a
1065 2311 1150 2374 Sacie
1172 2321 1380 2377 removerent.

353 2415 403 2473 uti
425 2413 463 2472 ad
485 2424 518 2490 5,
546 2421 578 2486 5,
605 2421 638 2486 5.
662 2411 785 2472 notavi.
837 2411 883 2471 lta
906 2411 1054 2491 Synesrue
1077 2412 1117 2474 de
1146 2430 1247 2496 regno
1271 2431 1302 2493 p.
1329 2426 1379 2472 to.

353 2511 467 2598 (Paris.
491 2508 617 2591 1553.)
644 2509 738 2572 Getae
763 2523 845 2574 trane
871 2511 983 2574 lllrum
1002 2514 1187 2596 coniungit,
1217 2513 1253 2574 in
1273 2512 1380 2572 ultima

353 2614 521 2704 Germania
555 2611 663 2674 Schol.
697 2611 814 2672 Lucani
840 2614 878 2674 ad
905 2627 937 2690 3.
963 2625 1044 2691 285.
1101 2615 1142 2676 At
1167 2615 1241 2696 qtria
1266 2613 1380 2673 Araxen

351 2715 592 2800 Massagetarum
616 2712 656 2774 de
684 2713 852 2775 Armeniae
878 2715 976 2776 Araxe
1001 2715 1230 2800 intelligerent,
1270 2712 1380 2775 sactum

352 2820 449 2878 etiam
472 2814 576 2897 postea
596 2812 740 2885 videtur,
774 2829 811 2875 ut
840 2819 972 2876 nomine
994 2831 1118 2880 mutato
1143 2815 1322 2902 Massagetae
1344 2813 1379 2874 ad

352 2919 444 2982 illurn
466 2929 600 2978 tractum
629 2933 729 2996 prope
756 2915 897 2976 Pontum
917 2918 1092 2982 reiicerent.
1143 2918 1231 2980 Hinc
1251 2917 1379 2978 Albanos

352 3017 532 3102 posterioria
554 3015 625 3076 aevi
647 3035 702 3078 ene
725 3013 813 3077 fuisse
832 3017 975 3079 adlirmat
998 3021 1062 3079 Dio
1086 3020 1144 3098 69.
1172 3031 1229 3096 15.
1262 3037 1301 3079 ex
1320 3031 1377 3096 quo

351 3120 479 3201 repetiit
496 3120 629 3178 Zonarae
652 3135 705 3188 ιι,
725 3127 782 3196 24.
817 3119 879 3180 Pro
897 3119 1024 3182 Albania
1040 3121 1093 3180 alii
1114 3133 1243 3202 ponunt
1257 3119 1376 3180 Alanos.

352 3223 401 3281 uti
419 3221 534 3281 docent
556 3220 743 3300 interpretes
759 3217 797 3279 ad
813 3221 952 3281 Dionem
970 3241 996 3284 c.
1013 3221 1033 3282 l.
1062 3237 1095 3283 et
1113 3221 1233 3286 Lucan.
1251 3231 1283 3297 3,
1301 3227 1376 3294 225.

352 3322 396 3384 Et
416 3321 455 3382 stc
475 3319 654 3402 Massagetae
674 3332 768 3379 vocat
787 3319 902 3382 Alanos
924 3322 1082 3384 Ammian.
1103 3335 1159 3398 23,
1184 3332 1217 3398 5.
1244 3337 1323 3402 quoe
1341 3331 1378 3376 ta·

351 3443 427 3484 men
446 3420 610 3504 distinguit
629 3419 793 3482 Claudian.
810 3422 843 3480 in
861 3423 968 3484 holin.
993 3444 1020 3492 ι,
1038 3437 1122 3502 512.
1144 3423 1262 3507 (prope
1279 3419 1376 3482 Maeo-

351 3519 420 3603 tin)
450 3535 483 3584 et
508 3523 540 3582 in
569 3507 698 3600 Scythia
723 3523 804 3582 intra
832 3525 954 3582 lmaurn
978 3521 1073 3585 refert
1099 3523 1237 3586 Ptolem.
1263 3523 1295 3592 6,
1326 3527 1374 3596 tlt·

351 3623 490 3686 Hunuoe
514 3625 548 3682 in
583 3622 633 3682 illa
661 3619 730 3684 sede
757 3623 902 3684 conlocat
927 3623 1100 3708 Procopiue
1126 3627 1166 3687 de
1193 3624 1230 3687 B.
1256 3619 1375 3684 vandal.

354 3743 386 3794 t,
410 3742 463 3786 ιι.
488 3735 521 3784 et
536 3720 623 3804 saepe
638 3723 712 3784 alibi
727 3721 903 3805 promiscue
920 3727 1023 3808 pouit.
1059 3727 1112 3789 Sic
1127 3727 1281 3809 Euagrius
1300 3735 1330 3802 5·
1348 3737 1374 3780 Β·

349 3825 412 3890 Alii
429 3826 468 3886 ad
484 3821 618 3907 Abasgoe
638 3821 788 3887 referunt.
841 3827 904 3888 Sed
923 3827 991 3890 vid.
1005 3827 1140 3890 Stritter.
1164 3829 1197 3886 in
1220 3809 1378 3886 memorii&

350 3925 544 4008 pupulomm
563 3953 613 3967 -
634 3925 674 3984 Τ.
696 3945 724 3986 ι.
741 3945 772 4006 p.
790 3937 872 4003 531.
888 3941 955 3988 not.
975 3927 1006 3988 h.
1034 3941 1066 3989 et
1083 3947 1161 4008 quae
1178 3939 1324 3988 notantur
1340 3915 1377 3980 ad

350 4027 510 4090 Atnmian.
525 4043 551 4086 c.
569 4025 591 4084 l.
643 4025 801 4105 Equidem
820 4027 874 4087 hic
890 4047 946 4108 per
964 4025 1072 4089 seriem
1090 4025 1232 4089 recensus
1246 4027 1284 4087 ad
1301 4023 1377 4100 Hyr-¹

351 4127 458 4192 cuniae
480 4125 639 4190 orientem
661 4127 696 4188 in
717 4126 877 4214 Margiana
899 4147 972 4190 cum
994 4129 1184 4194 Ptolemaeo
1212 4125 1374 4214 posuerim.
