<?xml version="1.0" encoding="UTF-8"?>
<!DOCTYPE html PUBLIC "-//W3C//DTD XHTML 1.0 Transitional//EN"
    "http://www.w3.org/TR/xhtml1/DTD/xhtml1-transitional.dtd">
<html xmlns="http://www.w3.org/1999/xhtml" xml:lang="en" lang="en">
 <head>
  <title>
</title>
<meta http-equiv="Content-Type" content="text/html;charset=utf-8" />
  <meta name='ocr-system' content='tesseract 3.04.00' />
  <meta name='ocr-capabilities' content='ocr_page ocr_carea ocr_par ocr_line ocrx_word'/>
</head>
<body>
  <div class='ocr_page' id='page_1' title='image "./pomponiimelaede06melagoog_0641.png"; bbox 0 0 2922 4958; ppageno 0'>
   <div class='ocr_carea' id='block_1_1' title="bbox 241 379 1161 474">
    <p class='ocr_par' dir='ltr' id='par_1_1' title="bbox 241 379 1161 474">
     <span class='ocr_line' id='line_1_1' title="bbox 241 379 1161 474; baseline -0.005 -12"><span class='ocrx_word' id='word_1_1' title='bbox 241 403 294 464; x_wconf 80' lang='lat' dir='ltr'>ru</span> <span class='ocrx_word' id='word_1_2' title='bbox 321 379 457 462; x_wconf 74' lang='lat' dir='ltr'>rotor.</span> <span class='ocrx_word' id='word_1_3' title='bbox 486 402 593 460; x_wconf 81' lang='lat' dir='ltr'>urar.</span> <span class='ocrx_word' id='word_1_4' title='bbox 635 401 671 458; x_wconf 80' lang='lat' dir='ltr'>r..</span> <span class='ocrx_word' id='word_1_5' title='bbox 691 405 717 456; x_wconf 95' lang='lat'>1.</span> <span class='ocrx_word' id='word_1_6' title='bbox 759 400 893 458; x_wconf 74' lang='lat' dir='ltr'>cxlx</span> <span class='ocrx_word' id='word_1_7' title='bbox 936 397 1036 471; x_wconf 64' lang='lat' dir='ltr'>cro.</span> <span class='ocrx_word' id='word_1_8' title='bbox 1099 394 1161 474; x_wconf 76' lang='lat'>635</span> 
     </span>
    </p>
   </div>
   <div class='ocr_carea' id='block_1_2' title="bbox 109 572 1188 4305">
    <p class='ocr_par' dir='ltr' id='par_1_2' title="bbox 109 572 1188 4305">
     <span class='ocr_line' id='line_1_2' title="bbox 123 572 1165 662; baseline -0.002 -23"><span class='ocrx_word' id='word_1_9' title='bbox 123 590 162 662; x_wconf 76' lang='grc'>4,</span> <span class='ocrx_word' id='word_1_10' title='bbox 181 579 240 658; x_wconf 74' lang='grc'>86.</span> <span class='ocrx_word' id='word_1_11' title='bbox 261 605 312 622; x_wconf 94' lang='grc'>-</span> <span class='ocrx_word' id='word_1_12' title='bbox 339 575 448 645; x_wconf 80' lang='lat' dir='ltr'>lamcl.</span> <span class='ocrx_word' id='word_1_13' title='bbox 471 574 506 637; x_wconf 91' lang='lat' dir='ltr'>ni</span> <span class='ocrx_word' id='word_1_14' title='bbox 528 573 634 646; x_wconf 83' lang='lat' dir='ltr'>fallor.</span> <span class='ocrx_word' id='word_1_15' title='bbox 661 572 827 646; x_wconf 74' lang='grc' dir='ltr'><strong>Μαιῶτις.</strong></span> <span class='ocrx_word' id='word_1_16' title='bbox 853 593 934 656; x_wconf 83' lang='lat' dir='ltr'>quae</span> <span class='ocrx_word' id='word_1_17' title='bbox 956 573 1165 638; x_wconf 77' lang='lat' dir='ltr'>inconstantia</span> 
     </span>
     <span class='ocr_line' id='line_1_3' title="bbox 124 674 1164 758; baseline -0.009 -14"><span class='ocrx_word' id='word_1_18' title='bbox 124 680 209 744; x_wconf 78' lang='lat' dir='ltr'>forte</span> <span class='ocrx_word' id='word_1_19' title='bbox 231 701 248 743; x_wconf 88' lang='lat' dir='ltr'>a</span> <span class='ocrx_word' id='word_1_20' title='bbox 269 679 405 740; x_wconf 83' lang='lat' dir='ltr'>librariia</span> <span class='ocrx_word' id='word_1_21' title='bbox 423 679 525 758; x_wconf 79' lang='lat' dir='ltr'>repeti</span> <span class='ocrx_word' id='word_1_22' title='bbox 547 677 659 748; x_wconf 76' lang='lat' dir='ltr'>debet.</span> <span class='ocrx_word' id='word_1_23' title='bbox 691 689 728 737; x_wconf 92' lang='lat' dir='ltr'>ut</span> <span class='ocrx_word' id='word_1_24' title='bbox 747 674 897 750; x_wconf 78' lang='grc' dir='ltr'><strong>Μαιαῖτις</strong></span> <span class='ocrx_word' id='word_1_25' title='bbox 917 695 957 738; x_wconf 79' lang='lat' dir='ltr'>ex</span> <span class='ocrx_word' id='word_1_26' title='bbox 977 675 1033 737; x_wconf 88' lang='lat' dir='ltr'>lib.</span> <span class='ocrx_word' id='word_1_27' title='bbox 1051 685 1085 754; x_wconf 90' lang='grc'>4.</span> <span class='ocrx_word' id='word_1_28' title='bbox 1102 685 1164 754; x_wconf 80' lang='grc'>45.</span> 
     </span>
     <span class='ocr_line' id='line_1_4' title="bbox 123 775 1165 861; baseline -0.007 -15"><span class='ocrx_word' id='word_1_29' title='bbox 123 781 228 846; x_wconf 80' lang='lat' dir='ltr'>adfert</span> <span class='ocrx_word' id='word_1_30' title='bbox 247 781 383 861; x_wconf 91' lang='lat' dir='ltr'>Procop.</span> <span class='ocrx_word' id='word_1_31' title='bbox 408 779 448 840; x_wconf 87' lang='lat' dir='ltr'>dc</span> <span class='ocrx_word' id='word_1_32' title='bbox 470 777 508 841; x_wconf 88' lang='lat' dir='ltr'>B.</span> <span class='ocrx_word' id='word_1_33' title='bbox 524 778 625 842; x_wconf 88' lang='lat' dir='ltr'>Goth.</span> <span class='ocrx_word' id='word_1_34' title='bbox 646 788 680 857; x_wconf 88' lang='grc'>4.</span> <span class='ocrx_word' id='word_1_35' title='bbox 703 779 737 841; x_wconf 96' lang='grc'>6.</span> <span class='ocrx_word' id='word_1_36' title='bbox 788 779 887 858; x_wconf 85' lang='lat' dir='ltr'>Saepo</span> <span class='ocrx_word' id='word_1_37' title='bbox 907 778 1003 838; x_wconf 82' lang='lat' dir='ltr'>ctiam</span> <span class='ocrx_word' id='word_1_38' title='bbox 1023 775 1165 839; x_wconf 77' lang='lat' dir='ltr'>absoluto</span> 
     </span>
     <span class='ocr_line' id='line_1_5' title="bbox 123 877 1167 960; baseline -0.01 -12"><span class='ocrx_word' id='word_1_39' title='bbox 123 879 278 954; x_wconf 74' lang='grc' dir='ltr'><strong>Μαιῶτις</strong></span> <span class='ocrx_word' id='word_1_40' title='bbox 304 881 337 940; x_wconf 91' lang='lat' dir='ltr'>in</span> <span class='ocrx_word' id='word_1_41' title='bbox 365 879 492 942; x_wconf 77' lang='lat' dir='ltr'>Graecia</span> <span class='ocrx_word' id='word_1_42' title='bbox 517 893 551 942; x_wconf 83' lang='lat' dir='ltr'>ct</span> <span class='ocrx_word' id='word_1_43' title='bbox 576 878 697 941; x_wconf 79' lang='lat' dir='ltr'>Latinio</span> <span class='ocrx_word' id='word_1_44' title='bbox 723 877 855 948; x_wconf 89' lang='lat' dir='ltr'>dicitur.</span> <span class='ocrx_word' id='word_1_45' title='bbox 888 897 984 960; x_wconf 84' lang='lat' dir='ltr'>quam</span> <span class='ocrx_word' id='word_1_46' title='bbox 1007 879 1167 940; x_wconf 82' lang='lat' dir='ltr'>rationem</span> 
     </span>
     <span class='ocr_line' id='line_1_6' title="bbox 126 975 1167 1068; baseline -0.007 -23"><span class='ocrx_word' id='word_1_47' title='bbox 126 983 269 1066; x_wconf 80' lang='lat' dir='ltr'>loquitur</span> <span class='ocrx_word' id='word_1_48' title='bbox 286 979 409 1050; x_wconf 80' lang='lat' dir='ltr'>Noster.</span> <span class='ocrx_word' id='word_1_49' title='bbox 435 979 488 1042; x_wconf 86' lang='lat' dir='ltr'>rel</span> <span class='ocrx_word' id='word_1_50' title='bbox 504 981 601 1042; x_wconf 80' lang='lat' dir='ltr'>etiam</span> <span class='ocrx_word' id='word_1_51' title='bbox 623 975 732 1068; x_wconf 77' lang='grc' dir='ltr'><strong>λίμνη.</strong></span> <span class='ocrx_word' id='word_1_52' title='bbox 759 995 798 1038; x_wconf 80' lang='lat' dir='ltr'>ex</span> <span class='ocrx_word' id='word_1_53' title='bbox 816 997 900 1040; x_wconf 79' lang='lat' dir='ltr'>nexu</span> <span class='ocrx_word' id='word_1_54' title='bbox 922 977 1048 1050; x_wconf 82' lang='lat' dir='ltr'>[cilicet.</span> <span class='ocrx_word' id='word_1_55' title='bbox 1073 991 1109 1038; x_wconf 89' lang='lat' dir='ltr'>ut</span> <span class='ocrx_word' id='word_1_56' title='bbox 1131 978 1167 1038; x_wconf 88' lang='lat' dir='ltr'>in</span> 
     </span>
     <span class='ocr_line' id='line_1_7' title="bbox 128 1077 1168 1163; baseline -0.008 -15"><span class='ocrx_word' id='word_1_57' title='bbox 128 1083 285 1148; x_wconf 73' lang='lat' dir='ltr'><strong>Strabone</strong></span> <span class='ocrx_word' id='word_1_58' title='bbox 308 1081 364 1143; x_wconf 88' lang='lat' dir='ltr'>lib.</span> <span class='ocrx_word' id='word_1_59' title='bbox 380 1101 434 1142; x_wconf 89' lang='grc' dir='ltr'>ιι.</span> <span class='ocrx_word' id='word_1_60' title='bbox 451 1083 496 1144; x_wconf 90' lang='lat' dir='ltr'>in.</span> <span class='ocrx_word' id='word_1_61' title='bbox 522 1083 661 1161; x_wconf 87' lang='lat' dir='ltr'>Soymno</span> <span class='ocrx_word' id='word_1_62' title='bbox 678 1079 764 1142; x_wconf 90' lang='lat' dir='ltr'>Chio</span> <span class='ocrx_word' id='word_1_63' title='bbox 777 1077 888 1163; x_wconf 84' lang='lat' dir='ltr'>fragm.</span> <span class='ocrx_word' id='word_1_64' title='bbox 902 1101 935 1143; x_wconf 84' lang='lat' dir='ltr'>v.</span> <span class='ocrx_word' id='word_1_65' title='bbox 957 1089 1037 1160; x_wconf 78' lang='lat'>134.</span> <span class='ocrx_word' id='word_1_66' title='bbox 1071 1077 1168 1142; x_wconf 82' lang='lat' dir='ltr'>Calua</span> 
     </span>
     <span class='ocr_line' id='line_1_8' title="bbox 127 1179 1169 1265; baseline -0.008 -17"><span class='ocrx_word' id='word_1_67' title='bbox 127 1185 251 1263; x_wconf 84' lang='lat' dir='ltr'><strong>obliqui</strong></span> <span class='ocrx_word' id='word_1_68' title='bbox 274 1183 495 1265; x_wconf 79' lang='lat' dir='ltr'>penultimam,</span> <span class='ocrx_word' id='word_1_69' title='bbox 519 1183 605 1263; x_wconf 89' lang='lat' dir='ltr'>quod</span> <span class='ocrx_word' id='word_1_70' title='bbox 629 1181 730 1250; x_wconf 83' lang='lat' dir='ltr'>iciam.</span> <span class='ocrx_word' id='word_1_71' title='bbox 757 1179 875 1242; x_wconf 88' lang='lat' dir='ltr'>habent</span> <span class='ocrx_word' id='word_1_72' title='bbox 890 1181 1057 1262; x_wconf 78' lang='lat' dir='ltr'>impuram,</span> <span class='ocrx_word' id='word_1_73' title='bbox 1082 1197 1169 1262; x_wconf 82' lang='lat' dir='ltr'>prae·</span> 
     </span>
     <span class='ocr_line' id='line_1_9' title="bbox 128 1277 1170 1366; baseline -0.009 -17"><span class='ocrx_word' id='word_1_74' title='bbox 128 1301 180 1349; x_wconf 82' lang='lat' dir='ltr'>ter</span> <span class='ocrx_word' id='word_1_75' title='bbox 196 1277 417 1352; x_wconf 75' lang='lat' dir='ltr'>accusativum.</span> <span class='ocrx_word' id='word_1_76' title='bbox 440 1285 494 1366; x_wconf 90' lang='lat' dir='ltr'>qni</span> <span class='ocrx_word' id='word_1_77' title='bbox 511 1282 583 1346; x_wconf 83' lang='lat' dir='ltr'>lacit</span> <span class='ocrx_word' id='word_1_78' title='bbox 598 1277 772 1346; x_wconf 75' lang='grc' dir='ltr'><strong>Μαιώτιδα</strong></span> <span class='ocrx_word' id='word_1_79' title='bbox 788 1294 820 1342; x_wconf 83' lang='lat' dir='ltr'>ct</span> <span class='ocrx_word' id='word_1_80' title='bbox 836 1280 987 1345; x_wconf 75' lang='grc' dir='ltr'><strong>Μαιῶτιν</strong></span> <span class='ocrx_word' id='word_1_81' title='bbox 1004 1281 1037 1342; x_wconf 90' lang='lat' dir='ltr'>in</span> <span class='ocrx_word' id='word_1_82' title='bbox 1054 1281 1170 1344; x_wconf 78' lang='lat' dir='ltr'>iisdem</span> 
     </span>
     <span class='ocr_line' id='line_1_10' title="bbox 128 1379 1171 1468; baseline -0.009 -17"><span class='ocrx_word' id='word_1_83' title='bbox 128 1389 228 1452; x_wconf 78' lang='lat' dir='ltr'>ctiam</span> <span class='ocrx_word' id='word_1_84' title='bbox 245 1383 444 1455; x_wconf 79' lang='lat' dir='ltr'>auctoribus.</span> <span class='ocrx_word' id='word_1_85' title='bbox 470 1383 525 1446; x_wconf 84' lang='lat' dir='ltr'>etsr</span> <span class='ocrx_word' id='word_1_86' title='bbox 542 1385 692 1468; x_wconf 86' lang='lat' dir='ltr'>pollcrior</span> <span class='ocrx_word' id='word_1_87' title='bbox 707 1379 808 1446; x_wconf 82' lang='lat' dir='ltr'>formu</span> <span class='ocrx_word' id='word_1_88' title='bbox 825 1383 867 1444; x_wconf 82' lang='lat' dir='ltr'>all</span> <span class='ocrx_word' id='word_1_89' title='bbox 881 1380 1085 1465; x_wconf 73' lang='lat' dir='ltr'><strong>frequentior.</strong></span> <span class='ocrx_word' id='word_1_90' title='bbox 1118 1380 1171 1444; x_wconf 82' lang='lat' dir='ltr'>Sic</span> 
     </span>
     <span class='ocr_line' id='line_1_11' title="bbox 129 1482 1171 1561; baseline -0.003 -12"><span class='ocrx_word' id='word_1_91' title='bbox 129 1489 241 1552; x_wconf 88' lang='lat' dir='ltr'>Latini</span> <span class='ocrx_word' id='word_1_92' title='bbox 259 1485 416 1548; x_wconf 81' lang='lat' dir='ltr'>Maeotim</span> <span class='ocrx_word' id='word_1_93' title='bbox 439 1486 562 1557; x_wconf 85' lang='lat' dir='ltr'>dicunt,</span> <span class='ocrx_word' id='word_1_94' title='bbox 584 1499 623 1546; x_wconf 90' lang='lat' dir='ltr'>ut</span> <span class='ocrx_word' id='word_1_95' title='bbox 645 1485 730 1548; x_wconf 88' lang='lat' dir='ltr'>Plio.</span> <span class='ocrx_word' id='word_1_96' title='bbox 751 1503 805 1553; x_wconf 89' lang='lat' dir='ltr'>ro.</span> <span class='ocrx_word' id='word_1_97' title='bbox 833 1503 888 1547; x_wconf 88' lang='grc' dir='ltr'>ιο.</span> <span class='ocrx_word' id='word_1_98' title='bbox 905 1482 926 1547; x_wconf 86' lang='lat' dir='ltr'>l.</span> <span class='ocrx_word' id='word_1_99' title='bbox 945 1496 978 1561; x_wconf 81' lang='grc'>3.</span> <span class='ocrx_word' id='word_1_100' title='bbox 1004 1497 1036 1545; x_wconf 84' lang='lat' dir='ltr'>ct</span> <span class='ocrx_word' id='word_1_101' title='bbox 1060 1483 1171 1546; x_wconf 79' lang='grc' dir='ltr'><strong>Μααο·</strong></span> 
     </span>
     <span class='ocr_line' id='line_1_12' title="bbox 132 1583 1173 1666; baseline -0.009 -14"><span class='ocrx_word' id='word_1_102' title='bbox 132 1588 216 1660; x_wconf 76' lang='lat' dir='ltr'>cido,</span> <span class='ocrx_word' id='word_1_103' title='bbox 242 1599 278 1648; x_wconf 88' lang='lat' dir='ltr'>ut</span> <span class='ocrx_word' id='word_1_104' title='bbox 294 1585 376 1648; x_wconf 79' lang='lat' dir='ltr'>Mela</span> <span class='ocrx_word' id='word_1_105' title='bbox 397 1606 426 1658; x_wconf 93' lang='grc'>1.</span> <span class='ocrx_word' id='word_1_106' title='bbox 439 1602 472 1666; x_wconf 82' lang='lat'>3.</span> <span class='ocrx_word' id='word_1_107' title='bbox 487 1605 517 1652; x_wconf 90' lang='grc'>1.</span> <span class='ocrx_word' id='word_1_108' title='bbox 546 1604 579 1658; x_wconf 92' lang='grc'>9.</span> <span class='ocrx_word' id='word_1_109' title='bbox 600 1605 630 1657; x_wconf 87' lang='lat' dir='ltr'>r.</span> <span class='ocrx_word' id='word_1_110' title='bbox 650 1605 679 1649; x_wconf 95' lang='grc'>1.</span> <span class='ocrx_word' id='word_1_111' title='bbox 715 1583 766 1648; x_wconf 82' lang='lat' dir='ltr'>Cf.</span> <span class='ocrx_word' id='word_1_112' title='bbox 783 1605 862 1666; x_wconf 83' lang='lat' dir='ltr'>quac</span> <span class='ocrx_word' id='word_1_113' title='bbox 879 1585 919 1646; x_wconf 85' lang='lat' dir='ltr'>dc</span> <span class='ocrx_word' id='word_1_114' title='bbox 935 1586 1071 1648; x_wconf 83' lang='lat' dir='ltr'>flexione</span> <span class='ocrx_word' id='word_1_115' title='bbox 1090 1595 1173 1644; x_wconf 90' lang='lat' dir='ltr'>utra·</span> 
     </span>
     <span class='ocr_line' id='line_1_13' title="bbox 132 1685 1172 1772; baseline -0.004 -22"><span class='ocrx_word' id='word_1_116' title='bbox 132 1709 197 1772; x_wconf 82' lang='lat' dir='ltr'>quo</span> <span class='ocrx_word' id='word_1_117' title='bbox 212 1687 337 1750; x_wconf 89' lang='lat' dir='ltr'>monuit</span> <span class='ocrx_word' id='word_1_118' title='bbox 352 1687 501 1752; x_wconf 80' lang='lat' dir='ltr'>Amtzan.</span> <span class='ocrx_word' id='word_1_119' title='bbox 518 1689 557 1751; x_wconf 77' lang='lat' dir='ltr'>acl</span> <span class='ocrx_word' id='word_1_120' title='bbox 571 1686 757 1750; x_wconf 79' lang='lat' dir='ltr'>Mamertini</span> <span class='ocrx_word' id='word_1_121' title='bbox 773 1685 960 1770; x_wconf 79' lang='lat' dir='ltr'>genethliac.</span> <span class='ocrx_word' id='word_1_122' title='bbox 976 1685 1172 1747; x_wconf 84' lang='lat' dir='ltr'>Maximiano</span> 
     </span>
     <span class='ocr_line' id='line_1_14' title="bbox 133 1787 1174 1871; baseline -0.008 -17"><span class='ocrx_word' id='word_1_123' title='bbox 133 1793 260 1854; x_wconf 81' lang='lat' dir='ltr'>dictum</span> <span class='ocrx_word' id='word_1_124' title='bbox 276 1807 342 1870; x_wconf 86' lang='lat' dir='ltr'>cap.</span> <span class='ocrx_word' id='word_1_125' title='bbox 365 1789 419 1852; x_wconf 89' lang='grc'>16.</span> <span class='ocrx_word' id='word_1_126' title='bbox 469 1791 519 1850; x_wconf 81' lang='lat' dir='ltr'>An</span> <span class='ocrx_word' id='word_1_127' title='bbox 534 1790 677 1852; x_wconf 81' lang='lat' dir='ltr'>Maeotis</span> <span class='ocrx_word' id='word_1_128' title='bbox 698 1789 732 1850; x_wconf 91' lang='lat' dir='ltr'>io</span> <span class='ocrx_word' id='word_1_129' title='bbox 753 1787 899 1871; x_wconf 85' lang='lat' dir='ltr'>genitivo</span> <span class='ocrx_word' id='word_1_130' title='bbox 921 1788 1057 1856; x_wconf 86' lang='lat' dir='ltr'>dicatur.</span> <span class='ocrx_word' id='word_1_131' title='bbox 1083 1799 1122 1846; x_wconf 89' lang='lat' dir='ltr'>ut</span> <span class='ocrx_word' id='word_1_132' title='bbox 1138 1787 1174 1846; x_wconf 87' lang='lat' dir='ltr'>in</span> 
     </span>
     <span class='ocr_line' id='line_1_15' title="bbox 134 1886 1174 1972; baseline -0.006 -17"><span class='ocrx_word' id='word_1_133' title='bbox 134 1891 244 1956; x_wconf 85' lang='lat' dir='ltr'>Plinio</span> <span class='ocrx_word' id='word_1_134' title='bbox 259 1899 293 1968; x_wconf 90' lang='grc'>4.</span> <span class='ocrx_word' id='word_1_135' title='bbox 312 1896 370 1970; x_wconf 87' lang='grc'>94.</span> <span class='ocrx_word' id='word_1_136' title='bbox 388 1886 407 1948; x_wconf 86' lang='lat' dir='ltr'>l.</span> <span class='ocrx_word' id='word_1_137' title='bbox 430 1907 485 1954; x_wconf 83' lang='grc'>19.</span> <span class='ocrx_word' id='word_1_138' title='bbox 515 1907 574 1968; x_wconf 91' lang='grc'>97.</span> <span class='ocrx_word' id='word_1_139' title='bbox 597 1910 626 1954; x_wconf 93' lang='grc'>1.</span> <span class='ocrx_word' id='word_1_140' title='bbox 642 1891 687 1952; x_wconf 91' lang='lat' dir='ltr'>in.</span> <span class='ocrx_word' id='word_1_141' title='bbox 712 1891 906 1972; x_wconf 67' lang='lat' dir='ltr'>disputatum</span> <span class='ocrx_word' id='word_1_142' title='bbox 938 1887 1049 1970; x_wconf 92' lang='lat' dir='ltr'>probat</span> <span class='ocrx_word' id='word_1_143' title='bbox 1066 1899 1174 1949; x_wconf 79' lang='lat' dir='ltr'>tamen</span> 
     </span>
     <span class='ocr_line' id='line_1_16' title="bbox 109 1977 1174 2077; baseline -0.009 -22"><span class='ocrx_word' id='word_1_144' title='bbox 109 1977 287 2055; x_wconf 49' lang='lat' dir='ltr'>”Garatom</span> <span class='ocrx_word' id='word_1_145' title='bbox 305 1990 344 2050; x_wconf 84' lang='lat' dir='ltr'>arl</span> <span class='ocrx_word' id='word_1_146' title='bbox 368 1989 437 2055; x_wconf 88' lang='lat' dir='ltr'>Cic.</span> <span class='ocrx_word' id='word_1_147' title='bbox 461 1992 502 2054; x_wconf 81' lang='lat' dir='ltr'>dc</span> <span class='ocrx_word' id='word_1_148' title='bbox 522 1994 585 2077; x_wconf 80' lang='lat' dir='ltr'>log.</span> <span class='ocrx_word' id='word_1_149' title='bbox 603 2011 700 2077; x_wconf 84' lang='lat' dir='ltr'>agrar.</span> <span class='ocrx_word' id='word_1_150' title='bbox 719 2006 751 2062; x_wconf 87' lang='grc'>9.</span> <span class='ocrx_word' id='word_1_151' title='bbox 776 2007 830 2069; x_wconf 83' lang='grc'>19.</span> <span class='ocrx_word' id='word_1_152' title='bbox 855 2003 889 2050; x_wconf 85' lang='lat' dir='ltr'>et</span> <span class='ocrx_word' id='word_1_153' title='bbox 910 2003 1019 2051; x_wconf 86' lang='lat' dir='ltr'>contra</span> <span class='ocrx_word' id='word_1_154' title='bbox 1040 1987 1174 2050; x_wconf 80' lang='lat' dir='ltr'>Rullum</span> 
     </span>
     <span class='ocr_line' id='line_1_17' title="bbox 139 2087 1176 2175; baseline -0.008 -17"><span class='ocrx_word' id='word_1_155' title='bbox 139 2109 250 2172; x_wconf 84' lang='grc'><strong>9.19.</strong></span> <span class='ocrx_word' id='word_1_156' title='bbox 284 2088 337 2154; x_wconf 83' lang='lat' dir='ltr'>Gi.</span> <span class='ocrx_word' id='word_1_157' title='bbox 358 2091 396 2152; x_wconf 80' lang='lat' dir='ltr'>ad</span> <span class='ocrx_word' id='word_1_158' title='bbox 419 2093 485 2175; x_wconf 88' lang='lat' dir='ltr'>Qu.</span> <span class='ocrx_word' id='word_1_159' title='bbox 502 2091 646 2172; x_wconf 22' lang='lat' dir='ltr'>Tulc.y5.</span> <span class='ocrx_word' id='word_1_160' title='bbox 667 2107 722 2168; x_wconf 87' lang='lat'>17.</span> <span class='ocrx_word' id='word_1_161' title='bbox 773 2091 875 2154; x_wconf 87' lang='lat' dir='ltr'>Porro</span> <span class='ocrx_word' id='word_1_162' title='bbox 890 2109 907 2152; x_wconf 84' lang='lat' dir='ltr'>a</span> <span class='ocrx_word' id='word_1_163' title='bbox 923 2089 1049 2152; x_wconf 80' lang='lat' dir='ltr'>Graecia</span> <span class='ocrx_word' id='word_1_164' title='bbox 1064 2087 1176 2150; x_wconf 81' lang='lat' dir='ltr'>usrtato</span> 
     </span>
     <span class='ocr_line' id='line_1_18' title="bbox 137 2188 1176 2281; baseline -0.008 -23"><span class='ocrx_word' id='word_1_165' title='bbox 137 2207 270 2258; x_wconf 82' lang='lat' dir='ltr'>vocatur</span> <span class='ocrx_word' id='word_1_166' title='bbox 296 2188 409 2281; x_wconf 69' lang='grc' dir='ltr'><strong>λίμνη.</strong></span> <span class='ocrx_word' id='word_1_167' title='bbox 435 2213 452 2255; x_wconf 89' lang='lat' dir='ltr'>a</span> <span class='ocrx_word' id='word_1_168' title='bbox 477 2196 599 2257; x_wconf 77' lang='lat' dir='ltr'>Latinio</span> <span class='ocrx_word' id='word_1_169' title='bbox 622 2193 729 2264; x_wconf 84' lang='lat' dir='ltr'>locus.</span> <span class='ocrx_word' id='word_1_170' title='bbox 763 2193 859 2255; x_wconf 83' lang='lat' dir='ltr'>etiam</span> <span class='ocrx_word' id='word_1_171' title='bbox 887 2191 1052 2254; x_wconf 77' lang='lat' dir='ltr'>Maeotim</span> <span class='ocrx_word' id='word_1_172' title='bbox 1076 2190 1176 2262; x_wconf 83' lang='lat' dir='ltr'>locus,</span> 
     </span>
     <span class='ocr_line' id='line_1_19' title="bbox 136 2289 1178 2380; baseline -0.006 -22"><span class='ocrx_word' id='word_1_173' title='bbox 136 2295 240 2380; x_wconf 86' lang='lat' dir='ltr'>(Plio.</span> <span class='ocrx_word' id='word_1_174' title='bbox 255 2293 289 2364; x_wconf 87' lang='grc'>6,</span> <span class='ocrx_word' id='word_1_175' title='bbox 313 2313 342 2354; x_wconf 93' lang='grc'>1.</span> <span class='ocrx_word' id='word_1_176' title='bbox 373 2293 561 2377; x_wconf 78' lang='lat' dir='ltr'><strong>15.l.13.)</strong></span> <span class='ocrx_word' id='word_1_177' title='bbox 586 2289 697 2378; x_wconf 85' lang='lat' dir='ltr'>palllm</span> <span class='ocrx_word' id='word_1_178' title='bbox 721 2309 827 2355; x_wconf 85' lang='lat' dir='ltr'>tamen</span> <span class='ocrx_word' id='word_1_179' title='bbox 847 2295 942 2356; x_wconf 83' lang='lat' dir='ltr'>etiam</span> <span class='ocrx_word' id='word_1_180' title='bbox 964 2292 1076 2373; x_wconf 84' lang='lat' dir='ltr'>polus.</span> <span class='ocrx_word' id='word_1_181' title='bbox 1102 2303 1139 2350; x_wconf 90' lang='lat' dir='ltr'>nt</span> <span class='ocrx_word' id='word_1_182' title='bbox 1159 2307 1178 2352; x_wconf 86' lang='lat' dir='ltr'>a</span> 
     </span>
     <span class='ocr_line' id='line_1_20' title="bbox 140 2392 1177 2476; baseline -0.009 -16"><span class='ocrx_word' id='word_1_183' title='bbox 140 2394 259 2460; x_wconf 82' lang='lat' dir='ltr'>Nollro</span> <span class='ocrx_word' id='word_1_184' title='bbox 282 2415 310 2463; x_wconf 89' lang='grc'>1.</span> <span class='ocrx_word' id='word_1_185' title='bbox 330 2408 363 2456; x_wconf 87' lang='grc'>9.</span> <span class='ocrx_word' id='word_1_186' title='bbox 380 2410 460 2459; x_wconf 80' lang='lat' dir='ltr'>extr.</span> <span class='ocrx_word' id='word_1_187' title='bbox 487 2419 504 2461; x_wconf 90' lang='lat' dir='ltr'>a</span> <span class='ocrx_word' id='word_1_188' title='bbox 520 2397 626 2460; x_wconf 86' lang='lat' dir='ltr'>Plinio</span> <span class='ocrx_word' id='word_1_189' title='bbox 641 2411 674 2468; x_wconf 88' lang='grc'>9.</span> <span class='ocrx_word' id='word_1_190' title='bbox 692 2397 750 2471; x_wconf 86' lang='grc'>67.</span> <span class='ocrx_word' id='word_1_191' title='bbox 770 2393 789 2456; x_wconf 85' lang='lat' dir='ltr'>l.</span> <span class='ocrx_word' id='word_1_192' title='bbox 808 2394 866 2458; x_wconf 88' lang='grc'>66.</span> <span class='ocrx_word' id='word_1_193' title='bbox 889 2393 984 2476; x_wconf 83' lang='lat' dir='ltr'>polus</span> <span class='ocrx_word' id='word_1_194' title='bbox 999 2392 1177 2463; x_wconf 83' lang='lat' dir='ltr'>Moaotico.</span> 
     </span>
     <span class='ocr_line' id='line_1_21' title="bbox 141 2495 1176 2580; baseline -0.007 -20"><span class='ocrx_word' id='word_1_195' title='bbox 141 2509 184 2560; x_wconf 86' lang='lat' dir='ltr'>ut</span> <span class='ocrx_word' id='word_1_196' title='bbox 214 2509 247 2558; x_wconf 81' lang='lat' dir='ltr'>ot</span> <span class='ocrx_word' id='word_1_197' title='bbox 279 2495 354 2556; x_wconf 89' lang='lat' dir='ltr'>libri</span> <span class='ocrx_word' id='word_1_198' title='bbox 386 2499 515 2580; x_wconf 87' lang='lat' dir='ltr'>quidam</span> <span class='ocrx_word' id='word_1_199' title='bbox 542 2498 661 2560; x_wconf 83' lang='lat' dir='ltr'>habent</span> <span class='ocrx_word' id='word_1_200' title='bbox 693 2498 778 2580; x_wconf 88' lang='lat' dir='ltr'>apud</span> <span class='ocrx_word' id='word_1_201' title='bbox 808 2497 925 2558; x_wconf 84' lang='lat' dir='ltr'>Lucan.</span> <span class='ocrx_word' id='word_1_202' title='bbox 946 2511 978 2567; x_wconf 90' lang='grc'>9.</span> <span class='ocrx_word' id='word_1_203' title='bbox 1004 2496 1088 2577; x_wconf 86' lang='grc'><strong>641.</strong></span> <span class='ocrx_word' id='word_1_204' title='bbox 1116 2510 1176 2576; x_wconf 91' lang='lat' dir='ltr'>pro</span> 
     </span>
     <span class='ocr_line' id='line_1_22' title="bbox 142 2591 1178 2682; baseline -0.002 -23"><span class='ocrx_word' id='word_1_205' title='bbox 142 2596 293 2664; x_wconf 76' lang='lat' dir='ltr'>Maeotia</span> <span class='ocrx_word' id='word_1_206' title='bbox 311 2597 414 2676; x_wconf 83' lang='lat' dir='ltr'>palas.</span> <span class='ocrx_word' id='word_1_207' title='bbox 448 2599 499 2664; x_wconf 82' lang='lat' dir='ltr'>Cf.</span> <span class='ocrx_word' id='word_1_208' title='bbox 514 2601 599 2662; x_wconf 83' lang='lat' dir='ltr'>Piar.</span> <span class='ocrx_word' id='word_1_209' title='bbox 616 2601 656 2661; x_wconf 87' lang='lat' dir='ltr'>ad</span> <span class='ocrx_word' id='word_1_210' title='bbox 673 2599 784 2682; x_wconf 83' lang='lat' dir='ltr'>virgil.</span> <span class='ocrx_word' id='word_1_211' title='bbox 802 2597 881 2660; x_wconf 81' lang='lat' dir='ltr'>Aen.</span> <span class='ocrx_word' id='word_1_212' title='bbox 898 2599 931 2667; x_wconf 88' lang='grc'>6.</span> <span class='ocrx_word' id='word_1_213' title='bbox 951 2612 1038 2677; x_wconf 82' lang='grc'><strong>799.</strong></span> <span class='ocrx_word' id='word_1_214' title='bbox 1068 2591 1178 2657; x_wconf 80' lang='lat' dir='ltr'>Heius.</span> 
     </span>
     <span class='ocr_line' id='line_1_23' title="bbox 144 2695 1180 2781; baseline -0.014 -12"><span class='ocrx_word' id='word_1_215' title='bbox 144 2700 184 2762; x_wconf 69' lang='lat' dir='ltr'>ad</span> <span class='ocrx_word' id='word_1_216' title='bbox 205 2697 322 2780; x_wconf 65' lang='lat' dir='ltr'>Gflvfg·</span> <span class='ocrx_word' id='word_1_217' title='bbox 340 2710 373 2777; x_wconf 70' lang='grc' dir='ltr'>ὅ.</span> <span class='ocrx_word' id='word_1_218' title='bbox 391 2707 474 2781; x_wconf 78' lang='grc'><strong>549.</strong></span> <span class='ocrx_word' id='word_1_219' title='bbox 526 2701 606 2762; x_wconf 81' lang='lat' dir='ltr'>Levi</span> <span class='ocrx_word' id='word_1_220' title='bbox 623 2701 796 2762; x_wconf 82' lang='lat' dir='ltr'>variatione</span> <span class='ocrx_word' id='word_1_221' title='bbox 819 2699 886 2761; x_wconf 79' lang='lat' dir='ltr'>aliis</span> <span class='ocrx_word' id='word_1_222' title='bbox 911 2699 1026 2760; x_wconf 89' lang='lat' dir='ltr'>dicitur</span> <span class='ocrx_word' id='word_1_223' title='bbox 1042 2695 1180 2760; x_wconf 84' lang='lat' dir='ltr'>Mncoti·</span> 
     </span>
     <span class='ocr_line' id='line_1_24' title="bbox 144 2800 1181 2880; baseline -0.004 -20"><span class='ocrx_word' id='word_1_224' title='bbox 144 2819 214 2860; x_wconf 85' lang='lat' dir='ltr'>cum</span> <span class='ocrx_word' id='word_1_225' title='bbox 240 2817 373 2880; x_wconf 74' lang='lat' dir='ltr'>aequor.</span> <span class='ocrx_word' id='word_1_226' title='bbox 403 2801 538 2878; x_wconf 81' lang='lat' dir='ltr'>(Arion.</span> <span class='ocrx_word' id='word_1_227' title='bbox 560 2803 594 2862; x_wconf 90' lang='lat' dir='ltr'>in</span> <span class='ocrx_word' id='word_1_228' title='bbox 615 2819 668 2863; x_wconf 90' lang='lat' dir='ltr'>ora</span> <span class='ocrx_word' id='word_1_229' title='bbox 695 2822 727 2862; x_wconf 83' lang='lat' dir='ltr'>v.</span> <span class='ocrx_word' id='word_1_230' title='bbox 751 2803 830 2878; x_wconf 78' lang='grc'><strong>39.)</strong></span> <span class='ocrx_word' id='word_1_231' title='bbox 861 2800 1009 2862; x_wconf 79' lang='lat' dir='ltr'>Maeotia</span> <span class='ocrx_word' id='word_1_232' title='bbox 1034 2815 1181 2880; x_wconf 80' lang='lat' dir='ltr'>ooqrtoro.</span> 
     </span>
     <span class='ocr_line' id='line_1_25' title="bbox 144 2897 1181 2986; baseline -0.004 -24"><span class='ocrx_word' id='word_1_233' title='bbox 144 2899 263 2986; x_wconf 84' lang='lat' dir='ltr'>(Valcr.</span> <span class='ocrx_word' id='word_1_234' title='bbox 278 2898 380 2963; x_wconf 83' lang='lat' dir='ltr'>Flacc.</span> <span class='ocrx_word' id='word_1_235' title='bbox 395 2913 429 2981; x_wconf 90' lang='grc'>4.</span> <span class='ocrx_word' id='word_1_236' title='bbox 446 2899 545 2982; x_wconf 78' lang='grc'><strong>7911.)</strong></span> <span class='ocrx_word' id='word_1_237' title='bbox 571 2901 669 2972; x_wconf 78' lang='lat' dir='ltr'>undo.</span> <span class='ocrx_word' id='word_1_238' title='bbox 692 2900 817 2985; x_wconf 78' lang='lat' dir='ltr'>(virgil.</span> <span class='ocrx_word' id='word_1_239' title='bbox 834 2900 952 2984; x_wconf 80' lang='lat' dir='ltr'>Georg.</span> <span class='ocrx_word' id='word_1_240' title='bbox 964 2919 991 2961; x_wconf 92' lang='lat' dir='ltr'>c.</span> <span class='ocrx_word' id='word_1_241' title='bbox 1007 2898 1044 2980; x_wconf 94' lang='lat' dir='ltr'>l.)</span> <span class='ocrx_word' id='word_1_242' title='bbox 1070 2897 1181 2959; x_wconf 79' lang='lat' dir='ltr'>Moro-</span> 
     </span>
     <span class='ocr_line' id='line_1_26' title="bbox 144 2995 1182 3082; baseline -0.006 -16"><span class='ocrx_word' id='word_1_243' title='bbox 144 3001 230 3066; x_wconf 73' lang='lat' dir='ltr'>noes</span> <span class='ocrx_word' id='word_1_244' title='bbox 245 2999 359 3070; x_wconf 82' lang='lat' dir='ltr'>undae,</span> <span class='ocrx_word' id='word_1_245' title='bbox 380 3003 515 3076; x_wconf 89' lang='lat' dir='ltr'>(Lucan.</span> <span class='ocrx_word' id='word_1_246' title='bbox 533 3017 564 3082; x_wconf 78' lang='lat'>3.</span> <span class='ocrx_word' id='word_1_247' title='bbox 582 3003 681 3080; x_wconf 88' lang='grc'><strong>977.)</strong></span> <span class='ocrx_word' id='word_1_248' title='bbox 706 2999 887 3063; x_wconf 77' lang='lat' dir='ltr'>Maeotider</span> <span class='ocrx_word' id='word_1_249' title='bbox 906 2998 1049 3080; x_wconf 78' lang='lat' dir='ltr'>paludes.</span> <span class='ocrx_word' id='word_1_250' title='bbox 1076 2995 1182 3077; x_wconf 83' lang='lat' dir='ltr'>(Oroi.</span> 
     </span>
     <span class='ocr_line' id='line_1_27' title="bbox 140 3099 1181 3187; baseline -0.005 -23"><span class='ocrx_word' id='word_1_251' title='bbox 140 3123 183 3173; x_wconf 88' lang='grc'>·1.</span> <span class='ocrx_word' id='word_1_252' title='bbox 200 3105 248 3179; x_wconf 89' lang='grc'>9.)</span> <span class='ocrx_word' id='word_1_253' title='bbox 286 3101 311 3162; x_wconf 79' lang='lat' dir='ltr'>A</span> <span class='ocrx_word' id='word_1_254' title='bbox 329 3099 435 3184; x_wconf 79' lang='lat' dir='ltr'>priscis</span> <span class='ocrx_word' id='word_1_255' title='bbox 448 3105 563 3166; x_wconf 77' lang='lat' dir='ltr'>accolis</span> <span class='ocrx_word' id='word_1_256' title='bbox 577 3103 764 3187; x_wconf 75' lang='lat' dir='ltr'>designatur,</span> <span class='ocrx_word' id='word_1_257' title='bbox 787 3114 822 3162; x_wconf 89' lang='lat' dir='ltr'>ot</span> <span class='ocrx_word' id='word_1_258' title='bbox 841 3102 1024 3164; x_wconf 77' lang='lat' dir='ltr'>Cimmerioa</span> <span class='ocrx_word' id='word_1_259' title='bbox 1038 3099 1181 3179; x_wconf 77' lang='lat' dir='ltr'>paludes.</span> 
     </span>
     <span class='ocr_line' id='line_1_28' title="bbox 145 3192 1181 3293; baseline -0.008 -25"><span class='ocrx_word' id='word_1_260' title='bbox 145 3201 326 3282; x_wconf 74' lang='lat' dir='ltr'>(claudian.</span> <span class='ocrx_word' id='word_1_261' title='bbox 350 3205 384 3264; x_wconf 93' lang='lat' dir='ltr'>in</span> <span class='ocrx_word' id='word_1_262' title='bbox 404 3204 540 3288; x_wconf 86' lang='lat' dir='ltr'>Eutrop.</span> <span class='ocrx_word' id='word_1_263' title='bbox 562 3225 590 3275; x_wconf 91' lang='grc'>1.</span> <span class='ocrx_word' id='word_1_264' title='bbox 609 3205 708 3283; x_wconf 83' lang='grc'><strong>949.)</strong></span> <span class='ocrx_word' id='word_1_265' title='bbox 735 3223 820 3263; x_wconf 79' lang='lat' dir='ltr'>more</span> <span class='ocrx_word' id='word_1_266' title='bbox 837 3192 1042 3293; x_wconf 83' lang='lat' dir='ltr'>Bosporicum</span> <span class='ocrx_word' id='word_1_267' title='bbox 1059 3199 1080 3264; x_wconf 83' lang='lat' dir='ltr'>l.</span> <span class='ocrx_word' id='word_1_268' title='bbox 1098 3200 1181 3262; x_wconf 88' lang='lat' dir='ltr'>Cim·</span> 
     </span>
     <span class='ocr_line' id='line_1_29' title="bbox 146 3301 1179 3385; baseline -0.004 -17"><span class='ocrx_word' id='word_1_269' title='bbox 146 3305 292 3373; x_wconf 81' lang='lat' dir='ltr'>merium.</span> <span class='ocrx_word' id='word_1_270' title='bbox 326 3301 471 3380; x_wconf 78' lang='lat' dir='ltr'>(Gallina</span> <span class='ocrx_word' id='word_1_271' title='bbox 503 3321 558 3381; x_wconf 91' lang='grc' dir='ltr'>ι7.</span> <span class='ocrx_word' id='word_1_272' title='bbox 586 3307 643 3380; x_wconf 84' lang='grc'>8.)</span> <span class='ocrx_word' id='word_1_273' title='bbox 679 3304 846 3385; x_wconf 81' lang='lat' dir='ltr'>Scythicae</span> <span class='ocrx_word' id='word_1_274' title='bbox 877 3301 996 3370; x_wconf 81' lang='lat' dir='ltr'>undae.</span> <span class='ocrx_word' id='word_1_275' title='bbox 1038 3301 1179 3382; x_wconf 73' lang='lat' dir='ltr'>patacio.</span> 
     </span>
     <span class='ocr_line' id='line_1_30' title="bbox 149 3405 1183 3487; baseline -0.006 -18"><span class='ocrx_word' id='word_1_276' title='bbox 149 3405 263 3487; x_wconf 87' lang='lat' dir='ltr'>(Ovid.</span> <span class='ocrx_word' id='word_1_277' title='bbox 286 3405 382 3485; x_wconf 85' lang='lat' dir='ltr'>Epill.</span> <span class='ocrx_word' id='word_1_278' title='bbox 399 3407 433 3476; x_wconf 88' lang='grc'>6.</span> <span class='ocrx_word' id='word_1_279' title='bbox 455 3423 534 3482; x_wconf 89' lang='grc' dir='ltr'><strong>ιο7.</strong></span> <span class='ocrx_word' id='word_1_280' title='bbox 560 3405 652 3468; x_wconf 78' lang='lat' dir='ltr'>Trio.</span> <span class='ocrx_word' id='word_1_281' title='bbox 677 3419 708 3484; x_wconf 78' lang='lat'>3.</span> <span class='ocrx_word' id='word_1_282' title='bbox 731 3413 765 3486; x_wconf 86' lang='grc'>4.</span> <span class='ocrx_word' id='word_1_283' title='bbox 787 3409 862 3485; x_wconf 83' lang='grc'><strong>49.)</strong></span> <span class='ocrx_word' id='word_1_284' title='bbox 913 3405 1103 3484; x_wconf 82' lang='lat' dir='ltr'>Scytharum</span> <span class='ocrx_word' id='word_1_285' title='bbox 1125 3421 1183 3464; x_wconf 93' lang='lat' dir='ltr'>no·</span> 
     </span>
     <span class='ocr_line' id='line_1_31' title="bbox 147 3501 1183 3588; baseline -0.006 -18"><span class='ocrx_word' id='word_1_286' title='bbox 147 3526 237 3576; x_wconf 86' lang='lat' dir='ltr'>men.</span> <span class='ocrx_word' id='word_1_287' title='bbox 263 3504 337 3566; x_wconf 84' lang='lat' dir='ltr'>telle</span> <span class='ocrx_word' id='word_1_288' title='bbox 352 3507 461 3569; x_wconf 86' lang='lat' dir='ltr'>Plinio</span> <span class='ocrx_word' id='word_1_289' title='bbox 480 3509 513 3579; x_wconf 91' lang='grc'>6.</span> <span class='ocrx_word' id='word_1_290' title='bbox 534 3523 566 3583; x_wconf 95' lang='grc'>7.</span> <span class='ocrx_word' id='word_1_291' title='bbox 589 3505 651 3568; x_wconf 87' lang='lat' dir='ltr'>fuit</span> <span class='ocrx_word' id='word_1_292' title='bbox 670 3506 865 3576; x_wconf 77' lang='lat' dir='ltr'>Temerirrdo.</span> <span class='ocrx_word' id='word_1_293' title='bbox 889 3505 1008 3588; x_wconf 83' lang='lat' dir='ltr'>dequo</span> <span class='ocrx_word' id='word_1_294' title='bbox 1025 3505 1124 3566; x_wconf 82' lang='lat' dir='ltr'>verbo</span> <span class='ocrx_word' id='word_1_295' title='bbox 1142 3501 1183 3570; x_wconf 85' lang='lat' dir='ltr'>ci.</span> 
     </span>
     <span class='ocr_line' id='line_1_32' title="bbox 149 3605 1183 3693; baseline -0.003 -23"><span class='ocrx_word' id='word_1_296' title='bbox 149 3607 252 3670; x_wconf 87' lang='lat' dir='ltr'>Ortel.</span> <span class='ocrx_word' id='word_1_297' title='bbox 275 3605 310 3666; x_wconf 91' lang='lat' dir='ltr'>io</span> <span class='ocrx_word' id='word_1_298' title='bbox 339 3607 482 3672; x_wconf 81' lang='lat' dir='ltr'>thesauro</span> <span class='ocrx_word' id='word_1_299' title='bbox 505 3609 622 3693; x_wconf 86' lang='lat' dir='ltr'>Geogr.</span> <span class='ocrx_word' id='word_1_300' title='bbox 641 3609 675 3672; x_wconf 89' lang='lat' dir='ltr'>h.</span> <span class='ocrx_word' id='word_1_301' title='bbox 693 3629 726 3670; x_wconf 83' lang='lat' dir='ltr'>v.</span> <span class='ocrx_word' id='word_1_302' title='bbox 756 3607 831 3669; x_wconf 81' lang='lat' dir='ltr'>telle</span> <span class='ocrx_word' id='word_1_303' title='bbox 856 3627 932 3668; x_wconf 83' lang='lat' dir='ltr'>vcro</span> <span class='ocrx_word' id='word_1_304' title='bbox 954 3609 1072 3668; x_wconf 82' lang='lat' dir='ltr'>Tzotzc</span> <span class='ocrx_word' id='word_1_305' title='bbox 1097 3605 1183 3668; x_wconf 89' lang='lat' dir='ltr'>Chii.</span> 
     </span>
     <span class='ocr_line' id='line_1_33' title="bbox 150 3702 1185 3796; baseline 0 -26"><span class='ocrx_word' id='word_1_306' title='bbox 150 3719 185 3788; x_wconf 73' lang='lat' dir='ltr'>a.</span> <span class='ocrx_word' id='word_1_307' title='bbox 209 3721 294 3787; x_wconf 81' lang='lat'><strong>773.</strong></span> <span class='ocrx_word' id='word_1_308' title='bbox 320 3702 544 3796; x_wconf 78' lang='lat' dir='ltr'>lioprrnloim.</span> <span class='ocrx_word' id='word_1_309' title='bbox 583 3709 668 3790; x_wconf 88' lang='lat' dir='ltr'>qnod</span> <span class='ocrx_word' id='word_1_310' title='bbox 696 3721 829 3770; x_wconf 87' lang='lat' dir='ltr'>matrem</span> <span class='ocrx_word' id='word_1_311' title='bbox 858 3708 1020 3793; x_wconf 78' lang='lat' dir='ltr'>fignificat.</span> <span class='ocrx_word' id='word_1_312' title='bbox 1056 3707 1095 3768; x_wconf 80' lang='lat' dir='ltr'>tle</span> <span class='ocrx_word' id='word_1_313' title='bbox 1120 3725 1185 3787; x_wconf 90' lang='lat' dir='ltr'>quo</span> 
     </span>
     <span class='ocr_line' id='line_1_34' title="bbox 151 3807 1186 3891; baseline -0.005 -19"><span class='ocrx_word' id='word_1_314' title='bbox 151 3810 314 3889; x_wconf 77' lang='lat' dir='ltr'>deinceps.</span> <span class='ocrx_word' id='word_1_315' title='bbox 369 3809 560 3874; x_wconf 71' lang='lat' dir='ltr'>Posteriores</span> <span class='ocrx_word' id='word_1_316' title='bbox 585 3811 737 3870; x_wconf 81' lang='lat' dir='ltr'>Galatiam</span> <span class='ocrx_word' id='word_1_317' title='bbox 762 3811 988 3879; x_wconf 85' lang='lat' dir='ltr'>nominarunt.</span> <span class='ocrx_word' id='word_1_318' title='bbox 1014 3822 1051 3868; x_wconf 89' lang='lat' dir='ltr'>ut</span> <span class='ocrx_word' id='word_1_319' title='bbox 1070 3807 1186 3891; x_wconf 83' lang='lat' dir='ltr'>legitor</span> 
     </span>
     <span class='ocr_line' id='line_1_35' title="bbox 151 3908 1187 3994; baseline -0.003 -21"><span class='ocrx_word' id='word_1_320' title='bbox 151 3911 187 3973; x_wconf 87' lang='lat' dir='ltr'>io</span> <span class='ocrx_word' id='word_1_321' title='bbox 212 3910 308 3970; x_wconf 85' lang='lat' dir='ltr'>notit.</span> <span class='ocrx_word' id='word_1_322' title='bbox 334 3908 388 3972; x_wconf 89' lang='lat' dir='ltr'>Gr.</span> <span class='ocrx_word' id='word_1_323' title='bbox 412 3909 550 3994; x_wconf 80' lang='lat' dir='ltr'>episcop.</span> <span class='ocrx_word' id='word_1_324' title='bbox 577 3931 609 3993; x_wconf 90' lang='lat' dir='ltr'>p.</span> <span class='ocrx_word' id='word_1_325' title='bbox 632 3922 714 3990; x_wconf 74' lang='lat'><strong>348.</strong></span> <span class='ocrx_word' id='word_1_326' title='bbox 739 3911 820 3973; x_wconf 79' lang='lat' dir='ltr'>Van.</span> <span class='ocrx_word' id='word_1_327' title='bbox 862 3909 982 3971; x_wconf 83' lang='lat' dir='ltr'>Tanais</span> <span class='ocrx_word' id='word_1_328' title='bbox 1005 3909 1120 3972; x_wconf 79' lang='lat' dir='ltr'>excitat</span> <span class='ocrx_word' id='word_1_329' title='bbox 1146 3927 1187 3970; x_wconf 82' lang='lat' dir='ltr'>ax</span> 
     </span>
     <span class='ocr_line' id='line_1_36' title="bbox 151 4007 1186 4094; baseline -0.002 -21"><span class='ocrx_word' id='word_1_330' title='bbox 151 4012 293 4094; x_wconf 84' lang='lat' dir='ltr'>Evagrio</span> <span class='ocrx_word' id='word_1_331' title='bbox 317 4019 352 4089; x_wconf 93' lang='grc'>4.</span> <span class='ocrx_word' id='word_1_332' title='bbox 374 4027 433 4076; x_wconf 80' lang='lat' dir='ltr'>oo.</span> <span class='ocrx_word' id='word_1_333' title='bbox 467 4011 618 4075; x_wconf 82' lang='lat' dir='ltr'>Ortaliur.</span> <span class='ocrx_word' id='word_1_334' title='bbox 679 4011 828 4074; x_wconf 80' lang='lat' dir='ltr'>Maeotin</span> <span class='ocrx_word' id='word_1_335' title='bbox 852 4025 960 4073; x_wconf 84' lang='lat' dir='ltr'>autam</span> <span class='ocrx_word' id='word_1_336' title='bbox 985 4029 1101 4073; x_wconf 82' lang='lat' dir='ltr'>vocem</span> <span class='ocrx_word' id='word_1_337' title='bbox 1127 4007 1186 4072; x_wconf 81' lang='lat' dir='ltr'>cll&#39;a</span> 
     </span>
     <span class='ocr_line' id='line_1_37' title="bbox 151 4107 1188 4200; baseline 0.002 -26"><span class='ocrx_word' id='word_1_338' title='bbox 151 4113 249 4174; x_wconf 77' lang='lat' dir='ltr'>multi</span> <span class='ocrx_word' id='word_1_339' title='bbox 272 4112 388 4173; x_wconf 82' lang='lat' dir='ltr'>volunt</span> <span class='ocrx_word' id='word_1_340' title='bbox 408 4113 542 4176; x_wconf 79' lang='lat' dir='ltr'>Graecae</span> <span class='ocrx_word' id='word_1_341' title='bbox 564 4113 712 4196; x_wconf 75' lang='lat' dir='ltr'>originis.</span> <span class='ocrx_word' id='word_1_342' title='bbox 745 4112 833 4174; x_wconf 84' lang='lat' dir='ltr'>undo</span> <span class='ocrx_word' id='word_1_343' title='bbox 858 4113 954 4173; x_wconf 84' lang='lat' dir='ltr'>ctiam</span> <span class='ocrx_word' id='word_1_344' title='bbox 983 4108 1107 4200; x_wconf 76' lang='grc' dir='ltr'><strong>μητέρα</strong></span> <span class='ocrx_word' id='word_1_345' title='bbox 1127 4107 1188 4176; x_wconf 77' lang='grc' dir='ltr'>τοῦ</span> 
     </span>
     <span class='ocr_line' id='line_1_38' title="bbox 154 4205 1188 4305; baseline -0.001 -25"><span class='ocrx_word' id='word_1_346' title='bbox 154 4208 288 4284; x_wconf 74' lang='grc' dir='ltr'><strong>Πόντου</strong></span> <span class='ocrx_word' id='word_1_347' title='bbox 304 4227 431 4288; x_wconf 79' lang='lat' dir='ltr'>rocam,</span> <span class='ocrx_word' id='word_1_348' title='bbox 454 4211 783 4296; x_wconf 80' lang='lat' dir='ltr'>utDionyl.v.165.</span> <span class='ocrx_word' id='word_1_349' title='bbox 810 4213 885 4296; x_wconf 85' lang='lat' dir='ltr'>quia</span> <span class='ocrx_word' id='word_1_350' title='bbox 899 4211 983 4305; x_wconf 79' lang='grc' dir='ltr'><strong>μαῖα</strong></span> <span class='ocrx_word' id='word_1_351' title='bbox 1000 4215 1036 4276; x_wconf 90' lang='lat' dir='ltr'>lit</span> <span class='ocrx_word' id='word_1_352' title='bbox 1053 4205 1188 4304; x_wconf 70' lang='grc' dir='ltr'><strong>τροφός.</strong></span> 
     </span>
    </p>
   </div>
   <div class='ocr_carea' id='block_1_3' title="bbox 0 0 1499 4958">
    <p class='ocr_par' dir='ltr' id='par_1_3' title="bbox 0 0 1499 4958">
     <span class='ocr_line' id='line_1_39' title="bbox 0 0 1499 4958; baseline 0 0"><span class='ocrx_word' id='word_1_353' title='bbox 0 0 1499 4958; x_wconf 95' lang='lat' dir='ltr'> </span> 
     </span>
    </p>
   </div>
  </div>
 </body>
</html>
