2764 4958
168 417 372 476 tttt’ottl’.
403 417 509 477 atat.
550 417 633 478 Μ.
675 417 810 478 c.vttt.
853 415 931 486 Η.
1004 425 1065 494 aa9

64 585 122 648 Tan
134 589 262 668 primunt
278 581 404 684 subiere
423 587 551 662 dom,
576 589 689 652 domus
714 601 812 652 antra
820 579 972 678 fuentnt.
1010 589 1063 664 Sic

59 687 123 748 idem
136 687 256 772 pallini,
280 706 316 753 ut
332 691 464 754 Metam.
487 707 541 762 aa,
558 701 645 772 427.
674 690 788 754 tator.
806 703 838 760 a,
858 701 941 770 3¹5.
965 701 1064 754 antra

53 779 148 876 [alne.
171 805 203 854 rt
218 794 333 858 eodem
349 793 449 856 modo
466 791 554 876 [repa
576 781 686 885 casm,
710 805 861 856 teata-
871 782 989 884 subire.

193 995 223 1072 ς.
252 1009 286 1072 7.
340 993 648 1076 Garamantas)
708 992 942 1064 AGaramar,
975 993 1061 1076 quoti

55 1086 141 1169 affin
159 1093 292 1178 legitur,
325 1109 363 1156 ut
385 1098 419 1158 ia
438 1097 518 1161 Silio
540 1095 608 1158 ltal.
632 1106 665 1174 5.
694 1105 775 1176 194.
810 1091 843 1165 6,
865 1095 950 1166 676.
973 1105 1058 1172 7⁰5·

55 1190 164 1256 Sauram
180 1195 310 1279 Hippoi.
328 1217 361 1260 v.
382 1199 441 1273 67.
492 1198 579 1260 Hinc
599 1195 831 1258 Garamantum
853 1197 885 1256 in
910 1191 1059 1281 genitivo

55 1288 144 1356 lvien.
163 1315 195 1357 v.
212 1309 296 1376 324.
331 1295 422 1366 Oros.
451 1319 480 1370 t,
502 1315 536 1361 a.
600 1297 649 1358 Ex
677 1297 776 1360 Heba.
802 1301 848 1370 'ill
871 1317 933 1379 gar
958 1295 979 1362 ἱ
1005 1315 1060 1378 gat·

55 1388 165 1458 habitare
184 1395 205 1456 l.
227 1399 351 1460 advena
374 1399 497 1461 derivat
511 1397 658 1461 Bochatt.
679 1399 713 1458 in
727 1397 855 1482 Phaleg.
872 1409 906 1478 4,
924 1411 958 1478 3.
990 1399 1058 1460 Du·

54 1486 122 1554 lium
134 1493 202 1558 lacit
216 1499 323 1562 schot.
341 1500 504 1582 Apollonii
526 1500 564 1562 ad
581 1509 616 1580 4,
638 1509 743 1582 1494.
767 1519 807 1560 au
824 1519 841 1560 a
858 1499 1057 1570 Garamanta.

54 1609 81 1651 tn
100 1595 145 1658 hic
168 1618 184 1660 a
209 1601 334 1682 populo
362 1603 547 1665 nominatur
577 1599 682 1664 luerit.
735 1601 773 1662 ln
799 1599 898 1681 Libya
928 1611 1057 1682 ponuat

55 1710 156 1770 tunm,
184 1715 216 1760 at
237 1699 364 1764 diverto
385 1702 452 1764 situ.
505 1703 689 1766 Herodotus
702 1711 737 1780 4,
759 1715 839 1782 175.
862 1699 1057 1784 iuperNala·

53 1811 139 1861 manea
151 1801 186 1860 atl
204 1803 342 1864 aullrttm
357 1805 391 1864 in
406 1803 567 1866 Macarum
584 1805 743 1874 confinio,
768 1823 825 1884 par
838 1821 919 1884 quot
933 1800 1057 1884 Clttypt

54 1892 112 1960 luit.
156 1900 224 1966 Nea
246 1905 359 1986 procul
384 1905 422 1966 ab
444 1906 506 1968 hoc
531 1905 632 1968 fluvio
654 1905 787 1966 oilautat
808 1905 946 1967 Ptolem.
964 1912 999 1982 4,
1022 1903 1056 1966 6.

53 1998 90 2074 qul
106 2011 203 2064 tamen
234 2007 382 2066 extendit
407 2027 424 2068 a
446 2007 585 2092 Bagrada
607 2002 641 2070 ll.
667 2005 706 2066 ad
734 2003 863 2066 Nubam
887 2003 1057 2087 paludem

53 2096 113 2175 lplat
134 2119 236 2166 autem
256 2104 395 2194 μέγιστα
417 2103 494 2193 ἔθνη
517 2121 626 2180 vocat,
660 2119 698 2168 ut
718 2107 903 2170 Herodotus
918 2115 954 2184 4.
975 2116 1057 2182 183.

54 2188 120 2274 lima
136 2203 217 2292 μέγα
243 2207 399 2294 ἰσχυρῶς.
451 2209 562 2271 Strabo
582 2223 613 2272 a.
634 2227 734 2292 p.9o.
752 2205 773 2272 l.
795 2221 876 2288 131.
895 2202 977 2267 infra
998 2205 1057 2268 Aa·

55 2297 149 2384 thiopaa
177 2327 280 2391 prope
307 2309 466 2394 Nigritaa,
496 2309 663 2372 Pharustba
687 2323 721 2372 at
745 2306 877 2371 inlariua
903 2307 1057 2370 Gaetulo·

55 2407 136 2478 ponit,
161 2422 197 2469 ut
219 2425 334 2472 contra
356 2411 558 2476 Garamantas
584 2402 663 2499 ὑπὲρ
685 2411 750 2475 τῶν
778 2399 973 2474 Γαιτοῦλων
1000 2421 1055 2482 ι7.

54 2515 76 2578 Ρ·
89 2515 158 2586 574.
173 2507 192 2571 l.
209 2521 299 2591 355.
335 2513 406 2575 Alio
422 2513 502 2584 loco,
530 2529 584 2586 ι7.
606 2535 638 2594 p.
656 2516 741 2590 576.
758 2511 778 2577 l.
797 2525 880 2592 838.
906 2507 1056 2580 haniaria

55 2603 133 2668 reflua
155 2625 263 2672 ortum
298 2613 332 2674 in
360 2615 504 2676 interiori
531 2615 631 2694 Libya
656 2617 816 2696 procedite
852 2609 1056 2682 Naiamonet.

55 2697 133 2779 Psylli,
148 2710 355 2774 Gaetulorum
372 2735 452 2797 part,
470 2716 683 2786 Garamantes,
704 2716 920 2778 Marmaridae.
948 2713 1057 2798 Quem

57 2797 124 2867 litum
137 2813 234 2876 noller
251 2815 316 2877 illia
336 2817 468 2888 tribuat,
497 2818 592 2878 docet
612 2835 640 2886 t,
663 2827 698 2895 4.
719 2828 754 2896 4.
782 2816 836 2879 atii
859 2817 953 2876 illum
972 2812 1056 2874 otali-

56 2919 110 2966 ntm
121 2915 250 2986 mirum,
280 2929 336 2976 aut
357 2917 492 2978 dubium
508 2915 612 2979 teniat
629 2917 783 2981 Cellariua
797 2919 830 2978 in
851 2917 968 3000 Ganga.
988 2925 1055 2975 ant.

57 3011 124 3085 loll·
146 3031 198 3080 to.
232 3017 309 3099 quia
331 3017 481 3081 Gaetulos
503 3017 583 3080 ultra
606 3017 808 3081 Garamantaa
833 3019 866 3078 in
886 3031 994 3078 ortum
1017 3011 1057 3075 td

58 3101 144 3188 libyas
158 3118 333 3203 Aegyptios
356 3133 531 3182 removeat.
581 3121 687 3182 Tenet
707 3135 815 3182 tamen
835 3119 974 3181 aurulam
992 3113 1057 3176 Pli-

60 3209 194 3294 llum&
233 3220 319 3282 Alibi
342 3225 395 3298 (5.
411 3223 464 3299 4.)
483 3220 521 3282 ab
541 3219 664 3306 Augilis
685 3233 833 3285 tentaret
854 3235 907 3283 ta.
929 3217 1057 3278 diarum
1179 3233 1183 3240 ·

60 3303 152 3383 ianne.
168 3333 202 3379 ut
218 3319 286 3382 lere
301 3321 460 3384 Herodot.
475 3333 510 3404 4,
529 3333 609 3399 183.
632 3325 761 3385 Tacitus
774 3321 885 3385 Annal.
898 3333 930 3398 3.
942 3327 1000 3399 74.
1010 3317 1056 3376 ln·

60 3401 160 3496 inffngia
181 3421 407 3483 Garamantum
430 3441 529 3504 propa
554 3423 685 3486 Letiuoa
707 3426 819 3507 ponit,
850 3439 917 3502 quo
940 3418 1058 3479 merito

62 3509 202 3580 offenditur
217 3521 358 3592 Ernesti,
383 3525 441 3586 etii
457 3525 580 3606 Leptim
600 3545 730 3606 parvam
746 3545 812 3586 non
831 3535 917 3584 recta
935 3520 989 3580 hia
1012 3521 1059 3578 in·

62 3611 155 3698 telligit.
203 3625 323 3703 Utique
343 3623 398 3684 iub
415 3625 507 3706 Lepti
527 3645 641 3708 magna
659 3626 764 3688 vetius
783 3624 949 3686 meridiem
973 3619 1058 3680 habi·

63 3709 158 3788 talam,
188 3720 237 3783 led
256 3725 453 3806 aliquantum
475 3729 609 3796 remoti,
634 3741 671 3788 ut
693 3749 730 3789 ex
749 3727 932 3788 Ptolemaeo
955 3741 984 3793 t.
1004 3741 1060 3786 ιο.

64 3807 177 3891 discitur,
207 3823 267 3884 nili
286 3827 328 3888 da
349 3825 467 3887 finibus
489 3829 549 3888 late
570 3831 733 3912 propagati
754 3827 867 3912 populi
892 3825 1059 3908 intelligas.

65 3907 126 3975 Cum
139 3921 333 3988 Marmaridla
348 3927 514 4011 coniungit
530 3929 612 3992 Flot.
625 3939 659 4008 4,
678 3951 691 3988 ι
703 3947 732 3998 a.
746 3939 780 4007 4.
804 3940 835 3990 et
851 3945 888 3988 ex
902 3925 960 3986 alia
972 3939 1060 4007 parta

66 4009 205 4104 lethiopaa
224 4027 372 4108 producit
392 4027 522 4092 Solinus
544 4049 610 4112 rap.
627 4043 685 4108 33.
703 4027 723 4092 l'.
743 4043 801 4108 50.
827 4026 943 4108 quibua
964 4026 1063 4088 adnu-

66 4126 138 4180 anat
150 4125 228 4189 adeo
240 4128 443 4192 Ptolemaeus
463 4149 494 4204 a,
511 4143 545 4210 tt.
581 4131 645 4194 Alii
668 4121 770 4216 magia
791 4147 874 4214 vaga
888 4127 1062 4195 antiniana
