2764 4954
341 389 402 454 ιρι
441 337 445 346 ’
608 377 768 438 noran
808 381 1112 442 nxrcrrrcar

338 549 416 639 quia
439 553 531 616 nulla
556 571 672 614 eorum
696 549 831 638 vestigia
860 555 1002 638 expressa
1030 554 1211 621 ostendunt.
1250 555 1347 618 Monet

336 669 449 716 tamen
479 651 527 716 ibi
559 655 818 738 Templernann,
855 653 1017 740 superiori
1050 658 1177 722 saeculo
1208 655 1346 740 hierogly-

335 753 435 840 phica
452 757 538 840 signa
551 751 668 840 utique
684 751 721 816 in
736 753 779 820 iis
797 757 969 841 conspecta
984 755 1087 832 fuisse,
1104 760 1194 846 quod
1206 775 1236 822 et
1248 756 1347 821 diserte

337 855 489 919 adfirmat
501 858 655 918 Waneleb
670 853 765 919 Reise
779 879 811 942 p.
823 868 907 938 204.
925 856 980 938 (in
987 861 1109 922 Paulus
1121 862 1346 943 Sammlung-

335 961 433 1022 Tom.
451 963 502 1038 3.)
541 959 730 1020 Herodotus
746 957 847 1029 etiam
865 977 899 1032 a,
920 973 1000 1039 125.
1022 960 1191 1036 adfirmat,
1216 962 1245 1024 se
1264 959 1296 1023 in
1312 955 1347 1022 iit

334 1058 449 1122 vidisse
470 1053 651 1151 γράμματα
671 1051 853 1145 Αἰγύπτια,
875 1083 960 1146 quae
977 1059 1138 1146 interpres
1155 1061 1211 1148 ipll
1227 1064 1265 1125 de
1279 1063 1348 1124 sum·

333 1159 423 1225 tibus
439 1159 534 1224 sactis
550 1157 737 1245 explicavit.
771 1163 843 1226 Nee
858 1160 970 1225 minue
986 1161 1176 1248 discrepant
1188 1160 1349 1228 sententiae

333 1261 371 1326 in
392 1262 485 1327 causa
506 1280 621 1325 eorurn
637 1277 671 1324 et
689 1261 833 1326 confilio.
884 1262 1039 1351 Plerique
1055 1263 1163 1338 enim,
1190 1289 1230 1329 ex
1247 1259 1349 1326 veteri·

333 1367 395 1428 bus
419 1362 519 1426 etiam
539 1360 662 1449 aliqui,
691 1365 732 1426 ad
755 1366 954 1448 sepulturam
978 1366 1152 1430 exstructas
1172 1389 1211 1429 ex
1230 1361 1349 1428 indiciis

332 1461 471 1551 r'epertis
492 1461 701 1528 arbitrantur.
752 1464 808 1530 Sic
825 1467 983 1530 Herodot.
1003 1486 1036 1542 o,
1058 1455 1139 1547 127.
1172 1470 1284 1532 Strabo
1304 1481 1349 1542 17.

331 1591 364 1653 p.
389 1578 473 1646 555.
494 1567 516 1630 s.
540 1577 624 1644 8⁰8·
667 1563 806 1630 Diodor.
831 1565 897 1631 Sic.
924 1593 954 1643 ι,
976 1572 1034 1650 64.
1060 1591 1100 1632 ex
1125 1567 1351 1632 recentioribus

331 1667 461 1732 Maislet
484 1691 515 1753 p.
534 1684 617 1744 217.
659 1671 766 1732 Lucas
788 1688 913 1754 voyage
937 1671 1017 1734 dane
1044 1674 1076 1733 la
1101 1669 1251 1757 Turquie
1269 1672 1307 1734 T.
1323 1685 1350 1732 a.

330 1795 363 1856 p.
391 1789 471 1851 129.
502 1771 656 1834 Wansleb
674 1791 702 1832 e.
723 1773 744 1832 s.
780 1772 916 1834 Norden
939 1791 971 1856 p.
997 1782 1076 1851 154.
1104 1771 1268 1858 multique
1292 1767 1351 1851 alii,

330 1893 414 1960 quoe
435 1870 483 1935 ibi
502 1873 630 1956 adlegat
645 1873 897 1956 Templemann‚
925 1869 983 1959 qui
1000 1876 1093 1936 simul
1107 1873 1231 1938 refutat
1247 1875 1350 1942 suan.

329 1976 421 2038 secus
443 1971 648 2037 sentientem.
697 1971 764 2036 Alii
786 1969 994 2054 tyrannidem
1013 1991 1220 2058 praetexunt,
1242 1991 1279 2038 ut
1291 1971 1351 2037 llri-

329 2075 456 2140 stoteses
472 2072 603 2138 Politic.
620 2087 657 2154 5,
679 2098 734 2138 ιι.
757 2095 864 2161 eoque
881 2077 1003 2160 spectat
1023 2073 1124 2140 etiam
1144 2073 1261 2161 opinio
1280 2075 1353 2138 lose·

329 2176 390 2264 phi
404 2199 432 2242 c.
451 2181 472 2240 l.
496 2173 625 2240 Plinius
642 2179 700 2254 56,
722 2177 811 2240 rut
833 2195 887 2241 ια.
912 2173 971 2261 qui
993 2199 1098 2258 regum
1113 2181 1265 2260 pecuniae
1284 2179 1354 2241 otio·

321 2273 398 2373 sam
413 2301 452 2340 ac
461 2277 600 2372 stultam
620 2277 860 2371 assentationem
876 2275 969 2350 dicit,
994 2275 1072 2341 ideo
1089 2277 1241 2342 conditae
1258 2293 1352 2364 putat,

327 2401 370 2442 ne
393 2375 571 2464 pecuniam
596 2376 844 2453 successoribus,
880 2395 937 2442 aut
960 2377 1098 2443 aemulis
1131 2377 1353 2442 insidiantibus

326 2483 540 2566 praeberent,
578 2495 635 2542 aut
659 2500 702 2542 ne
727 2483 820 2564 plebs
845 2480 921 2543 esset
946 2477 1059 2544 otiosa.
1117 2477 1298 2544 Kircherus
1322 2477 1353 2540 in

327 2579 458 2666 Oedipo
472 2583 606 2665 Aegypt.
623 2583 664 2644 T.
684 2604 711 2643 ι.
733 2603 766 2665 p.
783 2597 866 2659 3⁰⁰·
886 2579 923 2644 in
939 2579 981 2643 iis
997 2579 1144 2666 agnoscit
1162 2603 1255 2656 arae,
1286 2579 1353 2644 Diis

326 2700 460 2747 erectas.
508 2680 573 2746 Alii
605 2679 890 2746 observationibus
925 2681 1149 2747 astronomicis
1182 2681 1354 2747 inserviisse

325 2783 478 2848 statuunt.
529 2783 658 2847 Sedes.
684 2784 725 2846 de
751 2781 803 2844 hia
836 2783 877 2846 de
901 2785 1011 2850 Pauw
1035 2785 1087 2847 sur
1111 2787 1156 2846 les
1180 2782 1354 2870 Egyptiens

325 2889 423 2949 Tom.
443 2905 475 2949 2.
491 2908 522 2970 p.
539 2897 584 2964 55
603 2886 645 2970 sq.
668 2901 701 2947 et
714 2885 866 2948 Lareher.
881 2886 922 2948 ad
936 2887 1095 2949 Herodot.
1113 2903 1146 2968 u,
1168 2899 1251 2969 124.
1285 2881 1353 2948 Tri·

323 2991 385 3053 bus
402 3004 511 3050 autern
526 2989 636 3070 plures
653 2983 763 3060 fuisse,
791 3007 831 3048 ex
847 2985 1036 3050 auctoribus
1053 2985 1198 3051 discitur.
1250 2985 1354 3051 Hodie

323 3107 453 3154 tantum
472 3085 681 3171 reperiuntur
699 3085 734 3150 in
751 3090 897 3171 Aegypto
919 3086 1071 3152 inferiori
1093 3087 1180 3150 inter
1203 3087 1303 3154 Cairo
1325 3103 1354 3150 et

322 3193 474 3255 Meduun
493 3189 554 3266 (cf.
577 3189 712 3252 Norden
734 3210 806 3272 pag.
829 3201 954 3266 151.c.
975 3193 995 3252 l.
1012 3195 1080 3270 —)
1105 3205 1137 3252 et
1157 3189 1352 3276 praecipuae

322 3309 464 3380 quatuor
477 3311 579 3376 prope
594 3287 688 3362 Giza,
711 3288 785 3351 aliis
803 3287 930 3362 Giaize.
952 3295 965 3369 (
973 3295 1081 3355 Lucae
1095 3311 1222 3374 voyage
1239 3315 1281 3356 au
1296 3293 1351 3353 Le·

321 3411 402 3458 vent
416 3395 456 3456 T.
481 3417 508 3464 ι,
524 3413 556 3475 p.
576 3403 622 3468 58
640 3392 704 3476 sqq.
731 3388 787 3452 ubi
812 3389 985 3471 describit)
1005 3395 1060 3454 vel
1075 3387 1185 3463 mizi,
1213 3391 1265 3455 uti
1284 3395 1353 3455 vult

320 3515 381 3581 pro
405 3493 488 3558 Gize
506 3495 631 3571 Volney
651 3494 691 3554 T.
714 3516 742 3554 1.
767 3515 799 3575 p.
820 3506 903 3570 215.
958 3495 999 3555 Et
1023 3495 1064 3556 fic
1085 3489 1187 3555 etiarn
1211 3493 1350 3563 Gradere,

320 3595 378 3684 qui
400 3591 576 3659 recentiori
599 3609 704 3656 aetate
726 3591 851 3676 optime
874 3591 1046 3678 descripsit.
1081 3591 1153 3655 Vid.
1170 3595 1351 3657 Hartmann

320 3699 362 3762 ad
378 3695 494 3760 Edrilli
511 3694 577 3757 dfr.
596 3716 629 3778 p.
645 3711 717 3772 370
733 3693 777 3779 sq.
817 3693 999 3757 Ceterum
989 3715 1026 3757 tn
1044 3695 1168 3780 septem
1183 3691 1350 3760 miraculis

319 3820 374 3864 eas
396 3793 580 3870 numerari,
606 3793 680 3858 sotis
698 3795 743 3856 est
763 3811 890 3858 notum.

396 3997 619 4080 tricenum)
670 3997 789 4062 Sumstt
810 4019 849 4061 ex
868 3999 1038 4064 Herodoto
1058 4017 1092 4072 α,
1118 4010 1198 4080 124.
1223 3995 1284 4086 qni
1306 3995 1351 4061 ita

320 4100 449 4169 scribit:
477 4090 580 4179 οὐδεὶς
592 4097 659 4166 rw‘v
676 4095 779 4165 λίθων
799 4089 976 4197 rpujna‘vro
998 4099 1107 4172 ποδῶν
1125 4095 1280 4170 ἐλάσσων.
