2764 4958
342 379 406 446 250
613 371 776 432 ιιοιιι
817 371 1115 430 excommun

344 544 407 606 Sed
431 556 463 607 et
483 543 571 607 idem
589 544 681 607 illum
699 565 871 606 numerum
886 548 1025 607 inaximo
1047 545 1249 606 imminutum
1268 535 1353 602 exili·

342 660 425 717 mat,
452 648 543 708 cuiue
565 645 670 708 caulae
689 649 721 707 in
742 645 848 719 bellis,
882 646 1057 728 pestilentia
1078 661 1110 708 et
1132 643 1251 727 imperii
1268 639 1353 702 forma

342 750 449 828 quaeri
473 748 602 810 debent.
656 745 707 809 cf.
727 768 806 829 quae
823 749 963 833 dieputat
979 748 1093 827 Heyne
1110 749 1145 810 io
1159 741 1257 830 opusc.
1272 737 1354 806 Acad·

343 850 412 913 Vol.
433 869 464 914 1.
487 870 519 933 p.
536 860 620 930 224.
641 863 673 911 et
689 865 774 929 059.

417 1051 688 1134 animalium)
738 1053 874 1116 Diodor.
897 1053 1068 1132 Sic.1,5.
1092 1041 1241 1138 [1‚56.]
1277 1043 1357 1105 Tem

341 1154 464 1218 inculca
482 1175 586 1231 pecore
580 1153 648 1213 ad
675 1153 801 1247 prrsum
834 1155 944 1215 relicta
964 1155 1044 1216 adeo
1069 1152 1239 1215 exuberans
1260 1143 1357 1212 herbis

341 1268 379 1318 ιιι
400 1275 472 1314 oves
487 1252 561 1314 bis'
549 1275 583 1314 m
601 1275 686 1315 armo
701 1256 852 1332 pariant,
879 1252 927 1316 his
950 1256 1056 1316 lanam
1078 1251 1257 1335 praebcant.
1290 1245 1358 1310 Vide

341 1357 551 1418 ctSolinum.
579 1353 626 1442 [c.
640 1369 698 1433 35
713 1353 734 1417 l.
747 1350 828 1442 5ο.]
870 1357 1053 1434 strab015.
1075 1337 1358 1441 [pw4781695l

340 1457 440 1520 Nilus
454 1459 564 1517 ceteris
579 1453 724 1517 amnibus
737 1447 916 1545 fecundior
933 1456 995 1550 ιβ,
1021 1470 1052 1519 ιι
1069 1456 1217 1538 producit
1233 1447 1362 1532 ingentia

341 1557 515 1626 animalia,
547 1571 613 1618 tum
634 1560 731 1618 ctiam
752 1555 925 1638 amphibia.
976 1561 1151 1640 Aegyptiae
1169 1573 1289 1642 quoque
1308 1566 1363 1610 mu·

339 1657 425 1720 lieres
459 1658 616 1719 interdum
650 1680 712 1718 uuo
748 1673 847 1736 partu
880 1672 1020 1742 quatuor
1050 1680 1165 1740 pucros
1195 1657 1365 1720 enituntur

338 1773 512 1842 auctorque
533 1727 576 1849 ιβ
563 1763 656 1821 Ar
646 1759 684 1852 s
672 1759 795 1832 orales
821 1756 875 1848 [in
902 1756 972 1823 hist.
993 1781 1044 1823 an.
1070 1776 1102 1836 7,
1126 1752 1184 1845 4.]
1218 1753 1365 1838 quandam

338 1859 460 1978 septem
485 1853 633 1949 peperiffe
657 1882 720 1922 uuo
745 1873 862 1941 partu,·
900 1862 955 1942 qui
988 1861 1099 1922 Nilum
1127 1883 1188 1924 ιο
1152 1854 1293 1950 ρόφιμον
1318 1871 1367 1914 καί

338 1957 474 2050 γόνιμοι
496 1957 698 2050 [πολύγονον
721 1961 816 2025 habet
839 1953 972 2047 Strabo]
995 1963 1129 2067 appellat
1151 1974 1283 2045 propter
1305 1970 1367 2016 mo·

340 2065 485 2126 decatum
507 2062 578 2125 lolia
607 2067 752 2125 ardorem
776 2065 1020 2145 coctionemque
1030 2057 1255 2144 relinquentia
1279 2054 1367 2120 nutri·

338 2181 487 2226 mentum
509 2167 771 2246 evaporantisque
792 2162 959 2246 superflua3
989 2184 1049 2246 qua
1072 2161 1224 2226 decania
1247 2158 1367 2222 evenire

339 2265 434 2336 solet,
470 2280 507 2326 ut
532 2265 599 2326 Nili
622 2286 718 2346 oquae
741 2267 875 2326 dimidio
895 2267 1022 2327 -mlnori
1047 2267 1121 2350 igne
1147 2266 1367 2346 decoquantur*

337 2387 433 2448 quam
454 2381 586 2428 ceterae.
623 2385 836 2429 ciaccourvs.
886 2367 1032 2428 Feminae
1053 2364 1226 2428 fecundare
1252 2363 1367 2426 uadunt

337 2480 372 2528 et
397 2467 468 2537 alii,
500 2486 637 2548 quornm
661 2469 727 2529 loca
754 2468 897 2528 indicant
923 2467 1109 2528 Bourdelot.
1137 2467 1177 2528 ad
1208 2457 1367 2528 Heliodorl

337 2567 487 2651 Aethiop.
504 2568 560 2629 lib.
578 2583 609 2629 2.
633 2589 665 2648 p.
688 2581 747 2646 55.
775 2583 807 2630 et
829 2565 987 2630 Ludolfuo
1008 2569 1041 2628 in
1065 2582 1248 2630 comment.
1271 2564 1367 2628 histor.

336 2669 488 2750 Aethiop.
510 2690 539 2730 1.
556 2689 590 2732 u.
606 2681 663 2748 55,
675 2687 733 2731 ao.
756 2669 822 2730 Nlli
840 2671 938 2750 aquia,
959 2669 1042 2731 Iullo
1060 2681 1094 2731 et
1108 2653 1254 2753 Augusto
1271 2665 1367 2732 auctio

337 2766 485 2832 animalia
511 2772 654 2852 concipi,
687 2789 725 2830 ex
747 2770 977 2832 recentioribus
1001 2770 1130 2831 tradunt
1149 2774 1255 2832 etiarn
1282 2769 1367 2830 Lucu

337 2872 446 2950 (di-itte
461 2869 553 2934 neira
570 2872 650 2933 nach
666 2873 755 2955 Aeg.)
772 2875 813 2934 T.
831 2891 860 2935 1.
878 2893 910 2952 p.
929 2883 1012 2949 250.
1035 2886 1069 2932 et
1084 2871 1256 2949 Bruyniue
1272 2877 1367 2949 (voya

335 2993 392 3058 goe
412 2993 451 3032 au
468 2973 605 3050 Levant)
625 2975 722 3034 Tom.
744 2989 774 3036 0.
797 2993 829 3054 p.
853 2990 933 3035 ιο0.
975 2969 1042 3054 Ipsa
1058 2973 1206 3032 animalia
1223 2967 1367 3035 recensui

335 3085 460 3156 praeter
480 3071 762 3136 elioe'l’ocockiue
784 3075 824 3137 T.
845 3092 875 3137 1.
898 3095 931 3156 p.
949 3093 993 3137 m.
1012 3083 1082 3152 508
1098 3071 1141 3154 lq.
1169 3086 1206 3138 et
1231 3070 1367 3157 adpofitl

335 3189 483 3238 veterum
497 3175 574 3237 locis
597 3177 759 3237 Ditmarue
776 3195 808 3256 p.
825 3195 869 3236 m.
893 3185 974 3252 105.

410 3373 679 3458 generatrix)
723 3377 793 3438 Vox
812 3375 919 3439 rarior.
954 3377 1040 3440 Hinc
1055 3394 1133 3439 vero
1147 3378 1238 3460 apud
1259 3376 1367 3440 Strabo

334 3499 412 3545 nem
427 3498 454 3540 c.
471 3479 492 3540 l.
512 3493 644 3539 vocatur
665 3470 806 3566 γόνιμος,
831 3467 1024 3561 πολύγονος,
1048 3475 1117 3562 (0ιὶ
1139 3483 1228 3560 apud
1245 3480 1367 3542 Diodol

336 3583 399 3644 Sic.
420 3600 448 3650 ι,
473 3576 547 3662 ιο.)
573 3573 751 3664 τρόφιμος,
786 3592 818 3641 ιι
843 3580 1023 3664 Xenagoras
1049 3579 1123 3640 telle
1146 3581 1261 3644 Schol.
1290 3579 1367 3662 Apol

334 3681 415 3744 lonii
431 3681 469 3740 ad
486 3690 519 3757 4,
538 3681 620 3743 262.
644 3673 869 3768 γονιμώτατον
887 3673 927 3742 τὸ
947 3677 1069 3743 Νείλου
1090 3673 1175 3768 ὕδωρ
1199 3682 1302 3745 dixit.
1341 3685 1367 3743 lt

335 3801 413 3844 vcro
439 3779 603 3841 Mosellam
629 3801 779 3860 magnum
802 3795 963 3860 parentam
989 3772 1187 3870 frugumque
1213 3785 1367 3864 virumqu

334 3896 430 3944 vocat
446 3880 563 3944 Aulon.
581 3883 613 3942 in
631 3879 761 3942 Mosella
776 3901 809 3942 v.
827 3893 912 3960 581.
944 3881 1028 3946 Aliae
1048 3883 1142 3946 larius
1157 3897 1282 3960 mater,
1304 3905 1367 3967 gen

334 3985 419 4055 trix,
446 3984 546 4044 altrix
564 3983 604 4046 de
623 3993 703 4044 terra
719 3993 899 4050 occurrunt.
