2764 4958
334 419 397 487 ιω
603 411 768 471 Norae
810 414 1111 472 execarrcse
1193 475 1195 480 ,

332 585 494 650 tollhenee
520 585 604 668 apud
625 584 816 648 Strabonem
844 600 899 661 17.
923 585 969 648 in.
1004 585 1084 648 insra
1100 585 1229 650 Meroen
1247 601 1262 644 a
1279 577 1346 641 Nilo

332 689 371 750 etl
392 707 478 750 mare
493 687 625 750 rubrum
642 690 675 747 iu
694 688 832 772 Aegypti
849 689 1007 758 conliuio.
1032 702 1065 750 et
1080 687 1243 770 coniungit
1258 685 1288 742 in
1303 697 1346 742 eo·

333 789 407 850 tletn
423 803 522 850 tractu
533 788 731 871 Megabaroe.
752 801 790 848 ut
803 789 1004 851 Ptolemaeus
1020 798 1054 870 4.
1072 803 1106 868 8.
1129 790 1246 850 vicinos
1261 783 1347 845 saceio

332 891 477 959 videtur.
507 889 563 950 etst
582 889 807 973 Megabaradoe
829 901 922 951 vocat
940 903 972 950 et
993 890 1104 951 Nubes
1125 889 1263 972 adiungit
1283 899 1349 944 cum

332 991 538 1054 Eratosthene
570 991 684 1062 etiam;
723 1006 782 1050 uec
813 991 966 1071 discrepat
999 989 1062 1071 ipse
1094 991 1203 1052 Strabo
1228 981 1348 1070 p.563·

333 1090 354 1155 s.
365 1103 450 1171 819.
477 1093 534 1151 ubi
550 1091 721 1173 Aethiopes
733 1091 820 1153 dicit.
854 1091 959 1172 Prope
975 1091 1041 1152 Nili
1056 1091 1254 1152 catarrhactas
1268 1083 1351 1168 pouit

331 1193 492 1256 Ammian.
515 1201 569 1270 14.
588 1201 621 1268 4.
646 1187 698 1266 (cs.
715 1205 747 1253 et
762 1189 895 1270 Dionys.
911 1213 944 1254 v.
964 1209 1044 1254 ouo.
1065 1205 1097 1252 et
1113 1193 1159 1253 ibi
1174 1186 1352 1257 Eullathius)

332 1313 406 1355 cum
421 1293 531 1354 Meroe
545 1307 577 1354 et
591 1294 697 1370 Syene
711 1293 816 1377 iungit
826 1293 991 1356 Claudian.
1002 1295 1041 1354 de
1056 1293 1132 1355 Nilo
1150 1293 1236 1371 idyll.
1253 1301 1286 1370 4.
1304 1301 1352 1363 19·

330 1412 430 1476 prope
452 1393 686 1475 Elephantinen
710 1393 883 1475 Procopius
902 1395 942 1454 rle
965 1395 1003 1456 B.
1026 1393 1109 1456 Pers.
1132 1414 1161 1466 t.
1188 1411 1242 1472 19.
1277 1388 1353 1451 Cum

331 1493 562 1557 Nasamonibus
583 1508 615 1556 et
634 1493 850 1578 Lethophagis
872 1495 950 1572 (stc)
972 1496 1142 1580 eortinngit
1165 1495 1279 1576 Geogr.
1302 1489 1357 1550 tta·

331 1615 430 1658 veun.
447 1609 479 1676 5.
499 1609 531 1674 5.
556 1609 588 1654 et
604 1593 633 1658 se
647 1615 808 1676 nunquam
826 1595 969 1657 civitates
983 1597 1017 1656 in
1032 1615 1066 1657 ea
1082 1599 1180 1677 patria
1197 1591 1299 1678 legisse
1311 1587 1357 1648 ad·

330 1697 445 1760 firmet.
497 1695 665 1758 Posteriori
685 1697 782 1782 igitur
807 1709 907 1758 aetate
928 1698 1059 1760 mutatis
1086 1695 1215 1758 sedibus
1235 1693 1359 1776 propius

330 1801 368 1859 atl
389 1801 570 1882 Aegyptum
586 1817 603 1860 e
624 1800 704 1861 mati
718 1797 814 1858 rubro
836 1811 1055 1860 removentur.
1106 1795 1158 1861 Os.
1175 1799 1271 1859 etiam
1288 1795 1359 1873 Aga·

332 1899 466 1961 thenter.
486 1915 518 1966 e.
542 1910 575 1975 5.
604 1911 637 1960 et
657 1898 759 1962 Solln.
781 1917 809 1961 c.
829 1907 886 1981 54.
910 1897 932 1962 s.
951 1913 1010 1977 31.
1043 1900 1098 1980 qui
1120 1899 1246 1961 nostros
1267 1894 1304 1956 ab
1325 1892 1360 1951 iis

329 1999 443 2062 diserte
458 2000 638 2084 distinguit.
660 2001 716 2082 qui
731 1999 836 2062 vicine
849 1997 948 2062 rubro
964 2003 1042 2062 mari
1054 1999 1250 2062 accolebant.
1281 1993 1361 2055 Hinc

330 2101 471 2163 Zosimus
494 2120 522 2172 t.
541 2117 599 2175 71.
614 2103 660 2164 in.
678 2113 783 2163 narrat
798 2099 1005 2172 Ptolemaida.
1031 2102 1169 2186 Aegypti
1186 2099 1311 2164 urbem.
1331 2095 1362 2152 iu

330 2201 484 2264 seditione
498 2201 659 2272 adiuvisse.
677 2221 772 2284 quam
787 2203 893 2270 etiam.
916 2215 948 2264 et
963 2201 1093 2284 Copton
1109 2202 1180 2283 post
1194 2205 1364 2262 tenuemnt

328 2301 499 2384 (Vopiscus
517 2305 548 2363 in
568 2301 675 2365 Probo
691 2323 717 2366 c.
741 2305 817 2378 17.)
837 2316 870 2365 et
888 2323 904 2363 a
919 2303 1026 2365 Probo
1041 2303 1144 2366 victos
1160 2300 1272 2370 suillo.
1300 2312 1365 2358 tum

329 2416 362 2465 et
384 2405 422 2463 arl
443 2421 497 2464 eos
517 2404 708 2466 coercendos
729 2405 965 2466 Diocletianum
982 2403 1021 2464 ab
1035 2403 1106 2465 Oest
1124 2404 1162 2464 ad
1184 2397 1368 2486 Elephanti·

329 2521 393 2564 nen
411 2503 550 2565 Nobatae
571 2507 706 2587 migrare
724 2499 846 2566 iusstlle.
890 2505 1070 2587 Stephanus
1091 2505 1234 2566 omnino
1253 2503 1368 2579 Libyae

329 2617 458 2686 gentem
474 2604 568 2676 dicit;
587 2603 766 2668 Eullathius
781 2626 807 2668 c.
819 2605 840 2667 l.
856 2609 987 2687 propius
998 2605 1187 2686 Aethiopiae
1203 2605 1369 2666 admovet.

330 2705 460 2787 Siquid
481 2705 579 2788 igitur
601 2705 641 2767 de
661 2725 743 2790 vago
763 2707 819 2768 illo
841 2707 963 2787 populo
983 2702 1045 2784 (cs.
1068 2707 1266 2768 Ammianus
1282 2725 1309 2765 c.
1330 2701 1369 2776 l.)

329 2805 418 2868 statut
433 2805 552 2888 potesl.
586 2806 660 2869 situs
681 2826 795 2868 eorum
811 2807 959 2888 antiquus
976 2807 1175 2888 quaerendus
1190 2808 1327 2869 videtur
1339 2804 1374 2863 in

329 2908 469 2968 confinio
488 2906 613 2968 Nubiae
629 2921 661 2969 et
683 2905 873 2987 Abyffinias.
925 2909 1046 2969 Eorum
1068 2909 1169 2968 vitatu
1195 2927 1316 2991 vagant
1339 2915 1372 2964 et

328 3008 480 3069 incultam
496 3007 643 3070 describit
657 3008 845 3072 Ammianus
859 3029 885 3074 c.
903 3007 925 3072 l.
952 3005 1092 3070 humana
1114 3007 1199 3072 Solis
1225 3007 1374 3070 sacrificia

327 3122 418 3172 notet
434 3109 608 3192 Procopius
623 3129 650 3172 c.
667 3109 689 3172 l.

404 3312 554 3393 capito
578 3301 752 3402 obsunt)
783 3313 868 3376 Plio.
888 3321 920 3390 5.
937 3324 970 3390 3.
992 3313 1102 3392 cupito
1120 3311 1306 3374 erudiantur
1321 3307 1374 3372 ob·

329 3403 403 3501 effe.
429 3431 480 3474 ore
500 3425 533 3474 et
548 3413 646 3476 oculis
664 3416 785 3492 pectori
804 3413 933 3505 adfixit.
972 3415 1096 3477 Similia
1111 3415 1252 3476 Solinus
1268 3436 1297 3476 c.
1316 3421 1374 3492 34.

330 3513 351 3574 s.
371 3526 430 3592 31.
452 3527 485 3575 et
508 3514 683 3577 Martianus
704 3513 759 3588 ttb.
778 3517 811 3579 6.
835 3535 866 3596 p.
886 3527 967 3592 erg.
993 3516 1028 3574 hi
1051 3533 1166 3576 omues
1182 3515 1316 3576 Melam
1335 3511 1374 3580 see

329 3617 405 3683 cuti.
430 3616 494 3695 qui.
518 3615 604 3677 unde
619 3616 754 3697 petierit.
776 3617 861 3678 latet.
914 3616 1048 3678 Fabulae
1070 3613 1258 3692 ruanisestae
1283 3619 1374 3698 origo

330 3734 365 3776 ee
380 3711 469 3777 suilse
484 3717 626 3788 videtur,
653 3717 738 3798 quod
757 3717 802 3776 illi
822 3719 912 3800 genti
929 3718 1055 3778 brevius
1072 3717 1190 3778 collum
1219 3715 1313 3789 suit,
1341 3727 1374 3776 ut

328 3827 426 3898 ‚caput
454 3835 527 3878 curn
554 3832 683 3899 pectore
710 3817 876 3880 cohaerere
899 3819 1070 3880 videretur.
1122 3814 1174 3880 ef.
1199 3819 1311 3878 etiam
1338 3819 1374 3878 de

329 3915 430 3978 Pauw
462 3917 647 3980 recherches
678 3915 729 3978 sur
753 3919 799 3980 les
825 3919 1019 3980 Americaina
1044 3919 1085 3980 T.
1108 3937 1139 3980 t.
1158 3939 1191 3999 p.
1223 3933 1319 3999 155.
1350 3931 1374 3979 et

328 4013 506 4078 Robertson
533 4019 573 4080 tle
598 4018 742 4081 Amerina
765 4017 803 4082 P.
833 4039 863 4082 t.
890 4039 924 4101 p.
946 4031 1030 4098 344.
1082 4019 1228 4102 Quidam
1265 4036 1374 4080 tamer

328 4118 461 4188 volunt.
480 4117 560 4182 line
586 4139 661 4206 rege
687 4115 794 4194 suilse.
826 4120 881 4183 vel
903 4120 1041 4184 vestibus
1065 4133 1159 4204 ceput
1182 4121 1374 4184 involvisse
