2764 4958
337 407 398 476 254
609 401 767 461 Norae
808 405 1111 462 RxEGE‘rchE

334 577 399 637 Dio
416 573 498 655 apud
515 573 669 638 Zonaram
684 589 739 646 ra,
753 593 786 655 9.
811 577 845 638 in
864 577 987 638 Atlante
1002 575 1126 640 sontem
1141 575 1254 639 habere
1271 587 1356 656 putat,

334 677 488 757 idemque
510 676 671 739 credidisse
693 678 770 740 alioe
793 697 831 739 ert
855 676 1003 740 Pausania
1033 699 1061 748 ι,
1088 692 1145 757 33,
1168 690 1203 756 4.
1227 676 1356 748 discirurr

335 779 406 847 alii,
433 791 565 839 notante
587 777 699 842 Orusro
721 801 748 848 ι,
767 795 799 842 2.
823 780 907 840 haurl
928 780 1038 860 procul
1058 779 1097 841 ab
1114 780 1253 846 Atlante.
1282 779 1355 837 unde

336 882 495 940 orientem
520 877 627 940 versut
649 883 682 940 in
700 881 903 961 Aethiopiam
921 879 1054 950 seratur,
1086 879 1141 942 etsr
1160 879 1224 961 ipse
1241 878 1356 942 Orosius

336 982 375 1041 atl
391 981 491 1040 alium
512 981 647 1040 fluvium
665 982 696 1040 id
712 980 825 1053 resert;
858 982 969 1042 Nilum
990 995 1096 1044 autem
1113 983 1146 1042 in
1167 983 1259 1042 litore
1276 981 1357 1040 maris

335 1080 422 1142 rubri
443 1099 460 1139 e
478 1080 561 1150 loco.
588 1083 642 1162 qui
657 1081 814 1162 Mossylon
833 1085 1013 1164 emporium
1030 1097 1174 1150 vocetur.
1199 1100 1356 1162 emergere.

336 1184 387 1244 De
405 1181 502 1262 priori
520 1179 689 1264 opinione,
708 1201 786 1264 quae
803 1203 840 1244 ex
855 1185 980 1244 Atlante
995 1199 1118 1254 evocat,
1141 1183 1181 1246 cs.
1198 1185 1233 1244 ad
1254 1183 1358 1242 illesam

338 1297 371 1360 3,
390 1301 424 1362 9,
444 1294 476 1358 3.
521 1286 569 1344 Ex
592 1284 752 1365 Euphrate
775 1283 974 1346 subterraneo
999 1299 1104 1346 meatu
1126 1285 1189 1346 huc
1210 1297 1358 1366 penetrare

335 1387 464 1466 quidam
489 1383 563 1444 telle
585 1382 734 1447 Pausania
758 1401 790 1456 Ω,
813 1397 846 1461 5,
871 1403 902 1448 o.
925 1386 1113 1458 voluerunt3
1147 1407 1186 1447 ex
1210 1385 1302 1461 Libya
1323 1401 1360 1440 ar·

337 1479 424 1547 cessit
445 1483 575 1564 Dionys.
594 1507 625 1548 v.
645 1501 728 1549 ΜΩ.
767 1487 854 1548 Ultra
869 1487 1071 1569 Aethiopiam
1088 1507 1186 1569 prope
1203 1487 1359 1564 Aetlriopet

335 1586 611 1670 Andropophagor
642 1587 842 1650 Ptolemaeus
861 1597 896 1667 4.
917 1605 951 1667 9.
985 1589 1109 1649 ernam
1141 1595 1360 1650 commemorat

336 1702 500 1758 montem,
527 1709 544 1749 a
567 1707 631 1770 quo
655 1687 722 1748 Nili
745 1689 874 1770 paludes
889 1689 981 1752 nivea
1001 1687 1182 1771 liquefactae
1199 1688 1358 1769 suscipiant.

337 1790 377 1852 ln
401 1790 489 1850 ludia
507 1791 578 1852 eius
601 1787 705 1852 sontes
728 1805 870 1871 repertor
892 1811 907 1850 a
931 1789 960 1852 se
986 1790 1116 1871 putabat
1133 1792 1304 1852 Alexander
1320 1785 1358 1846 ill.

308 1913 310 1918 ¹
337 1887 399 1973 (cs.
414 1890 526 1954 Strabo
547 1903 601 1968 15.
618 1912 648 1972 p.
665 1903 751 1970 479.
768 1890 788 1953 s.
804 1888 910 1973 696.)
935 1892 1065 1954 meliora
1087 1891 1155 1972 poll
1170 1892 1306 1954 edoctus.
1330 1899 1361 1944 ut

336 2006 440 2052 narrat
455 1993 574 2054 Arrian.
594 1994 633 2054 rle
650 1993 761 2074 expeti.
779 1993 812 2062 6,
835 2013 864 2057 a.
886 1991 1055 2075 sruslraque
1071 1992 1167 2053 eliam
1185 1992 1361 2074 perlegatur

337 2093 495 2175 quaesiisse
518 2091 613 2154 refert
635 2095 752 2156 Lucan.
775 2113 829 2163 to.
849 2109 930 2168 272.
981 2095 1030 2155 Ex
1053 2095 1143 2154 lndia
1162 2109 1268 2154 tamen
1285 2091 1361 2149 (lucit

337 2195 448 2279 Virgil.
471 2194 587 2279 Georg.
609 2205 644 2276 4,
670 2209 754 2274 295.
804 2195 1017 2258 Porthaone
1039 2192 1124 2256 causa
1145 2214 1163 2256 a
1187 2194 1360 2256 Ptolemaeo

336 2297 495 2379 Euergeta
520 2297 758 2377 expeditionem
785 2297 818 2357 in
841 2296 1043 2378 Aethiopiam
1077 2293 1249 2376 susceptam
1275 2289 1359 2354 tuille.

338 2395 456 2458 constat
483 2416 522 2458 ex
548 2409 762 2460 monumento
793 2397 984 2468 Adulirano.
1021 2397 1106 2479 quod
1142 2409 1265 2478 praeter
1294 2393 1360 2454 alios

337 2499 427 2560 denir
443 2495 581 2558 Chishul
602 2499 635 2558 in
657 2500 803 2579 antiquit.
828 2499 919 2561 Aliat.
946 2499 984 2561 P.
1006 2520 1034 2561 t.
1057 2517 1087 2578 p.
1106 2512 1153 2575 75
1171 2497 1234 2580 sqq.
1285 2493 1359 2554 Ner⁰

336 2599 433 2659 etiam
450 2599 562 2668 emisit,
583 2600 638 2679 qui
653 2597 758 2662 soutet
773 2601 984 2682 exquirerent.
1006 2599 1105 2660 dubio
1120 2611 1228 2660 tamen
1244 2607 1359 2661 eventu,

337 2700 386 2760 uti
400 2696 529 2759 discitur
543 2719 583 2762 ex
603 2701 723 2764 Seneca
742 2703 777 2762 in
794 2700 920 2785 Quaeli.
938 2701 1011 2762 Nat.
1030 2701 1063 2772 6,
1083 2711 1116 2777 8.
1157 2701 1300 2762 Aliorum
1318 2711 1360 2756 ro·

337 2818 432 2862 natue
455 2801 561 2863 irritor
584 2817 816 2864 commemorat
839 2804 986 2866 Lucana·
1008 2822 1034 2864 c.
1054 2801 1076 2863 l.
1127 2800 1245 2862 Atliilse
1267 2813 1361 2858 tamen

337 2891 459 2982 aliqlrna
480 2901 548 2964 eiua
565 2899 672 2964 sontes
690 2923 729 2964 ex
743 2903 948 2966 Eratosthene
964 2901 1058 2965 resert
1079 2901 1213 2963 Proclua
1229 2903 1262 2961 iu
1279 2897 1361 2960 Com·

337 3015 438 3064 ment.
455 3005 489 3064 in
504 3003 645 3066 Platonis
660 3005 829 3067 Tim'aeum
846 3026 877 3087 p.
896 3019 955 3082 57.
981 3003 1200 3086 querulorum
1217 2997 1362 3083 praeteriit

337 3104 503 3168 Seideliut.
543 3105 690 3186 Plerique
706 3120 854 3168 veterum
870 3106 999 3189 ignotos
1014 3103 1130 3173 suntet,
1152 3118 1207 3164 aut
1222 3117 1302 3165 certe
1316 3095 1362 3158 ob·

338 3203 443 3268 scuroa
458 3203 518 3266 esse
536 3208 676 3290 ingenue
690 3205 837 3276 fatentur.
857 3208 890 3266 in
906 3207 956 3267 hia
971 3207 1106 3270 Diodor.
1124 3185 1151 3274 i.
1168 3219 1228 3283 57.
1256 3207 1359 3262 Lucan.

344 3323 452 3375 1,2u.
485 3319 644 3387 to,214.
675 3311 793 3371 Seneca
810 3307 924 3370 Natur.
940 3308 1006 3391 Qu.
1023 3317 1056 3389 4.
1080 3325 1111 3368 e.
1144 3305 1319 3366 Eumenius
1333 3299 1361 3356 in

336 3427 487 3491 panegyr.
511 3410 550 3468 ad
575 3409 771 3471 Constantio.
789 3410 870 3493 Aug.
892 3428 958 3489 cap.
977 3429 1011 3486 9.
1063 3405 1181 3470 Series.
1204 3426 1283 3487 quae
1297 3419 1360 3462 con·

337 3509 483 3592 legerunt
503 3507 678 3572 llosmaun.
703 3511 740 3571 arl
765 3510 889 3572 oracula
908 3509 1017 3586 Sibyll.
1035 3509 1090 3571 lib.
1109 3518 1144 3586 4.
1168 3529 1201 3589 p.
1218 3507 1290 3589 496
1307 3499 1360 3580 sqq·

338 3611 389 3672 ed.
407 3610 535 3680 Gallaei.
561 3611 665 3672 Titiua
683 3612 721 3671 ad
738 3610 916 3673 Nemessani
932 3611 1053 3694 Cyneg.
1071 3631 1103 3672 v.
1119 3611 1178 3686 68.
1202 3623 1235 3670 et
1252 3599 1361 3666 νοΙῘιυἦ

338 3711 373 3770 in
393 3712 544 3792 peculiari
565 3711 647 3774 libro
672 3711 712 3774 dc
735 3712 802 3772 Nili
823 3741 873 3754 -
896 3713 1037 3795 origine,
1072 3725 1104 3773 et
1125 3729 1208 3790 quoe
1234 3700 1361 3768 recenset

339 3811 471 3875 Menses.
489 3815 522 3872 in
539 3812 615 3874 bibl.
633 3812 711 3875 Hili.
729 3813 796 3875 Vol.
814 3826 846 3892 3.
864 3813 902 3874 P.
923 3833 950 3874 ι.
971 3831 1002 3894 p.
1020 3821 1041 3888 8
1047 3825 1066 3889 5
1087 3811 1150 3892 sqq.
1190 3801 1366 3872 Reranriorl

337 3925 436 3974 aetate
461 3913 601 3975 detector
622 3910 710 3974 fuisse
732 3911 836 3976 suntet
856 3927 968 3995 putant
993 3915 1027 3973 iu
1049 3933 1149 3996 reguo
1165 3911 1286 3988 Goyanr
1308 3897 1361 3964 ιωΟ

337 4014 382 4074 cit
407 4027 609 4094 aequatorem
635 4033 653 4074 a
675 4014 772 4076 Petro
799 4015 915 4084 l’aifio.
951 4013 1063 4076 lesuita
1090 4014 1255 4078 Lusitano.
1286 4019 1361 4066 2qu

344 4113 449 4192 1618.
484 4116 573 4178 cuiue
606 4116 819 4180 narrationem
853 4115 943 4178 dedit
973 4115 1147 4180 Kircherue
1176 4115 1210 4176 in
1245 4109 1361 4186 Oedipo
