<?xml version="1.0" encoding="UTF-8"?>
<!DOCTYPE html PUBLIC "-//W3C//DTD XHTML 1.0 Transitional//EN"
    "http://www.w3.org/TR/xhtml1/DTD/xhtml1-transitional.dtd">
<html xmlns="http://www.w3.org/1999/xhtml" xml:lang="en" lang="en">
 <head>
  <title>
</title>
<meta http-equiv="Content-Type" content="text/html;charset=utf-8" />
  <meta name='ocr-system' content='tesseract 3.04.00' />
  <meta name='ocr-capabilities' content='ocr_page ocr_carea ocr_par ocr_line ocrx_word'/>
</head>
<body>
  <div class='ocr_page' id='page_1' title='image "./pomponiimelaede06melagoog_0451.png"; bbox 0 0 2852 4946; ppageno 0'>
   <div class='ocr_carea' id='block_1_1' title="bbox 157 381 1055 462">
    <p class='ocr_par' dir='ltr' id='par_1_1' title="bbox 157 381 1055 462">
     <span class='ocr_line' id='line_1_1' title="bbox 157 381 1055 462; baseline -0.003 -14"><span class='ocrx_word' id='word_1_1' title='bbox 157 391 207 450; x_wconf 81' lang='lat' dir='ltr'>tn</span> <span class='ocrx_word' id='word_1_2' title='bbox 235 389 372 450; x_wconf 84' lang='grc' dir='ltr'><strong>ιοιιι.</strong></span> <span class='ocrx_word' id='word_1_3' title='bbox 402 387 511 446; x_wconf 76' lang='lat' dir='ltr'>atat.</span> <span class='ocrx_word' id='word_1_4' title='bbox 550 386 631 444; x_wconf 71' lang='grc' dir='ltr'>ιι</span> <span class='ocrx_word' id='word_1_5' title='bbox 675 385 793 448; x_wconf 85' lang='lat' dir='ltr'>oxv.</span> <span class='ocrx_word' id='word_1_6' title='bbox 835 381 915 458; x_wconf 75' lang='grc' dir='ltr'><strong>ιι.</strong></span> <span class='ocrx_word' id='word_1_7' title='bbox 989 393 1055 462; x_wconf 74' lang='lat'>44⁵</span> 
     </span>
    </p>
   </div>
   <div class='ocr_carea' id='block_1_2' title="bbox 46 559 1055 4194">
    <p class='ocr_par' dir='ltr' id='par_1_2' title="bbox 46 559 1055 4194">
     <span class='ocr_line' id='line_1_2' title="bbox 47 559 1055 648; baseline 0 -24"><span class='ocrx_word' id='word_1_8' title='bbox 47 565 116 626; x_wconf 76' lang='lat' dir='ltr'>tione</span> <span class='ocrx_word' id='word_1_9' title='bbox 134 563 327 648; x_wconf 83' lang='lat' dir='ltr'>distinguunt</span> <span class='ocrx_word' id='word_1_10' title='bbox 348 561 447 626; x_wconf 82' lang='lat' dir='ltr'>etiam</span> <span class='ocrx_word' id='word_1_11' title='bbox 469 561 585 626; x_wconf 75' lang='lat' dir='ltr'>Medon</span> <span class='ocrx_word' id='word_1_12' title='bbox 606 575 640 624; x_wconf 77' lang='lat' dir='ltr'>et</span> <span class='ocrx_word' id='word_1_13' title='bbox 660 559 815 634; x_wconf 73' lang='lat' dir='ltr'>Parthos,</span> <span class='ocrx_word' id='word_1_14' title='bbox 846 571 883 622; x_wconf 88' lang='lat' dir='ltr'>ut</span> <span class='ocrx_word' id='word_1_15' title='bbox 905 571 993 644; x_wconf 77' lang='lat' dir='ltr'>patet</span> <span class='ocrx_word' id='word_1_16' title='bbox 1014 578 1055 624; x_wconf 81' lang='lat' dir='ltr'>ox</span> 
     </span>
     <span class='ocr_line' id='line_1_3' title="bbox 47 657 1055 751; baseline -0.004 -25"><span class='ocrx_word' id='word_1_17' title='bbox 47 667 153 728; x_wconf 84' lang='lat' dir='ltr'>lniano</span> <span class='ocrx_word' id='word_1_18' title='bbox 173 666 226 728; x_wconf 88' lang='lat' dir='ltr'>lib.</span> <span class='ocrx_word' id='word_1_19' title='bbox 245 677 275 744; x_wconf 77' lang='lat'>3.</span> <span class='ocrx_word' id='word_1_20' title='bbox 302 657 389 750; x_wconf 85' lang='lat' dir='ltr'><strong>[cap.</strong></span> <span class='ocrx_word' id='word_1_21' title='bbox 414 658 492 751; x_wconf 81' lang='lat'><strong>19.]</strong></span> <span class='ocrx_word' id='word_1_22' title='bbox 521 663 578 724; x_wconf 87' lang='lat' dir='ltr'>nbi</span> <span class='ocrx_word' id='word_1_23' title='bbox 596 664 774 726; x_wconf 79' lang='lat' dir='ltr'>Alexander</span> <span class='ocrx_word' id='word_1_24' title='bbox 790 683 846 746; x_wconf 82' lang='lat' dir='ltr'>per</span> <span class='ocrx_word' id='word_1_25' title='bbox 867 681 919 726; x_wconf 79' lang='lat' dir='ltr'>eat</span> <span class='ocrx_word' id='word_1_26' title='bbox 934 659 1055 724; x_wconf 75' lang='lat' dir='ltr'>inlocu-</span> 
     </span>
     <span class='ocr_line' id='line_1_4' title="bbox 47 763 1054 830; baseline 0.001 -5"><span class='ocrx_word' id='word_1_27' title='bbox 47 777 85 826; x_wconf 81' lang='grc' dir='ltr'>ιιι</span> <span class='ocrx_word' id='word_1_28' title='bbox 101 763 154 828; x_wconf 88' lang='lat' dir='ltr'>luit</span> <span class='ocrx_word' id='word_1_29' title='bbox 168 768 309 830; x_wconf 85' lang='lat' dir='ltr'>Darium.</span> <span class='ocrx_word' id='word_1_30' title='bbox 342 785 367 828; x_wconf 88' lang='lat'>1.</span> <span class='ocrx_word' id='word_1_31' title='bbox 386 783 585 828; x_wconf 79' lang='lat' dir='ltr'>ononovtvt</span> <span class='ocrx_word' id='word_1_32' title='bbox 600 765 675 828; x_wconf 87' lang='lat' dir='ltr'>MS.</span> <span class='ocrx_word' id='word_1_33' title='bbox 728 765 815 827; x_wconf 85' lang='lat' dir='ltr'>Haeo</span> <span class='ocrx_word' id='word_1_34' title='bbox 832 763 1054 826; x_wconf 78' lang='lat' dir='ltr'>denominatio</span> 
     </span>
     <span class='ocr_line' id='line_1_5' title="bbox 48 863 1054 950; baseline 0 -26"><span class='ocrx_word' id='word_1_35' title='bbox 48 867 175 930; x_wconf 81' lang='lat' dir='ltr'>aGraecis</span> <span class='ocrx_word' id='word_1_36' title='bbox 192 867 234 929; x_wconf 84' lang='lat' dir='ltr'>eil</span> <span class='ocrx_word' id='word_1_37' title='bbox 255 867 417 950; x_wconf 82' lang='lat' dir='ltr'>impolita,</span> <span class='ocrx_word' id='word_1_38' title='bbox 443 886 501 948; x_wconf 86' lang='lat' dir='ltr'>pro</span> <span class='ocrx_word' id='word_1_39' title='bbox 520 886 580 948; x_wconf 83' lang='lat' dir='ltr'>qua</span> <span class='ocrx_word' id='word_1_40' title='bbox 599 865 771 928; x_wconf 72' lang='lat' dir='ltr'>tonnella</span> <span class='ocrx_word' id='word_1_41' title='bbox 788 864 840 928; x_wconf 81' lang='lat' dir='ltr'>lua</span> <span class='ocrx_word' id='word_1_42' title='bbox 858 865 967 949; x_wconf 79' lang='lat' dir='ltr'>lingua</span> <span class='ocrx_word' id='word_1_43' title='bbox 989 863 1054 925; x_wconf 81' lang='lat' dir='ltr'>lina</span> 
     </span>
     <span class='ocr_line' id='line_1_6' title="bbox 48 965 1054 1048; baseline 0 -22"><span class='ocrx_word' id='word_1_44' title='bbox 48 967 123 1030; x_wconf 86' lang='lat' dir='ltr'>dubio</span> <span class='ocrx_word' id='word_1_45' title='bbox 139 969 315 1030; x_wconf 80' lang='lat' dir='ltr'>habuerunt</span> <span class='ocrx_word' id='word_1_46' title='bbox 336 968 442 1032; x_wconf 82' lang='lat' dir='ltr'>aliam.</span> <span class='ocrx_word' id='word_1_47' title='bbox 491 969 553 1031; x_wconf 83' lang='lat' dir='ltr'>Sed</span> <span class='ocrx_word' id='word_1_48' title='bbox 571 968 682 1030; x_wconf 82' lang='lat' dir='ltr'>Graeci</span> <span class='ocrx_word' id='word_1_49' title='bbox 698 965 739 1030; x_wconf 87' lang='lat' dir='ltr'>lio</span> <span class='ocrx_word' id='word_1_50' title='bbox 754 967 904 1030; x_wconf 79' lang='lat' dir='ltr'>dixerunt</span> <span class='ocrx_word' id='word_1_51' title='bbox 923 977 1054 1048; x_wconf 80' lang='lat' dir='ltr'>propter</span> 
     </span>
     <span class='ocr_line' id='line_1_7' title="bbox 47 1067 1052 1152; baseline 0.005 -26"><span class='ocrx_word' id='word_1_52' title='bbox 47 1069 184 1152; x_wconf 79' lang='lat' dir='ltr'>angulum</span> <span class='ocrx_word' id='word_1_53' title='bbox 207 1083 239 1131; x_wconf 82' lang='lat' dir='ltr'>et</span> <span class='ocrx_word' id='word_1_54' title='bbox 270 1067 434 1130; x_wconf 79' lang='lat' dir='ltr'>difficilem</span> <span class='ocrx_word' id='word_1_55' title='bbox 465 1069 639 1132; x_wconf 72' lang='lat' dir='ltr'>transitum.</span> <span class='ocrx_word' id='word_1_56' title='bbox 658 1103 708 1118; x_wconf 89' lang='lat'>-</span> <span class='ocrx_word' id='word_1_57' title='bbox 733 1087 835 1131; x_wconf 82' lang='lat' dir='ltr'>toan.</span> <span class='ocrx_word' id='word_1_58' title='bbox 888 1067 1002 1128; x_wconf 80' lang='lat' dir='ltr'>Strabo</span> <span class='ocrx_word' id='word_1_59' title='bbox 1023 1087 1052 1132; x_wconf 90' lang='lat' dir='ltr'>t.</span> 
     </span>
     <span class='ocr_line' id='line_1_8' title="bbox 48 1157 1053 1252; baseline 0 -22"><span class='ocrx_word' id='word_1_60' title='bbox 48 1187 69 1250; x_wconf 87' lang='lat' dir='ltr'>p.</span> <span class='ocrx_word' id='word_1_61' title='bbox 83 1181 132 1248; x_wconf 71' lang='lat'>44.</span> <span class='ocrx_word' id='word_1_62' title='bbox 147 1169 166 1233; x_wconf 94' lang='lat' dir='ltr'>l.</span> <span class='ocrx_word' id='word_1_63' title='bbox 181 1171 239 1252; x_wconf 79' lang='lat'>64.</span> <span class='ocrx_word' id='word_1_64' title='bbox 271 1189 326 1234; x_wconf 91' lang='grc' dir='ltr'><strong>ιι.</strong></span> <span class='ocrx_word' id='word_1_65' title='bbox 344 1190 376 1251; x_wconf 89' lang='lat' dir='ltr'>p.</span> <span class='ocrx_word' id='word_1_66' title='bbox 395 1181 479 1248; x_wconf 77' lang='lat'><strong>559.</strong></span> <span class='ocrx_word' id='word_1_67' title='bbox 496 1167 517 1232; x_wconf 89' lang='lat' dir='ltr'>l.</span> <span class='ocrx_word' id='word_1_68' title='bbox 535 1182 619 1247; x_wconf 72' lang='lat'>522.</span> <span class='ocrx_word' id='word_1_69' title='bbox 641 1184 734 1232; x_wconf 82' lang='lat' dir='ltr'>vocat</span> <span class='ocrx_word' id='word_1_70' title='bbox 750 1165 919 1242; x_wconf 72' lang='grc' dir='ltr'>Κασπίαις</span> <span class='ocrx_word' id='word_1_71' title='bbox 932 1157 1053 1242; x_wconf 79' lang='grc' dir='ltr'><strong><em>πύλας,</em></strong></span> 
     </span>
     <span class='ocr_line' id='line_1_9' title="bbox 48 1261 1052 1354; baseline 0.003 -24"><span class='ocrx_word' id='word_1_72' title='bbox 48 1269 169 1334; x_wconf 80' lang='lat' dir='ltr'>lnianua</span> <span class='ocrx_word' id='word_1_73' title='bbox 181 1292 207 1334; x_wconf 88' lang='lat' dir='ltr'>o.</span> <span class='ocrx_word' id='word_1_74' title='bbox 222 1273 243 1334; x_wconf 92' lang='lat' dir='ltr'>l.</span> <span class='ocrx_word' id='word_1_75' title='bbox 266 1267 418 1345; x_wconf 75' lang='grc' dir='ltr'><strong><em>Κασπίας</em></strong></span> <span class='ocrx_word' id='word_1_76' title='bbox 432 1261 561 1344; x_wconf 77' lang='grc' dir='ltr'><strong><em>πύλας,</em></strong></span> <span class='ocrx_word' id='word_1_77' title='bbox 585 1273 631 1332; x_wconf 87' lang='lat' dir='ltr'>uti</span> <span class='ocrx_word' id='word_1_78' title='bbox 646 1273 775 1336; x_wconf 67' lang='lat' dir='ltr'>Servius</span> <span class='ocrx_word' id='word_1_79' title='bbox 789 1273 827 1336; x_wconf 83' lang='lat' dir='ltr'>ad</span> <span class='ocrx_word' id='word_1_80' title='bbox 844 1271 953 1354; x_wconf 77' lang='lat' dir='ltr'>virgil.</span> <span class='ocrx_word' id='word_1_81' title='bbox 970 1270 1052 1334; x_wconf 81' lang='lat' dir='ltr'>Aen.</span> 
     </span>
     <span class='ocr_line' id='line_1_10' title="bbox 49 1363 1054 1456; baseline 0.003 -25"><span class='ocrx_word' id='word_1_82' title='bbox 49 1371 72 1440; x_wconf 79' lang='lat' dir='ltr'>i,</span> <span class='ocrx_word' id='word_1_83' title='bbox 85 1387 156 1451; x_wconf 83' lang='lat'><strong>799.</strong></span> <span class='ocrx_word' id='word_1_84' title='bbox 175 1393 246 1434; x_wconf 88' lang='lat' dir='ltr'>cum</span> <span class='ocrx_word' id='word_1_85' title='bbox 264 1371 399 1446; x_wconf 86' lang='lat' dir='ltr'>Nollro;</span> <span class='ocrx_word' id='word_1_86' title='bbox 432 1370 566 1451; x_wconf 82' lang='lat' dir='ltr'>Dionys.</span> <span class='ocrx_word' id='word_1_87' title='bbox 587 1373 712 1456; x_wconf 79' lang='lat' dir='ltr'>Perieg.</span> <span class='ocrx_word' id='word_1_88' title='bbox 728 1393 761 1436; x_wconf 78' lang='lat' dir='ltr'>v.</span> <span class='ocrx_word' id='word_1_89' title='bbox 783 1373 887 1454; x_wconf 70' lang='lat'><strong>2064.</strong></span> <span class='ocrx_word' id='word_1_90' title='bbox 904 1363 1054 1434; x_wconf 76' lang='lat' dir='ltr'>linonto&#39;·</span> 
     </span>
     <span class='ocr_line' id='line_1_11' title="bbox 49 1464 1053 1554; baseline 0.004 -22"><span class='ocrx_word' id='word_1_91' title='bbox 49 1464 215 1550; x_wconf 78' lang='grc' dir='ltr'><strong>σιςιιύλις;</strong></span> <span class='ocrx_word' id='word_1_92' title='bbox 242 1473 367 1536; x_wconf 74' lang='lat' dir='ltr'>Plinius</span> <span class='ocrx_word' id='word_1_93' title='bbox 384 1474 417 1544; x_wconf 84' lang='lat'>6,</span> <span class='ocrx_word' id='word_1_94' title='bbox 437 1489 492 1536; x_wconf 78' lang='lat' dir='ltr'>aa.</span> <span class='ocrx_word' id='word_1_95' title='bbox 508 1469 529 1534; x_wconf 86' lang='lat' dir='ltr'>l.</span> <span class='ocrx_word' id='word_1_96' title='bbox 547 1493 599 1536; x_wconf 91' lang='grc' dir='ltr'><strong>ιι.</strong></span> <span class='ocrx_word' id='word_1_97' title='bbox 621 1487 653 1535; x_wconf 84' lang='lat' dir='ltr'>et</span> <span class='ocrx_word' id='word_1_98' title='bbox 674 1488 728 1552; x_wconf 77' lang='lat'>15.</span> <span class='ocrx_word' id='word_1_99' title='bbox 745 1471 765 1537; x_wconf 90' lang='lat' dir='ltr'>l.</span> <span class='ocrx_word' id='word_1_100' title='bbox 786 1495 798 1534; x_wconf 89' lang='grc' dir='ltr'><strong>ι</strong></span> <span class='ocrx_word' id='word_1_101' title='bbox 807 1489 841 1554; x_wconf 75' lang='lat'>3.</span> <span class='ocrx_word' id='word_1_102' title='bbox 867 1475 999 1536; x_wconf 88' lang='lat' dir='ltr'>Sueton.</span> <span class='ocrx_word' id='word_1_103' title='bbox 1017 1473 1053 1536; x_wconf 85' lang='lat' dir='ltr'>in</span> 
     </span>
     <span class='ocr_line' id='line_1_12' title="bbox 49 1570 1053 1662; baseline 0.004 -32"><span class='ocrx_word' id='word_1_104' title='bbox 49 1570 190 1639; x_wconf 78' lang='lat' dir='ltr'>Neroneo.</span> <span class='ocrx_word' id='word_1_105' title='bbox 210 1593 267 1654; x_wconf 82' lang='lat'>19.</span> <span class='ocrx_word' id='word_1_106' title='bbox 295 1575 457 1638; x_wconf 81' lang='lat' dir='ltr'>Ammian.</span> <span class='ocrx_word' id='word_1_107' title='bbox 475 1587 533 1654; x_wconf 76' lang='lat'>23.</span> <span class='ocrx_word' id='word_1_108' title='bbox 554 1575 589 1638; x_wconf 88' lang='grc'>6.</span> <span class='ocrx_word' id='word_1_109' title='bbox 617 1607 663 1622; x_wconf 89' lang='grc'>-</span> <span class='ocrx_word' id='word_1_110' title='bbox 700 1575 815 1662; x_wconf 87' lang='lat' dir='ltr'>Latino</span> <span class='ocrx_word' id='word_1_111' title='bbox 830 1573 989 1638; x_wconf 83' lang='lat' dir='ltr'>vocabulo</span> <span class='ocrx_word' id='word_1_112' title='bbox 1006 1573 1053 1662; x_wconf 75' lang='lat' dir='ltr'>tali</span> 
     </span>
     <span class='ocr_line' id='line_1_13' title="bbox 50 1665 1053 1763; baseline 0.001 -29"><span class='ocrx_word' id='word_1_113' title='bbox 50 1665 160 1763; x_wconf 78' lang='lat' dir='ltr'>Caspias</span> <span class='ocrx_word' id='word_1_114' title='bbox 194 1689 329 1756; x_wconf 67' lang='grc' dir='ltr'><strong>γοιιαις</strong></span> <span class='ocrx_word' id='word_1_115' title='bbox 376 1689 549 1758; x_wconf 78' lang='lat' dir='ltr'>utrumque</span> <span class='ocrx_word' id='word_1_116' title='bbox 581 1677 683 1740; x_wconf 82' lang='lat' dir='ltr'>variat</span> <span class='ocrx_word' id='word_1_117' title='bbox 709 1675 837 1740; x_wconf 81' lang='lat' dir='ltr'>Orofiuo</span> <span class='ocrx_word' id='word_1_118' title='bbox 866 1697 894 1748; x_wconf 88' lang='lat' dir='ltr'>t,</span> <span class='ocrx_word' id='word_1_119' title='bbox 921 1691 955 1740; x_wconf 85' lang='lat'>2.</span> <span class='ocrx_word' id='word_1_120' title='bbox 996 1676 1053 1756; x_wconf 89' lang='lat' dir='ltr'>qui</span> 
     </span>
     <span class='ocr_line' id='line_1_14' title="bbox 50 1767 1052 1864; baseline 0.004 -30"><span class='ocrx_word' id='word_1_121' title='bbox 50 1767 162 1864; x_wconf 74' lang='lat' dir='ltr'>Caspias</span> <span class='ocrx_word' id='word_1_122' title='bbox 174 1790 286 1857; x_wconf 78' lang='lat' dir='ltr'>portas</span> <span class='ocrx_word' id='word_1_123' title='bbox 307 1777 384 1838; x_wconf 84' lang='lat' dir='ltr'>dicit</span> <span class='ocrx_word' id='word_1_124' title='bbox 403 1790 435 1838; x_wconf 83' lang='lat' dir='ltr'>et</span> <span class='ocrx_word' id='word_1_125' title='bbox 455 1777 619 1840; x_wconf 83' lang='lat' dir='ltr'>Armenios</span> <span class='ocrx_word' id='word_1_126' title='bbox 636 1777 740 1859; x_wconf 80' lang='lat' dir='ltr'>pylas.</span> <span class='ocrx_word' id='word_1_127' title='bbox 791 1779 841 1840; x_wconf 83' lang='lat' dir='ltr'>De</span> <span class='ocrx_word' id='word_1_128' title='bbox 857 1775 923 1858; x_wconf 86' lang='lat' dir='ltr'>ipio</span> <span class='ocrx_word' id='word_1_129' title='bbox 943 1791 1052 1838; x_wconf 84' lang='lat' dir='ltr'>autem</span> 
     </span>
     <span class='ocr_line' id='line_1_15' title="bbox 48 1868 1051 1942; baseline 0.005 -9"><span class='ocrx_word' id='word_1_130' title='bbox 48 1877 174 1940; x_wconf 80' lang='lat' dir='ltr'>vocabulo</span> <span class='ocrx_word' id='word_1_131' title='bbox 193 1868 300 1942; x_wconf 80' lang='grc' dir='ltr'><strong>πύλαι</strong></span> <span class='ocrx_word' id='word_1_132' title='bbox 324 1877 386 1940; x_wconf 89' lang='lat' dir='ltr'>hoc</span> <span class='ocrx_word' id='word_1_133' title='bbox 408 1875 496 1940; x_wconf 79' lang='lat' dir='ltr'>sensu</span> <span class='ocrx_word' id='word_1_134' title='bbox 518 1875 558 1940; x_wconf 85' lang='lat' dir='ltr'>ol.</span> <span class='ocrx_word' id='word_1_135' title='bbox 583 1879 730 1942; x_wconf 78' lang='lat' dir='ltr'>Perizon.</span> <span class='ocrx_word' id='word_1_136' title='bbox 753 1879 792 1942; x_wconf 85' lang='lat' dir='ltr'>ad</span> <span class='ocrx_word' id='word_1_137' title='bbox 814 1879 934 1942; x_wconf 77' lang='lat' dir='ltr'>Aelian.</span> <span class='ocrx_word' id='word_1_138' title='bbox 951 1879 988 1940; x_wconf 90' lang='lat' dir='ltr'>V.</span> <span class='ocrx_word' id='word_1_139' title='bbox 1007 1877 1051 1939; x_wconf 91' lang='lat' dir='ltr'>H.</span> 
     </span>
     <span class='ocr_line' id='line_1_16' title="bbox 50 1969 1055 2062; baseline 0.002 -24"><span class='ocrx_word' id='word_1_140' title='bbox 50 1987 72 2052; x_wconf 76' lang='lat'>3.</span> <span class='ocrx_word' id='word_1_141' title='bbox 85 1990 132 2054; x_wconf 78' lang='lat'>25.</span> <span class='ocrx_word' id='word_1_142' title='bbox 150 1993 179 2040; x_wconf 81' lang='lat' dir='ltr'>et</span> <span class='ocrx_word' id='word_1_143' title='bbox 192 1978 373 2042; x_wconf 79' lang='lat' dir='ltr'>Eullathiua</span> <span class='ocrx_word' id='word_1_144' title='bbox 390 1979 428 2040; x_wconf 88' lang='lat' dir='ltr'>ad</span> <span class='ocrx_word' id='word_1_145' title='bbox 447 1977 582 2059; x_wconf 80' lang='lat' dir='ltr'><strong>Dionys.</strong></span> <span class='ocrx_word' id='word_1_146' title='bbox 597 1999 630 2042; x_wconf 85' lang='lat' dir='ltr'>v.</span> <span class='ocrx_word' id='word_1_147' title='bbox 653 1988 758 2062; x_wconf 77' lang='lat'><strong>¹⁰34·</strong></span> <span class='ocrx_word' id='word_1_148' title='bbox 794 1981 846 2044; x_wconf 88' lang='lat' dir='ltr'>Sic</span> <span class='ocrx_word' id='word_1_149' title='bbox 867 1969 973 2044; x_wconf 82' lang='grc' dir='ltr'><strong>ιιῦλαι</strong></span> <span class='ocrx_word' id='word_1_150' title='bbox 993 1981 1055 2042; x_wconf 62' lang='grc' dir='ltr'>θα-</span> 
     </span>
     <span class='ocr_line' id='line_1_17' title="bbox 48 2069 1053 2164; baseline 0.003 -27"><span class='ocrx_word' id='word_1_151' title='bbox 48 2069 140 2162; x_wconf 68' lang='grc' dir='ltr'><strong><em>λάσσης</em></strong></span> <span class='ocrx_word' id='word_1_152' title='bbox 159 2083 238 2162; x_wconf 84' lang='lat' dir='ltr'>apud</span> <span class='ocrx_word' id='word_1_153' title='bbox 258 2081 383 2143; x_wconf 75' lang='lat' dir='ltr'>Aristid.</span> <span class='ocrx_word' id='word_1_154' title='bbox 399 2081 440 2142; x_wconf 88' lang='lat' dir='ltr'>T.</span> <span class='ocrx_word' id='word_1_155' title='bbox 461 2100 492 2144; x_wconf 88' lang='lat'>1.</span> <span class='ocrx_word' id='word_1_156' title='bbox 509 2102 541 2164; x_wconf 86' lang='lat' dir='ltr'>p.</span> <span class='ocrx_word' id='word_1_157' title='bbox 558 2097 617 2144; x_wconf 73' lang='lat' dir='ltr'>nt.</span> <span class='ocrx_word' id='word_1_158' title='bbox 633 2083 683 2145; x_wconf 81' lang='lat' dir='ltr'>ed.</span> <span class='ocrx_word' id='word_1_159' title='bbox 702 2081 791 2144; x_wconf 85' lang='lat' dir='ltr'>lebb.</span> <span class='ocrx_word' id='word_1_160' title='bbox 807 2111 856 2125; x_wconf 93' lang='lat'>-</span> <span class='ocrx_word' id='word_1_161' title='bbox 881 2081 944 2144; x_wconf 65' lang='lat' dir='ltr'>sect</span> <span class='ocrx_word' id='word_1_162' title='bbox 968 2079 1053 2140; x_wconf 85' lang='lat' dir='ltr'>clou-</span> 
     </span>
     <span class='ocr_line' id='line_1_18' title="bbox 46 2175 1053 2272; baseline 0.008 -36"><span class='ocrx_word' id='word_1_163' title='bbox 46 2175 96 2262; x_wconf 57' lang='grc' dir='ltr'>ιιι</span> <span class='ocrx_word' id='word_1_164' title='bbox 112 2176 297 2272; x_wconf 72' lang='lat' dir='ltr'>Cajpiarum</span> <span class='ocrx_word' id='word_1_165' title='bbox 313 2179 351 2243; x_wconf 87' lang='lat' dir='ltr'>lc.</span> <span class='ocrx_word' id='word_1_166' title='bbox 369 2195 530 2264; x_wconf 86' lang='lat' dir='ltr'>portarum</span> <span class='ocrx_word' id='word_1_167' title='bbox 546 2180 618 2243; x_wconf 83' lang='lat' dir='ltr'>lunt</span> <span class='ocrx_word' id='word_1_168' title='bbox 632 2183 746 2244; x_wconf 89' lang='lat' dir='ltr'>Tacito</span> <span class='ocrx_word' id='word_1_169' title='bbox 765 2181 844 2244; x_wconf 85' lang='lat' dir='ltr'>Hitt.</span> <span class='ocrx_word' id='word_1_170' title='bbox 866 2201 894 2252; x_wconf 83' lang='lat' dir='ltr'>t,</span> <span class='ocrx_word' id='word_1_171' title='bbox 913 2181 946 2244; x_wconf 89' lang='grc'>6.</span> <span class='ocrx_word' id='word_1_172' title='bbox 973 2199 1053 2263; x_wconf 77' lang='lat' dir='ltr'>quae</span> 
     </span>
     <span class='ocr_line' id='line_1_19' title="bbox 49 2280 1053 2367; baseline 0.006 -29"><span class='ocrx_word' id='word_1_173' title='bbox 49 2281 129 2341; x_wconf 86' lang='lat' dir='ltr'>omnia</span> <span class='ocrx_word' id='word_1_174' title='bbox 143 2287 177 2342; x_wconf 82' lang='lat' dir='ltr'>ad</span> <span class='ocrx_word' id='word_1_175' title='bbox 193 2281 342 2366; x_wconf 79' lang='lat' dir='ltr'>angustos</span> <span class='ocrx_word' id='word_1_176' title='bbox 360 2285 463 2346; x_wconf 79' lang='lat' dir='ltr'>aditus</span> <span class='ocrx_word' id='word_1_177' title='bbox 479 2297 550 2366; x_wconf 82' lang='lat' dir='ltr'>apte</span> <span class='ocrx_word' id='word_1_178' title='bbox 564 2280 756 2356; x_wconf 81' lang='lat' dir='ltr'>referuntur,</span> <span class='ocrx_word' id='word_1_179' title='bbox 782 2284 838 2367; x_wconf 91' lang='lat' dir='ltr'>qui</span> <span class='ocrx_word' id='word_1_180' title='bbox 858 2283 966 2344; x_wconf 88' lang='lat' dir='ltr'>locum</span> <span class='ocrx_word' id='word_1_181' title='bbox 982 2301 1053 2366; x_wconf 80' lang='lat' dir='ltr'>ape·</span> 
     </span>
     <span class='ocr_line' id='line_1_20' title="bbox 49 2377 1053 2452; baseline 0.006 -12"><span class='ocrx_word' id='word_1_182' title='bbox 49 2377 127 2452; x_wconf 68' lang='lat' dir='ltr'>liunt,</span> <span class='ocrx_word' id='word_1_183' title='bbox 153 2385 275 2446; x_wconf 80' lang='lat' dir='ltr'>claullra</span> <span class='ocrx_word' id='word_1_184' title='bbox 299 2385 394 2444; x_wconf 86' lang='lat' dir='ltr'>etiam</span> <span class='ocrx_word' id='word_1_185' title='bbox 416 2385 454 2444; x_wconf 86' lang='lat' dir='ltr'>ad</span> <span class='ocrx_word' id='word_1_186' title='bbox 472 2385 599 2446; x_wconf 82' lang='lat' dir='ltr'>illorum</span> <span class='ocrx_word' id='word_1_187' title='bbox 616 2386 816 2448; x_wconf 85' lang='lat' dir='ltr'>munimenta</span> <span class='ocrx_word' id='word_1_188' title='bbox 837 2397 870 2446; x_wconf 82' lang='lat' dir='ltr'>at</span> <span class='ocrx_word' id='word_1_189' title='bbox 887 2381 1053 2446; x_wconf 77' lang='lat' dir='ltr'>difficulta-</span> 
     </span>
     <span class='ocr_line' id='line_1_21' title="bbox 49 2485 1051 2567; baseline 0.011 -27"><span class='ocrx_word' id='word_1_190' title='bbox 49 2489 105 2552; x_wconf 83' lang='lat' dir='ltr'>tem,</span> <span class='ocrx_word' id='word_1_191' title='bbox 119 2487 158 2543; x_wconf 86' lang='lat' dir='ltr'>uti</span> <span class='ocrx_word' id='word_1_192' title='bbox 174 2487 285 2546; x_wconf 83' lang='lat' dir='ltr'>multis</span> <span class='ocrx_word' id='word_1_193' title='bbox 300 2485 454 2567; x_wconf 69' lang='lat' dir='ltr'>exemplis</span> <span class='ocrx_word' id='word_1_194' title='bbox 468 2486 586 2547; x_wconf 84' lang='lat' dir='ltr'>docent</span> <span class='ocrx_word' id='word_1_195' title='bbox 596 2486 742 2548; x_wconf 83' lang='lat' dir='ltr'>lleinfina</span> <span class='ocrx_word' id='word_1_196' title='bbox 756 2487 794 2548; x_wconf 85' lang='lat' dir='ltr'>ad</span> <span class='ocrx_word' id='word_1_197' title='bbox 805 2487 914 2550; x_wconf 84' lang='lat' dir='ltr'>Vellei.</span> <span class='ocrx_word' id='word_1_198' title='bbox 931 2500 1003 2566; x_wconf 82' lang='lat'>1,3‚</span> <span class='ocrx_word' id='word_1_199' title='bbox 1017 2499 1051 2563; x_wconf 76' lang='lat'>5.</span> 
     </span>
     <span class='ocr_line' id='line_1_22' title="bbox 48 2576 1050 2670; baseline 0.015 -32"><span class='ocrx_word' id='word_1_200' title='bbox 48 2576 195 2648; x_wconf 81' lang='lat' dir='ltr'>Bronkbul.</span> <span class='ocrx_word' id='word_1_201' title='bbox 215 2587 253 2648; x_wconf 85' lang='lat' dir='ltr'>atl</span> <span class='ocrx_word' id='word_1_202' title='bbox 272 2585 415 2666; x_wconf 78' lang='lat' dir='ltr'>Propert.</span> <span class='ocrx_word' id='word_1_203' title='bbox 436 2603 467 2670; x_wconf 75' lang='lat'>5,</span> <span class='ocrx_word' id='word_1_204' title='bbox 486 2601 518 2662; x_wconf 89' lang='lat'>7,</span> <span class='ocrx_word' id='word_1_205' title='bbox 534 2599 593 2664; x_wconf 78' lang='lat'>55.</span> <span class='ocrx_word' id='word_1_206' title='bbox 620 2587 743 2650; x_wconf 83' lang='lat' dir='ltr'>Ernesti</span> <span class='ocrx_word' id='word_1_207' title='bbox 760 2589 797 2650; x_wconf 84' lang='lat' dir='ltr'>ad</span> <span class='ocrx_word' id='word_1_208' title='bbox 818 2588 919 2651; x_wconf 84' lang='lat' dir='ltr'><strong>Tacit.</strong></span> <span class='ocrx_word' id='word_1_209' title='bbox 938 2588 1050 2652; x_wconf 81' lang='lat' dir='ltr'>Annal.</span> 
     </span>
     <span class='ocr_line' id='line_1_23' title="bbox 51 2685 1055 2771; baseline 0.01 -30"><span class='ocrx_word' id='word_1_210' title='bbox 51 2696 139 2764; x_wconf 60' lang='lat' dir='ltr'>nno.</span> <span class='ocrx_word' id='word_1_211' title='bbox 181 2686 334 2748; x_wconf 71' lang='lat' dir='ltr'>Nominis</span> <span class='ocrx_word' id='word_1_212' title='bbox 368 2685 491 2748; x_wconf 83' lang='lat' dir='ltr'>caulam</span> <span class='ocrx_word' id='word_1_213' title='bbox 525 2688 632 2750; x_wconf 82' lang='lat' dir='ltr'>addita</span> <span class='ocrx_word' id='word_1_214' title='bbox 665 2687 874 2771; x_wconf 77' lang='lat' dir='ltr'>descriptione</span> <span class='ocrx_word' id='word_1_215' title='bbox 907 2687 1055 2770; x_wconf 80' lang='lat' dir='ltr'>exposuit</span> 
     </span>
     <span class='ocr_line' id='line_1_24' title="bbox 49 2783 1052 2874; baseline 0.011 -32"><span class='ocrx_word' id='word_1_216' title='bbox 49 2783 119 2845; x_wconf 82' lang='lat' dir='ltr'>etiam</span> <span class='ocrx_word' id='word_1_217' title='bbox 139 2789 169 2848; x_wconf 92' lang='lat' dir='ltr'>in</span> <span class='ocrx_word' id='word_1_218' title='bbox 189 2789 302 2851; x_wconf 79' lang='lat' dir='ltr'>nollria</span> <span class='ocrx_word' id='word_1_219' title='bbox 323 2787 445 2850; x_wconf 74' lang='lat' dir='ltr'>Plinius</span> <span class='ocrx_word' id='word_1_220' title='bbox 462 2791 494 2858; x_wconf 85' lang='lat'>6.</span> <span class='ocrx_word' id='word_1_221' title='bbox 515 2803 569 2864; x_wconf 88' lang='lat'>17.</span> <span class='ocrx_word' id='word_1_222' title='bbox 587 2787 608 2850; x_wconf 90' lang='lat' dir='ltr'>l.</span> <span class='ocrx_word' id='word_1_223' title='bbox 633 2803 687 2867; x_wconf 80' lang='lat'>15.</span> <span class='ocrx_word' id='word_1_224' title='bbox 726 2791 854 2874; x_wconf 80' lang='lat' dir='ltr'><strong>Quippe</strong></span> <span class='ocrx_word' id='word_1_225' title='bbox 875 2791 1052 2874; x_wconf 84' lang='lat' dir='ltr'>interrupta</span> 
     </span>
     <span class='ocr_line' id='line_1_25' title="bbox 48 2887 1052 2976; baseline 0.008 -30"><span class='ocrx_word' id='word_1_226' title='bbox 48 2887 147 2966; x_wconf 68' lang='lat' dir='ltr'>angusto</span> <span class='ocrx_word' id='word_1_227' title='bbox 172 2891 301 2954; x_wconf 83' lang='lat' dir='ltr'>tranlitu</span> <span class='ocrx_word' id='word_1_228' title='bbox 328 2891 400 2974; x_wconf 79' lang='lat' dir='ltr'>iuga</span> <span class='ocrx_word' id='word_1_229' title='bbox 426 2903 531 2960; x_wconf 83' lang='lat' dir='ltr'>erant,</span> <span class='ocrx_word' id='word_1_230' title='bbox 567 2890 672 2952; x_wconf 87' lang='lat' dir='ltr'>itaut</span> <span class='ocrx_word' id='word_1_231' title='bbox 706 2892 761 2952; x_wconf 88' lang='lat' dir='ltr'>vix</span> <span class='ocrx_word' id='word_1_232' title='bbox 795 2891 914 2976; x_wconf 79' lang='lat' dir='ltr'>lingula</span> <span class='ocrx_word' id='word_1_233' title='bbox 947 2910 1052 2954; x_wconf 78' lang='lat' dir='ltr'>mento</span> 
     </span>
     <span class='ocr_line' id='line_1_26' title="bbox 49 2985 1051 3074; baseline 0.009 -28"><span class='ocrx_word' id='word_1_234' title='bbox 49 2985 140 3063; x_wconf 78' lang='lat' dir='ltr'>possent</span> <span class='ocrx_word' id='word_1_235' title='bbox 158 2991 297 3072; x_wconf 84' lang='lat' dir='ltr'>plaustra,</span> <span class='ocrx_word' id='word_1_236' title='bbox 319 2991 522 3074; x_wconf 80' lang='lat' dir='ltr'>longitudine</span> <span class='ocrx_word' id='word_1_237' title='bbox 538 3001 570 3068; x_wconf 78' lang='lat'>8.</span> <span class='ocrx_word' id='word_1_238' title='bbox 585 2990 632 3055; x_wconf 83' lang='lat' dir='ltr'>M.</span> <span class='ocrx_word' id='word_1_239' title='bbox 647 3003 718 3054; x_wconf 87' lang='lat' dir='ltr'>toto</span> <span class='ocrx_word' id='word_1_240' title='bbox 732 3012 827 3074; x_wconf 83' lang='lat' dir='ltr'>opere</span> <span class='ocrx_word' id='word_1_241' title='bbox 843 3011 939 3053; x_wconf 86' lang='lat' dir='ltr'>manu</span> <span class='ocrx_word' id='word_1_242' title='bbox 957 2989 1051 3056; x_wconf 88' lang='lat' dir='ltr'>lacto.</span> 
     </span>
     <span class='ocr_line' id='line_1_27' title="bbox 48 3083 1049 3172; baseline 0.011 -29"><span class='ocrx_word' id='word_1_243' title='bbox 48 3083 189 3152; x_wconf 81' lang='lat' dir='ltr'>lGraecis</span> <span class='ocrx_word' id='word_1_244' title='bbox 213 3088 344 3166; x_wconf 77' lang='grc' dir='ltr'>κλεῖδας</span> <span class='ocrx_word' id='word_1_245' title='bbox 370 3093 466 3154; x_wconf 82' lang='lat' dir='ltr'>etiam</span> <span class='ocrx_word' id='word_1_246' title='bbox 492 3093 607 3163; x_wconf 84' lang='lat' dir='ltr'>vocari,</span> <span class='ocrx_word' id='word_1_247' title='bbox 641 3111 680 3154; x_wconf 79' lang='grc' dir='ltr'>ιιι</span> <span class='ocrx_word' id='word_1_248' title='bbox 704 3093 859 3172; x_wconf 82' lang='lat' dir='ltr'>Dionylio</span> <span class='ocrx_word' id='word_1_249' title='bbox 886 3113 919 3156; x_wconf 87' lang='lat' dir='ltr'>v.</span> <span class='ocrx_word' id='word_1_250' title='bbox 943 3093 1049 3170; x_wconf 80' lang='lat'><strong>1036.</strong></span> 
     </span>
     <span class='ocr_line' id='line_1_28' title="bbox 48 3188 1051 3281; baseline 0.007 -33"><span class='ocrx_word' id='word_1_251' title='bbox 48 3199 113 3248; x_wconf 79' lang='lat' dir='ltr'>notat</span> <span class='ocrx_word' id='word_1_252' title='bbox 134 3193 328 3265; x_wconf 77' lang='lat' dir='ltr'>Eullathiua,</span> <span class='ocrx_word' id='word_1_253' title='bbox 364 3193 421 3253; x_wconf 92' lang='lat' dir='ltr'>ubi</span> <span class='ocrx_word' id='word_1_254' title='bbox 457 3188 584 3281; x_wconf 68' lang='grc' dir='ltr'><strong>κλῆἶδις</strong></span> <span class='ocrx_word' id='word_1_255' title='bbox 608 3191 701 3280; x_wconf 65' lang='grc' dir='ltr'><strong><em>γαίης</em></strong></span> <span class='ocrx_word' id='word_1_256' title='bbox 725 3189 898 3280; x_wconf 69' lang='grc' dir='ltr'><strong>Ἀσιήτιδος</strong></span> <span class='ocrx_word' id='word_1_257' title='bbox 923 3193 1051 3276; x_wconf 79' lang='lat' dir='ltr'>legitur.</span> 
     </span>
     <span class='ocr_line' id='line_1_29' title="bbox 49 3281 1053 3379; baseline 0.008 -31"><span class='ocrx_word' id='word_1_258' title='bbox 49 3281 150 3354; x_wconf 86' lang='lat' dir='ltr'>Nomen</span> <span class='ocrx_word' id='word_1_259' title='bbox 166 3295 318 3364; x_wconf 82' lang='lat' dir='ltr'>tulerunt.</span> <span class='ocrx_word' id='word_1_260' title='bbox 334 3309 371 3354; x_wconf 85' lang='lat' dir='ltr'>ut</span> <span class='ocrx_word' id='word_1_261' title='bbox 386 3315 480 3365; x_wconf 83' lang='lat' dir='ltr'>mare,</span> <span class='ocrx_word' id='word_1_262' title='bbox 497 3315 513 3356; x_wconf 89' lang='lat' dir='ltr'>a</span> <span class='ocrx_word' id='word_1_263' title='bbox 528 3308 624 3379; x_wconf 80' lang='lat' dir='ltr'>gente</span> <span class='ocrx_word' id='word_1_264' title='bbox 638 3293 757 3377; x_wconf 82' lang='lat' dir='ltr'>Caspia.</span> <span class='ocrx_word' id='word_1_265' title='bbox 773 3314 852 3377; x_wconf 85' lang='lat' dir='ltr'>quae</span> <span class='ocrx_word' id='word_1_266' title='bbox 865 3297 902 3358; x_wconf 82' lang='lat' dir='ltr'>iia</span> <span class='ocrx_word' id='word_1_267' title='bbox 917 3292 1053 3378; x_wconf 80' lang='lat' dir='ltr'>egrelloo</span> 
     </span>
     <span class='ocr_line' id='line_1_30' title="bbox 48 3391 1050 3482; baseline 0.014 -38"><span class='ocrx_word' id='word_1_268' title='bbox 48 3391 148 3472; x_wconf 83' lang='lat' dir='ltr'>excipit.</span> <span class='ocrx_word' id='word_1_269' title='bbox 172 3397 276 3471; x_wconf 87' lang='lat' dir='ltr'>(Plio.</span> <span class='ocrx_word' id='word_1_270' title='bbox 294 3397 327 3466; x_wconf 84' lang='lat'>6,</span> <span class='ocrx_word' id='word_1_271' title='bbox 349 3393 527 3472; x_wconf 80' lang='lat' dir='ltr'><strong>17.l.15.)</strong></span> <span class='ocrx_word' id='word_1_272' title='bbox 566 3397 664 3479; x_wconf 86' lang='lat' dir='ltr'>Quod</span> <span class='ocrx_word' id='word_1_273' title='bbox 683 3409 776 3482; x_wconf 82' lang='lat' dir='ltr'>negat</span> <span class='ocrx_word' id='word_1_274' title='bbox 791 3396 830 3458; x_wconf 85' lang='lat' dir='ltr'>ad</span> <span class='ocrx_word' id='word_1_275' title='bbox 852 3397 1001 3459; x_wconf 78' lang='lat' dir='ltr'><strong>Curtium</strong></span> <span class='ocrx_word' id='word_1_276' title='bbox 1017 3395 1050 3466; x_wconf 85' lang='lat'>6.</span> 
     </span>
     <span class='ocr_line' id='line_1_31' title="bbox 49 3492 1051 3580; baseline 0.004 -24"><span class='ocrx_word' id='word_1_277' title='bbox 49 3492 72 3566; x_wconf 71' lang='lat' dir='ltr'>ln</span> <span class='ocrx_word' id='word_1_278' title='bbox 94 3510 138 3570; x_wconf 84' lang='lat'>19.</span> <span class='ocrx_word' id='word_1_279' title='bbox 178 3497 424 3566; x_wconf 71' lang='lat' dir='ltr'>Fieinohentios.</span> <span class='ocrx_word' id='word_1_280' title='bbox 447 3511 576 3580; x_wconf 80' lang='lat' dir='ltr'>gentem</span> <span class='ocrx_word' id='word_1_281' title='bbox 596 3497 639 3558; x_wconf 86' lang='lat' dir='ltr'>ibi</span> <span class='ocrx_word' id='word_1_282' title='bbox 655 3497 797 3580; x_wconf 85' lang='lat' dir='ltr'>Calpiam</span> <span class='ocrx_word' id='word_1_283' title='bbox 813 3495 913 3568; x_wconf 81' lang='lat' dir='ltr'>suillo,</span> <span class='ocrx_word' id='word_1_284' title='bbox 938 3493 1051 3560; x_wconf 80' lang='lat' dir='ltr'>diserto</span> 
     </span>
     <span class='ocr_line' id='line_1_32' title="bbox 48 3585 1051 3681; baseline 0.009 -29"><span class='ocrx_word' id='word_1_285' title='bbox 48 3585 70 3644; x_wconf 76' lang='lat' dir='ltr'>id</span> <span class='ocrx_word' id='word_1_286' title='bbox 86 3596 214 3658; x_wconf 84' lang='lat' dir='ltr'>adfirmat</span> <span class='ocrx_word' id='word_1_287' title='bbox 235 3599 427 3679; x_wconf 86' lang='lat' dir='ltr'>epitomator</span> <span class='ocrx_word' id='word_1_288' title='bbox 447 3597 609 3662; x_wconf 72' lang='lat' dir='ltr'>Strabonis</span> <span class='ocrx_word' id='word_1_289' title='bbox 634 3598 689 3662; x_wconf 91' lang='lat' dir='ltr'>lib.</span> <span class='ocrx_word' id='word_1_290' title='bbox 712 3619 767 3664; x_wconf 86' lang='grc' dir='ltr'><strong>ιι.</strong></span> <span class='ocrx_word' id='word_1_291' title='bbox 792 3620 824 3681; x_wconf 86' lang='lat' dir='ltr'>p.</span> <span class='ocrx_word' id='word_1_292' title='bbox 854 3609 933 3678; x_wconf 71' lang='lat'>148.</span> <span class='ocrx_word' id='word_1_293' title='bbox 953 3596 1051 3661; x_wconf 84' lang='lat' dir='ltr'>lludl.</span> 
     </span>
     <span class='ocr_line' id='line_1_33' title="bbox 47 3692 1052 3784; baseline 0.006 -28"><span class='ocrx_word' id='word_1_294' title='bbox 47 3692 137 3774; x_wconf 78' lang='lat' dir='ltr'>quippe</span> <span class='ocrx_word' id='word_1_295' title='bbox 152 3701 203 3778; x_wconf 88' lang='lat' dir='ltr'>qui</span> <span class='ocrx_word' id='word_1_296' title='bbox 217 3700 294 3761; x_wconf 81' lang='lat' dir='ltr'>duas</span> <span class='ocrx_word' id='word_1_297' title='bbox 309 3699 380 3760; x_wconf 85' lang='lat' dir='ltr'>lncit</span> <span class='ocrx_word' id='word_1_298' title='bbox 397 3697 522 3781; x_wconf 82' lang='lat' dir='ltr'>Caspias</span> <span class='ocrx_word' id='word_1_299' title='bbox 537 3712 659 3784; x_wconf 78' lang='lat' dir='ltr'>gentes,</span> <span class='ocrx_word' id='word_1_300' title='bbox 681 3719 816 3782; x_wconf 83' lang='lat' dir='ltr'>quarum</span> <span class='ocrx_word' id='word_1_301' title='bbox 834 3699 911 3764; x_wconf 85' lang='lat' dir='ltr'>haec</span> <span class='ocrx_word' id='word_1_302' title='bbox 928 3699 1052 3762; x_wconf 81' lang='lat' dir='ltr'>Parthia</span> 
     </span>
     <span class='ocr_line' id='line_1_34' title="bbox 47 3790 1053 3883; baseline 0.018 -39"><span class='ocrx_word' id='word_1_303' title='bbox 47 3790 127 3857; x_wconf 81' lang='lat' dir='ltr'>vicina</span> <span class='ocrx_word' id='word_1_304' title='bbox 147 3801 182 3859; x_wconf 86' lang='lat' dir='ltr'>ad</span> <span class='ocrx_word' id='word_1_305' title='bbox 211 3799 337 3883; x_wconf 78' lang='lat' dir='ltr'>Caspias</span> <span class='ocrx_word' id='word_1_306' title='bbox 363 3815 478 3883; x_wconf 79' lang='lat' dir='ltr'>portas.</span> <span class='ocrx_word' id='word_1_307' title='bbox 538 3802 623 3864; x_wconf 77' lang='lat' dir='ltr'>Situs</span> <span class='ocrx_word' id='word_1_308' title='bbox 644 3821 770 3874; x_wconf 85' lang='lat' dir='ltr'>earum,</span> <span class='ocrx_word' id='word_1_309' title='bbox 803 3805 853 3864; x_wconf 87' lang='lat' dir='ltr'>uti</span> <span class='ocrx_word' id='word_1_310' title='bbox 875 3805 939 3864; x_wconf 84' lang='lat' dir='ltr'>iant</span> <span class='ocrx_word' id='word_1_311' title='bbox 963 3798 1053 3882; x_wconf 72' lang='lat' dir='ltr'>lupia</span> 
     </span>
     <span class='ocr_line' id='line_1_35' title="bbox 47 3885 1052 3986; baseline 0.014 -39"><span class='ocrx_word' id='word_1_312' title='bbox 47 3885 170 3960; x_wconf 83' lang='lat' dir='ltr'>indicavit</span> <span class='ocrx_word' id='word_1_313' title='bbox 187 3901 380 3972; x_wconf 74' lang='lat' dir='ltr'>Gronovius,</span> <span class='ocrx_word' id='word_1_314' title='bbox 407 3903 529 3983; x_wconf 83' lang='lat' dir='ltr'>optimo</span> <span class='ocrx_word' id='word_1_315' title='bbox 551 3902 738 3986; x_wconf 84' lang='lat' dir='ltr'>intelligitur</span> <span class='ocrx_word' id='word_1_316' title='bbox 761 3921 800 3965; x_wconf 82' lang='lat' dir='ltr'>ox</span> <span class='ocrx_word' id='word_1_317' title='bbox 817 3902 985 3966; x_wconf 79' lang='lat' dir='ltr'>Alexandri</span> <span class='ocrx_word' id='word_1_318' title='bbox 1000 3921 1052 3962; x_wconf 80' lang='lat' dir='ltr'>ex·</span> 
     </span>
     <span class='ocr_line' id='line_1_36' title="bbox 48 3995 1050 4084; baseline 0.016 -35"><span class='ocrx_word' id='word_1_319' title='bbox 48 3995 192 4071; x_wconf 77' lang='lat' dir='ltr'>politione,</span> <span class='ocrx_word' id='word_1_320' title='bbox 215 4005 367 4084; x_wconf 87' lang='lat' dir='ltr'>quicum</span> <span class='ocrx_word' id='word_1_321' title='bbox 385 4005 517 4064; x_wconf 82' lang='lat' dir='ltr'>Darium</span> <span class='ocrx_word' id='word_1_322' title='bbox 535 4001 780 4084; x_wconf 69' lang='lat' dir='ltr'>persequerdtur,</span> <span class='ocrx_word' id='word_1_323' title='bbox 803 4005 976 4066; x_wconf 82' lang='lat' dir='ltr'>undecimo</span> <span class='ocrx_word' id='word_1_324' title='bbox 998 4003 1050 4065; x_wconf 81' lang='lat' dir='ltr'>dio</span> 
     </span>
     <span class='ocr_line' id='line_1_37' title="bbox 47 4089 1051 4194; baseline 0.012 -38"><span class='ocrx_word' id='word_1_325' title='bbox 47 4089 74 4150; x_wconf 70' lang='lat' dir='ltr'>lb</span> <span class='ocrx_word' id='word_1_326' title='bbox 87 4096 238 4168; x_wconf 68' lang='lat' dir='ltr'>Ecbatanis</span> <span class='ocrx_word' id='word_1_327' title='bbox 253 4106 287 4166; x_wconf 91' lang='lat' dir='ltr'>in</span> <span class='ocrx_word' id='word_1_328' title='bbox 306 4105 414 4168; x_wconf 79' lang='lat' dir='ltr'>Media</span> <span class='ocrx_word' id='word_1_329' title='bbox 432 4105 581 4188; x_wconf 78' lang='lat' dir='ltr'>pervenit</span> <span class='ocrx_word' id='word_1_330' title='bbox 596 4105 721 4194; x_wconf 76' lang='lat' dir='ltr'>Rhagao</span> <span class='ocrx_word' id='word_1_331' title='bbox 735 4106 831 4170; x_wconf 68' lang='lat' dir='ltr'>unius</span> <span class='ocrx_word' id='word_1_332' title='bbox 851 4105 915 4170; x_wconf 86' lang='lat' dir='ltr'>diei</span> <span class='ocrx_word' id='word_1_333' title='bbox 938 4105 1051 4170; x_wconf 77' lang='lat' dir='ltr'>itinero</span> 
     </span>
    </p>
   </div>
   <div class='ocr_carea' id='block_1_3' title="bbox 0 0 1430 4946">
    <p class='ocr_par' dir='ltr' id='par_1_3' title="bbox 0 0 1430 4946">
     <span class='ocr_line' id='line_1_38' title="bbox 0 0 1430 4946; baseline 0 0"><span class='ocrx_word' id='word_1_334' title='bbox 0 0 1430 4946; x_wconf 95' lang='lat' dir='ltr'> </span> 
     </span>
    </p>
   </div>
  </div>
 </body>
</html>
