2756 4964
311 373 372 450 ²64
576 369 739 447 norun
779 371 1081 434 nxaaerrctn

381 535 588 638 Arsinna)
633 547 672 608 ln
689 545 798 610 Plinio
814 557 847 624 5,
869 564 898 610 ι.
916 545 937 610 Ε
957 565 988 612 2.
1010 537 1223 640 Arserunt-ia.
1239 545 1345 612 Ptole·

305 665 398 710 maen
416 658 450 726 4,
470 663 502 711 2.
530 649 694 714 Antonino
709 669 741 730 p.
761 659 817 728 ¹4·
845 643 963 734 Gadgr.
976 650 1124 714 Ravenn.
1144 663 1177 730 5.
1193 661 1229 728 3.
1255 663 1288 729 5.
1305 661 1343 732 4.

304 739 483 842 Arsennaria.
535 751 621 813 Hinc
643 747 807 832 posteriori
829 747 949 814 soeculo
971 751 1108 818 ductum
1128 749 1345 843 Arfinnorito·

304 871 382 922 nus,
408 871 448 913 ex
468 869 531 933 quo
548 852 679 913 variatio
696 851 834 936 adparet.
886 853 975 915 inter
989 854 1136 916 Deorum
1158 867 1288 937 portum
1312 867 1347 914 et

305 953 480 1018 Corinnam
502 954 598 1035 ponit
617 953 820 1016 Ptolemaeus
839 953 1000 1035 admara.
1032 975 1050 1016 a
1071 974 1136 1036 quo
1154 968 1262 1020 tamen
1281 954 1348 1018 Pli-

132 1020 144 1041 ⁰
182 1108 193 1116 .
305 1057 381 1117 niue
404 1068 554 1117 removet
581 1068 613 1132 3.
644 1053 690 1114 M.
715 1054 752 1116 Ρ.
804 1055 895 1121 luter
923 1056 1118 1118 Cartennarn
1148 1069 1183 1120 et
1211 1070 1346 1139 portum

304 1175 459 1240 magnum
475 1158 625 1240 producit
639 1151 756 1240 Geogr.
772 1155 919 1218 Ravenn.
938 1177 983 1219 cc.
998 1155 1034 1220 ll.
1070 1157 1236 1221 Coloniam
1248 1170 1348 1220 vocat

304 1257 522 1326 Ptolemaeus.
549 1252 626 1340 (cui
648 1254 723 1318 iulio
745 1257 891 1343 adiungit
913 1259 1116 1320 Antoninum
1139 1259 1294 1323 Cdlariua
1308 1269 1348 1340 4.

252 1424 260 1446 ⁵
304 1356 441 1442 3219.)
473 1359 596 1422 Pttnttn
620 1357 830 1432 Latinorum,
864 1359 969 1432 unde.
997 1359 1053 1441 qui
1078 1361 1188 1423 coloni
1212 1357 1350 1432 inerint.

305 1459 492 1524 declaratur.
543 1460 684 1544 Quidum
705 1471 819 1541 putant
839 1459 872 1522 lt.
893 1459 954 1523 elie
975 1463 1086 1532 Arnen,
1111 1461 1234 1544 dequo
1250 1459 1353 1525 Orta-

303 1561 366 1627 liua
381 1562 414 1625 h.
432 1561 468 1626 r.
497 1575 531 1624 et
550 1563 591 1624 lic
605 1561 758 1623 simlerus
779 1562 818 1622 ad
835 1562 990 1630 Antonin.
1004 1583 1031 1626 c.
1048 1563 1070 1626 Ι.
1097 1563 1282 1626 llartlttiuua
1305 1565 1353 1626 ad

303 1663 389 1729 Plio.
404 1683 431 1727 c.
445 1664 467 1728 1.
487 1661 572 1728 forta
588 1653 836 1752 Marsolquibir‚
865 1663 906 1724 de
924 1663 1048 1744 quoad
1068 1683 1098 1734 ι,
1121 1676 1155 1742 5.
1175 1671 1210 1742 5.
1244 1663 1353 1730 Sitaw

303 1766 346 1832 T.
364 1785 444 1852 101²·
462 1779 521 1848 37.
542 1767 661 1835 Aaou.
686 1781 825 1848 quocum
841 1762 1000 1828 consentit
1012 1763 1124 1846 Belley
1145 1787 1177 1850 p.
1194 1777 1257 1846 93.
1276 1767 1354 1832 a.l.

294 1943 306 2002 '-
380 1967 537 2068 putza)
570 1967 920 2032 nenomueatenn.
944 1967 1078 2046 uttan
1099 1963 1218 2034 ute.
1235 1965 1359 2064 putea

303 2071 487 2143 xenonum
518 2071 751 2159 peragrinomnt
774 2067 947 2150 oppidum:
979 2087 1096 2152 nempe
1114 2070 1193 2131 illud
1210 2069 1357 2148 Mauro·

302 2195 395 2247 rum,
419 2175 483 2236 hoc
500 2173 705 2237 Graecorum.
742 2171 882 2234 Ptolem.
897 2180 932 2250 4,
951 2187 985 2235 n.
1004 2172 1093 2233 addit
1113 2171 1251 2244 colonia,
1278 2173 1360 2237 An·

302 2280 409 2341 tonitr.
434 2293 468 2358 p.
497 2289 552 2356 15.
573 2272 788 2350 municipum.
840 2271 939 2334 Multi
959 2285 1073 2356 putant
1093 2271 1154 2335 ella
1175 2273 1210 2337 lt.
1230 2271 1361 2349 Orare,-

302 2379 489 2443 Harduinua
510 2376 550 2438 ad
572 2375 658 2462 l’lin.
675 2392 702 2436 c.
720 2373 743 2435 l.
767 2363 912 2465 Aresgol‚
946 2374 1000 2436 vel
1022 2375 1057 2435 in
1076 2375 1209 2448 ricinia;
1242 2375 1362 2440 suaw

301 2482 343 2543 T.
363 2499 392 2544 ι,
411 2499 443 2562 p.
463 2477 521 2557 36.
547 2477 664 2546 Oeno.
689 2475 847 2556 quianon
869 2475 1016 2557 procula
1035 2489 1131 2557 portu
1145 2495 1275 2561 magno.
1286 2499 1362 2560 po·

300 2595 407 2645 uatur.
441 2577 654 2663 scriptoribus
670 2575 854 2639 Christiania
869 2574 935 2638 iere
952 2573 1029 2640 solet
1041 2577 1190 2658 adpellari
1207 2575 1363 2672 puilia.

304 2679 510 2778 ipuidt'um
535 2680 622 2770 unda
644 2677 844 2748 Tiberinum,
870 2675 1055 2762 Quidieni'ta
1071 2676 1248 2760 episcopua,
1277 2679 1367 2744 dici

287 2795 434 2866 'putatur
447 2784 481 2844 in
496 2783 590 2847 notit.
609 2777 673 2843 Ait.
689 2799 722 2862 p.
732 2789 791 2857 58.
824 2777 1030 2842 emtutnarc
1045 2779 1084 2840 ad
1099 2780 1193 2840 nodt.
1207 2799 1240 2861 p.
1260 2783 1367 2864 ¹⁶5·

302 2885 446 2950 Holilen.
462 2885 501 2946 ad
524 2883 632 2949 Caroli
649 2881 721 2944 a'S.
741 2879 841 2944 Paulo
859 2879 977 2966 Geogr.
998 2879 1125 2944 Sacram
1144 2899 1177 2964 p.
1195 2893 1284 2962 115.
1319 2899 1371 2948 et

301 2987 428 3052 weffet
447 2987 487 3050 ad
509 2984 667 3050 Antonio.
692 3001 726 3066 p.
744 2992 802 3063 14.

376 3186 588 3270 Laturus)
624 3187 758 3271 Ignottra
772 3183 866 3267 plane
880 3183 966 3255 aliie,
990 3195 1023 3247 et
1038 3183 1112 3248 ideo
1129 3182 1169 3246 ab
1185 3183 1374 3269 interpre-

300 3293 388 3357 tibua
403 3287 455 3352 hic
476 3310 535 3373 pro
556 3288 709 3351 derelicto
725 3285 869 3349 habetur.
910 3284 1114 3350 Crediderim
1127 3297 1248 3356 tamen,
1267 3307 1374 3354 con-

301 3393 471 3459 ferendum
492 3390 553 3456 elle
570 3407 645 3452 oum
664 3388 843 3451 Ptolemaei
865 3377 921 3473 [4.
941 3381 996 3474 tn]
1019 3386 1192 3467 lngnuto.
1215 3391 1374 3470 oppido

300 3497 398 3560 huiua
413 3503 528 3556 tractua
542 3494 630 3552 iuxta
645 3489 829 3554 Cartinnam
845 3490 890 3552 cia
904 3487 963 3560 lol.
987 3507 1006 3550 a
1020 3505 1085 3571 quo
1104 3487 1225 3572 oppido
1246 3489 1373 3570 finus¹

301 3612 341 3661 ut
358 3597 451 3665 [olet.
477 3593 605 3656 videtur
621 3589 715 3652 suum
736 3589 857 3652 traxille
873 3607 1010 3660 nomen,
1040 3591 1075 3650 in
1096 3608 1163 3670 quo
1179 3591 1373 3662 incertum

300 3697 358 3770 eli,
384 3691 495 3758 utrltm
510 3693 705 3764 Ptolemaei,
731 3711 771 3754 an
788 3690 891 3752 Meloe
908 3692 1033 3754 codicea
1046 3691 1245 3772 aliquantum
1268 3712 1372 3775 pec.

301 3799 455 3864 caverint.
483 3811 703 3858 rantzourve.
754 3791 994 3878 ignorationem
1010 3793 1080 3854 eiua
1095 3792 1221 3853 notarit
1238 3795 1372 3864 etiam

301 3900 501 3969 ciacconiua.
542 3894 681 3958 Orteliut
696 3906 731 3958 et
744 3893 769 3956 F
770 3895 905 3957 arrariua
925 3893 959 3954 h.
976 3913 1008 3954 r.
1031 3905 1157 3974 putant,
1181 3890 1243 3956 ella
1257 3891 1372 3970 ione

301 4003 482 4085 Ptolemaei
497 4005 530 4080 4.
550 4009 583 4076 5.
596 3991 707 4088 smum
721 3993 937 4064 Numidicum,
958 3995 1049 4074 quod
1063 4006 1171 4056 tameo
1192 3995 1371 4070 locoruu

301 4103 396 4172 [orlaa
416 4099 553 4164 indicata
567 4115 637 4164 oon
652 4095 782 4182 patitur.
830 4089 934 4162 Poffit
949 4089 1049 4160 etiam
1068 4093 1176 4161 rideri
1190 4097 1371 4174 Daoruu
