2764 4954
144 412 197 471 tu
224 407 365 468 route.
395 401 506 460 Met„
548 397 628 456 Μ.
671 397 779 456 QXI.
820 397 898 470 Μ.
981 411 1045 474 553

19 587 140 672 specim
174 580 303 647 aMela
334 577 530 648 indicatum.
562 589 647 638 recte
677 578 810 640 miratur
843 575 1044 650 ciacconius,

21 691 97 772 quod
126 683 281 770 superiori
314 681 417 762 capite
451 681 594 742 Azotum
627 679 661 738 iu
695 679 806 742 Arabia
840 679 1046 760 praerniserit,

21 809 108 874 quum
130 789 228 852 ceteri
254 795 397 846 auctores
422 781 558 862 primam
579 779 618 841 ab
643 779 787 864 Aegypto
809 781 922 844 urbem
947 783 1048 852 ollen.

22 897 86 954 dant
99 891 228 960 Gazam,
248 901 281 950 et
295 882 372 946 hinc
387 879 550 944 subiiciunt
565 881 747 944 Ascalonem
764 897 796 946 et
811 885 960 950 Azotum.
994 885 1048 954 cf.

24 995 122 1056 Strabo
144 992 199 1056 16.
224 1009 257 1072 p.
278 1000 364 1064 522.
384 980 405 1046 l.
426 995 511 1064 759.
544 984 629 1048 Pliu.
653 996 687 1062 5.
715 995 771 1066 14.
794 985 814 1049 s.
838 1001 893 1068 13.
928 988 1047 1074 Geogr.

25 1097 157 1158 llareuu.
181 1111 214 1162 a,
233 1099 288 1168 ι4.
309 1099 343 1150 et
359 1097 392 1163 6.
410 1099 444 1162 7·
482 1085 625 1170 adquae
647 1090 774 1149 monuit
788 1089 985 1162 Perizonius,
1011 1093 1046 1154 iu

27 1199 124 1258 ordine
145 1194 319 1279 regionum
343 1201 376 1249 et
395 1187 526 1250 urbium
546 1209 658 1274 parum
682 1189 737 1250 fibi
759 1191 878 1254 Melam
900 1193 1050 1266 couslare,

29 1299 112 1380 (quod
130 1295 266 1378 quidem
284 1287 465 1373 simpliciter
478 1293 587 1377 negari
601 1311 668 1354 uon
687 1292 800 1374 potell)
826 1293 922 1376 idque
937 1295 1052 1378 probat

29 1401 153 1460 maxime
174 1415 217 1457 ex
235 1389 365 1455 recensu
381 1391 403 1454 6
421 1391 549 1454 urbium
565 1397 721 1478 Aegypti.
747 1413 842 1476 quae,
867 1395 887 1454 sr
909 1397 1052 1460 numeria

29 1501 192 1569 notaveris.
226 1495 290 1556 hoc
310 1493 420 1556 ordine
438 1493 580 1556 sistantur
601 1516 629 1557 ι.
656 1509 687 1575 5.
706 1507 738 1573 5.
762 1513 795 1560 ιι.
812 1497 846 1562 6.
863 1505 899 1578 4.
930 1498 986 1576 (At
1006 1497 1054 1560 ibi

32 1621 61 1661 ex
75 1613 136 1663 tota
146 1601 297 1682 Aegypto
313 1593 498 1678 infiguiorea
513 1609 636 1658 tantum
651 1599 684 1656 in
701 1617 801 1659 unum
815 1597 924 1660 locum
940 1599 1053 1686 cogit.)

32 1703 104 1762 Turn
131 1699 252 1764 mutari
275 1696 405 1777 quidem
430 1697 484 1758 ille
512 1697 601 1758 addit
626 1698 774 1760 locorum
798 1699 966 1774 dominor,
1001 1701 1055 1764 vel

32 1803 155 1864 alterutri
179 1797 451 1863 conterminarum
466 1801 638 1884 regionum
659 1799 807 1874 adscribit
838 1821 953 1862 verum
975 1803 1056 1864 adeo

35 1903 64 1963 ab
78 1903 184 1966 Arabia
203 1911 360 1962 remotam
382 1897 441 1960 esse
457 1899 595 1961 Azotum
612 1900 735 1972 urbem,
760 1915 807 1972 ut,
833 1903 906 1984 quia
927 1901 974 1962 ibi
990 1915 1058 1964 erat

36 2007 225 2068 Arabicarum
247 2001 401 2062 mercium
428 2001 627 2082 emporium,
657 2001 753 2086 ipsrua
772 2001 902 2066 Arabiae
926 2016 1060 2086 portum

37 2103 204 2168 erislimall'e
227 2101 354 2164 delusus
376 2101 459 2162 Mela
481 2103 637 2166 videatur.
671 2101 722 2167 Cs.
741 2117 773 2166 et
788 2101 876 2186 supra
891 2105 929 2165 ad
951 2125 979 2176 ι,
1001 2122 1060 2168 ιο.

39 2207 126 2270 Vatiae
157 2207 239 2268 haec
272 2203 347 2266 urba
380 2215 508 2286 experta
534 2203 577 2266 esi
600 2201 749 2267 fortunae
773 2199 1004 2268 vicissitudines
1026 2218 1060 2268 eo

42 2308 236 2370 dominorum
260 2297 474 2367 tucceffiouu.
526 2303 654 2390 Nempe
676 2307 779 2368 diruta
801 2306 844 2370 eli
867 2305 906 2368 ab
930 2308 1064 2369 Alexan·

3 2375 6 2477 l
43 2409 86 2472 dtu
101 2410 144 2472 Μ.
167 2407 313 2488 (Arrian.
337 2405 376 2467 rle
397 2405 511 2488 expeti.
528 2421 561 2478 Ω.
581 2409 638 2472 26.
674 2407 853 2492 Curtiualp¹
872 2409 995 2488 6.-)
1021 2407 1062 2470 ab
1122 2424 1152 2470 f

45 2511 205 2582 Antiocho,
234 2508 368 2588 (Polyb.
392 2503 446 2576 16,
468 2510 549 2590 4ο.)
580 2527 597 2570 a
622 2509 823 2572 blaccabaeia.
855 2509 1064 2588 (1.Maccab.

50 2629 93 2684 ιι,
108 2615 163 2677 or.
194 2621 327 2690 13.l13.
353 2606 477 2690 loseph.
494 2623 548 2688 13.
569 2623 624 2689 13,
641 2615 689 2690 3.)
726 2611 822 2694 Quod
842 2611 938 2696 igitur
951 2612 1066 2675 Strabo

50 2715 101 2776 ul.
123 2715 287 2778 adfirmat.
314 2710 389 2772 iude
411 2709 450 2772 ab
467 2711 644 2774 Alexandro
660 2711 847 2774 devastatam
867 2711 1004 2783 iacuisse.
1031 2715 1067 2776 iu

52 2813 164 2876 dubium
188 2825 334 2876 vocatur.
374 2813 415 2872 At
435 2805 549 2900 ἔρημος
568 2814 663 2875 etiam
688 2827 819 2875 vocatur
834 2813 938 2875 Actor.
957 2825 989 2891 3.
1007 2815 1067 2877 26.

52 2917 91 2994 qui
110 2919 196 2978 locua
217 2914 314 2975 variis
336 2912 604 2994 disputationibus
625 2917 778 3000 agitatur,
802 2933 878 2976 cum
894 2916 947 2975 alii
961 2913 1071 2995 praeli·

54 3015 99 3078 dila
112 3017 254 3080 orbatam
270 3012 358 3074 fuisse
376 3014 545 3096 explicent,
567 3016 620 3076 alii
635 3017 673 3077 ad
691 3017 865 3077 incolarum
880 3017 1072 3098 paucitatem

16 3171 17 3177 ,
56 3115 185 3190 reserant,
210 3117 344 3198 quidam
359 3115 399 3176 de
413 3116 463 3178 via
479 3115 669 3202 intelligant.
705 3118 776 3180 vid.
794 3117 955 3180 llelaudue
976 3139 1008 3200 p.
1025 3137 1072 3180 ru.

60 3229 124 3296 583.
148 3217 329 3285 Casaubon.
352 3216 390 3277 atl
412 3215 603 3282 Strabone.
624 3219 645 3281 l.
672 3233 704 3279 et
723 3232 844 3300 praetet
864 3219 1074 3302 Geographoa

59 3319 105 3380 tiri
117 3323 200 3384 docti
217 3321 255 3382 ad
272 3339 298 3380 c.
315 3318 336 3378 l.
372 3315 456 3380 Cum
472 3333 576 3381 tamen
595 3319 679 3381 lllela
697 3322 850 3401 ingentem
867 3333 900 3382 et
918 3322 1075 3382 mrtnitam

62 3422 192 3502 adpellet,
230 3419 290 3482 nisi
321 3421 495 3500 antiquiora
522 3433 665 3504 tempora
695 3441 770 3482 eum
795 3419 957 3504 respexille
987 3421 1077 3508 velia,

64 3539 114 3584 uon
134 3539 250 3586 temere
268 3533 380 3603 putant
396 3521 506 3590 multi,
537 3523 570 3582 in
594 3525 711 3585 veteris
728 3521 844 3584 excisae
862 3522 946 3584 illiue
968 3522 1078 3584 locum

66 3639 163 3686 notam
183 3644 296 3708 parum
318 3621 455 3682 ‹liefitam
479 3621 660 3694 successisse.
694 3637 787 3706 atque
811 3623 887 3684 hinc
905 3624 1081 3706 discrepan-

68 3721 310 3788 tiam-auctorum
331 3723 371 3784 de
391 3723 449 3783 srtu
470 3739 582 3805 portua
602 3725 738 3810 intelligi
760 3722 857 3808 polle.
908 3723 1080 3806 Duplicem

70 3809 177 3900 quidem
198 3845 268 3889 nou
284 3823 412 3886 obscure
433 3825 573 3887 indicant
592 3825 811 3908 Hieronymus
827 3825 867 3886 tle
886 3825 964 3886 locis
983 3823 1082 3898 saerie.

72 3939 159 3987 tuctur
173 3947 353 4007 anonyruua
373 3929 406 3986 iu
424 3923 570 3988 Hudsoni
589 3927 704 4014 Gcogr.
722 3929 840 3990 minor.
857 3927 898 3988 T.
914 3935 948 4004 lp
971 3945 1003 4008 p.
1022 3937 1081 4008 58.

74 4019 129 4087 vid.
144 4027 321 4112 Wesseling.
344 4027 383 4088 acl
400 4029 558 4089 Antonini
578 4033 685 4094 itiner.
705 4050 736 4112 p.
759 4039 840 4106 ¹5¹·
878 4024 1084 4090 casaubonus

75 4131 160 4191 lemur
183 4133 221 4194 ad
239 4130 385 4195 Strabon.
404 4149 432 4193 c.
455 4129 477 4193 l.
511 4129 549 4192 ad
568 4131 764 4196 Gazaeotum
781 4141 911 4214 portum
929 4127 964 4190 id
979 4123 1085 4204 rescat,

112 4246 198 4328 Pomp.
215 4251 307 4308 Mala.
331 4249 446 4324 Exegct.
463 4245 502 4307 L·
518 4247 542 4304 s·
806 4230 831 4294 z
