2764 4958
147 405 346 474 arrone.
374 405 482 464 uer.
525 405 607 464 ιι.
651 405 785 466 evnr.
825 405 903 480 55.
976 419 1038 488 225

56 575 138 640 telum
153 581 242 666 magia
253 579 314 642 hoc
328 581 446 644 valere.
483 579 526 642 At
542 577 628 642 Mela
641 578 695 642 hic
711 593 745 642 et
761 579 846 650 rlibi,
869 581 892 642 fi
906 581 1037 664 quidem

56 675 125 740 lolem
149 681 336 744 Herodotum
364 679 519 756 reddidit,
552 680 692 742 libemm
723 683 931 766 interpretem
958 685 1035 768 egit.

55 779 198 844 Denriente
211 781 271 846 iole
291 782 382 846 facile
399 781 588 867 intelligitur
604 801 643 844 ex
664 798 753 845 metu
776 781 930 856 fervorie.
956 783 1038 847 ‹liiii-

54 881 115 944 oliu
126 882 160 945 de
173 885 347 956 occidente,
373 883 430 946 nifi
447 903 487 945 ex
503 901 649 975 meraco
669 885 822 966 explicet.
846 905 910 966 quo
931 887 1039 948 inimi·

55 997 89 1042 tor
106 981 235 1046 abeuntes
259 987 335 1047 dirie
362 981 591 1066 prosequimur.
647 985 759 1048 Strabo
786 987 883 1048 etiam
911 999 1037 1050 tantum

54 1075 191 1167 ὶνίνχοντα
206 1098 361 1148 memorat
374 1105 448 1147 cum
465 1083 610 1156 Nimiae,
632 1098 666 1146 et
678 1087 841 1148 Diodorus
859 1081 1035 1166 ἀνατολάς.

22 1227 23 1264 p
54 1181 129 1245 iicin
151 1191 329 1248 contrariam
361 1201 485 1270 partem
513 1187 690 1269 Pompeius
718 1189 804 1269 apud
830 1189 1037 1252 Plutarchum

22 1299 23 1346 t
53 1282 136 1349 loto.
155 1307 185 1370 p.
202 1289 284 1368 767.
306 1303 338 1350 et
356 1289 426 1350 Vol.
444 1306 480 1368 9.
503 1307 536 1370 p.
555 1303 638 1351 cro.
662 1285 789 1369 (Lipl.)
814 1283 958 1364 πλείονες
979 1283 1038 1354 τὸν

52 1375 111 1467 illu
134 1384 348 1453 ἀνατέλλοντα
379 1385 630 1476 προσκυνοῦσιν.
672 1411 690 1475 η
678 1383 868 1478 δυόμενον
893 1409 966 1452 cum
987 1392 1040 1454 ad·

52 1483 137 1550 lnione
162 1491 198 1550 ad
225 1491 367 1553 hominia
398 1491 588 1552 emicantem
619 1491 808 1570 potentium.
859 1491 907 1554 td
933 1491 1040 1576 ipsum

22 1575 110 1648 lunc
130 1609 246 1652 morem
269 1591 499 1653 inlustrandum
522 1587 720 1672 adscripscrat
741 1591 918 1663 Geielerue‚
952 1592 1042 1676 iupra

22 1684 160 1760 ludatur
179 1693 262 1774 quod
276 1705 379 1753 narrat
393 1692 507 1762 Battel
533 1693 574 1754 T.
593 1705 627 1768 5.
643 1712 675 1774 p.
694 1705 753 1772 55.
777 1693 809 1754 in
827 1694 909 1780 Allg.
926 1693 1039 1758 Gelch.

52 1785 85 1847 itt
103 1789 220 1864 lleiien,
253 1795 398 1878 Angolae
422 1789 557 1855 feminae
590 1792 707 1854 orienti
737 1794 847 1865 lunae,
881 1809 1043 1876 tamquam

51 1891 161 1954 menllmi
175 1892 280 1956 curius
296 1895 425 1966 auctori,
442 1909 531 1956 nater
544 1895 725 1974 advertam
747 1895 917 1964 etliiimer,
939 1895 1043 1958 Nach-

50 1989 137 2055 titlten
157 2015 221 2059 von
246 1997 304 2058 der
324 1995 422 2057 Kiille
446 1995 571 2058 Guinea
600 2013 633 2076 p.
655 2005 714 2074 84.
744 1995 863 2057 incolae
884 1997 1043 2060 orientem

52 2086 117 2153 ilem
129 2111 305 2161 reverenter
325 2098 489 2179 excipere;
514 2097 592 2157 mira
610 2095 671 2157 hoc
687 2097 875 2160 diverlitate.
916 2097 958 2160 At
976 2099 1044 2162 Leo

50 2189 179 2260 illiricae
197 2197 294 2262 rl'elcr.
316 2219 349 2281 p.
372 2213 455 2280 247.
480 2196 579 2260 lolem
599 2214 653 2260 eoe
676 2199 832 2260 orientem
851 2195 975 2266 summe
993 2219 1048 2264 re·

51 2297 121 2356 tueri
133 2297 234 2363 refert
1010 2285 1013 2292 ⁵

22 2495 23 2528 l
100 2501 283 2585 rromina)
329 2501 596 2564 Herodotuec.l.
624 2496 776 2565 ἁλέσι
735 2495 903 2590 μενσφί’
892 2522 958 2568 εστι
974 2493 1050 2566 Ar·

22 2567 185 2677 liniret*
147 2625 284 2692 νυννμα,
307 2597 349 2666 tvl
367 2599 429 2666 δὲ
415 2597 543 2684 sedorp
558 2593 685 2667 αὐτέων
701 2592 844 2666 οὐδέν’
809 2625 927 2668 urerer.
960 2604 1051 2665 Idem

22 2687 23 2744 l
52 2695 366 2768 mletmntnuect.
391 2705 479 2766 etad
500 2703 899 2787 Odyffi3,55e.p.3.7.
927 2705 1051 2766 Plinius

52 2817 118 2880 teque
131 2811 291 2868 nominum
311 2805 443 2866 ultor-ram
462 2806 544 2866 inter
565 2825 616 2865 eos
636 2803 885 2899 adpellattoest.
922 2805 1051 2868 Solinus

52 2901 106 2962 nti
119 2911 278 2986 proprium
307 2903 513 2974 vocobulum,
545 2905 624 2967 nulli
638 2897 778 2996 speciale
806 2927 926 2967 nomeu.
969 2905 1052 2967 Mar·

53 2999 125 3066 tianae
139 3009 222 3070 nullo
239 2997 369 3097 intense
389 3008 516 3066 tremine
531 3005 667 3078 habenta
692 3027 770 3088 quae
790 3008 827 3067 ari
844 3005 1051 3068 variationem

53 3100 157 3183 adposui.
209 3114 358 3194 ignorate
382 3109 511 3188 qnirlem
535 3128 583 3170 rea
604 3108 763 3178 Homero,
789 3107 928 3188 quial
952 3107 1053 3168 canit:

55 3189 78 3261 li
94 3204 174 3292 μένγ
177 3207 217 3297 o'p
234 3232 285 3281 τις
303 3203 445 3297 πάμπαν
461 3203 626 3296 ἀνώνυμος
641 3203 697 3272 ἔστ
698 3203 914 3294 ’ἀνθρώπων
951 3207 1054 3277 Forte,

53 3310 113 3378 quod
123 3312 263 3373 adfirmat
280 3311 346 3371 Leo
360 3331 393 3390 p
407 3321 489 3386 255
514 3313 567 3390 qui
582 3329 620 3370 ex
631 3323 804 3372 mercatore
819 3309 891 3370 teste
905 3309 1055 3380 numeret,

54 3401 191 3475 illundev.
209 3433 237 3476 c.
261 3413 496 3494 aproceritate,
519 3410 668 3474 obesitate
691 3445 740 3458 -
763 3407 1022 3473 nominatisunt.

22 3617 23 3624 ’
106 3603 344 3704 vescuntur)
324 3611 482 3693 )Haec
503 3625 536 3673 et
558 3611 716 3694 sequentia
737 3611 777 3673 de
798 3611 865 3674 aliie
882 3611 1060 3674 lltlautibus

57 3706 123 3773 telert
143 3717 328 3776 Herodotue
352 3711 408 3773 iic:
442 3707 635 3796 λέγονταιδ
638 3704 759 3776 ὲοῦτε
787 3707 947 3800 ἔμψυχον
968 3702 1060 3776 οὐδὲν

58 3810 197 3878 antean.
251 3813 368 3877 Omisit
388 3813 470 3874 hanc
491 3828 614 3896 partem
640 3833 713 3874 cum
737 3813 895 3874 Martiano
920 3814 1061 3884 Pliniue;

58 3914 165 3977 reddidit
178 3918 326 3981 Solinus:
352 3911 529 4006 adfirmant
549 3935 600 3976 eos
618 3911 770 4007 obstitere
786 3913 909 3990 penitus
932 3911 973 3973 ab
993 3915 1063 3974 oni-

59 4013 162 4080 nalitus
188 4011 355 4110 univefis.
414 4015 465 4075 Ex
490 4034 553 4096 qno
577 4015 719 4096 adparet,
753 4013 842 4075 hunc
867 4031 934 4077 non
959 4033 1063 4080 unum

57 4105 171 4182 Plinium
194 4122 312 4183 ducem
337 4113 575 4199 constanterque
598 4114 740 4179 secutum
764 4111 855 4178 elie.⁴
957 4121 960 4129 ⁴

90 4231 173 4312 Pomp.
189 4235 284 4294 Mela·
304 4234 421 4308 nugae.
437 4231 474 4288 1.
493 4233 517 4289 1.
771 4213 798 4281 P
