2764 4958
177 389 236 448 tn
264 387 403 448 roni.
432 387 542 444 unt.
583 387 665 444 nt
708 387 844 450 evne
887 387 965 460 aa.
1033 397 1096 464 tos

224 563 257 646 ll.
285 571 318 639 8.
369 560 432 624 Au
446 579 469 641 g
482 555 610 642 ilua)
657 560 797 624 Ptolem.
814 569 851 640 4,
878 571 911 640 5.
935 547 1099 645 Αὖγὺλαι,

61 663 114 730 nbi
132 683 219 728 vero
242 662 317 726 cod.
341 658 467 724 Medic.
486 675 623 725 notante
647 662 683 724 A.
705 657 877 724 Gronovio
901 661 942 723 atl
964 683 994 734 ι,
1011 671 1047 741 4,
1063 671 1106 740 4..

58 789 114 853 per
132 791 155 830 t.
193 764 337 848 Augytae
356 779 469 826 tamen
484 759 605 846 legitur
623 759 724 826 etiam
740 759 776 824 in
791 759 902 825 Plinio
919 775 953 842 5,
968 772 1003 842 4.
1020 775 1053 824 et
1066 772 1099 838 8.

58 867 174 932 Solino
199 885 273 952 cap.
299 875 357 944 34.
380 863 402 926 l.
427 879 485 940 31.
537 863 604 926 Sed
626 864 760 946 Augilas
780 861 935 927 Martian.
960 863 1040 947 Cap.
1066 864 1100 926 6.

1 951 2 972 ¹
56 993 87 1056 p.
106 978 194 1045 218.
216 985 303 1052 qnae
320 963 478 1048 scriptura
490 961 602 1026 votior
616 961 761 1038 videtur,
780 986 857 1030 cum
872 983 905 1028 et
920 967 961 1028 stc
978 983 1101 1026 nomen

1 1093 2 1168 ᾗ
57 1067 147 1134 urbia
172 1061 350 1151 (Αὔγιλα)
372 1065 526 1128 efferatur
545 1063 581 1128 in
595 1067 796 1140 Ptolemaeo,
823 1064 913 1130 utin
930 1065 1101 1128 Herodoto

1 1209 2 1234 t
57 1185 198 1254 4172.
218 1184 253 1230 et
274 1177 352 1244 tau.
387 1167 565 1250 Stephano,
588 1165 624 1229 in
645 1157 711 1253 qu'o
729 1165 898 1231 literarum
916 1165 1011 1228 leriee
1028 1185 1102 1251 pro·

59 1275 121 1334 bat.
161 1273 326 1334 Attamen
352 1269 395 1330 ob
420 1265 579 1350 Plinium,
605 1284 638 1330 et
661 1269 752 1353 quod
778 1267 814 1331 in
838 1265 971 1332 vetullie
995 1263 1102 1331 Solini

58 1371 151 1436 libris
168 1370 321 1452 Augustae
342 1369 458 1442 exstet,
492 1372 628 1432 alteram
653 1366 848 1453 scripturam
865 1368 1010 1455 praefert
1032 1371 1103 1432 Sal·

57 1475 133 1538 mal.
155 1471 198 1535 in
215 1467 323 1534 Solin.
338 1493 371 1554 p.
385 1491 429 1534 m.
448 1486 531 1550 292.
569 1471 617 1534 Ab
634 1471 766 1554 Augilis,
785 1475 879 1544 urbe,
901 1472 1005 1534 solum
1026 1490 1103 1555 gen·

57 1575 111 1638 tile
138 1565 327 1658 Δῦγιλὶτης
347 1568 443 1634 novit
464 1573 660 1656 Stephanus.
713 1573 780 1634 Sed
798 1593 862 1636 neo
879 1576 979 1636 altera
998 1573 1103 1634 forma

56 1672 237 1760 analogiae
255 1687 436 1756 repugnat,
459 1689 498 1734 nt
517 1671 676 1758 exemplis
695 1672 851 1738 similibus
867 1671 1021 1760 probavit
1037 1675 1104 1736 Sal·

57 1779 177 1842 maline
197 1795 231 1838 c.
247 1775 271 1836 l.
299 1789 392 1836 etex
412 1793 453 1836 eo
473 1771 646 1838 Berkeliut
668 1775 710 1836 ad
727 1777 883 1861 Stephon.
901 1797 933 1860 p.
956 1776 1035 1854 196.
1063 1773 1106 1836 arl

56 1899 144 1966 quae
157 1876 244 1940 usus
262 1871 405 1938 aliorum
425 1871 563 1940 aocedit.
614 1873 649 1938 si
672 1877 767 1940 snum
782 1887 931 1964 quaerat,
957 1873 1105 1938 Herodo-

58 1997 109 2044 tus
132 1989 173 2060 4,
205 1987 289 2053 ¹82·
318 1976 433 2040 decem
456 1973 587 2038 dierum
608 1973 729 2040 itinere
750 1999 768 2040 a
788 1973 1041 2044 Garamantibus
1062 1975 1106 2036 se·

59 2078 195 2165 iungit;
232 2072 363 2140 Plinius
379 2097 408 2140 c.
431 2079 453 2140 l.
475 2077 576 2140 refert
596 2094 638 2142 12
654 2074 738 2152 diet,
760 2081 890 2142 ethaeo
904 2073 1013 2141 addite
1043 2078 1107 2138 Au·

59 2185 153 2266 gyla:
172 2176 241 2272 ipse
261 2177 363 2242 nudie
373 2170 452 2270 fere
465 2167 580 2271 spatio
597 2179 744 2242 locontur
758 2179 800 2242 ab
817 2181 1002 2260 Aethiopia,
1027 2197 1109 2262 qnae

60 2284 105 2346 ad
129 2281 329 2345 occidentem
353 2281 477 2360 vergit,
514 2292 546 2342 et
575 2303 597 2341 a
622 2283 759 2361 regiona,
788 2303 869 2367 qnae
893 2279 975 2342 dates
1001 2280 1108 2362 Syrtes

60 2385 256 2452 interiacet,
283 2382 357 2460 pari
376 2381 534 2464 utrimque
553 2381 740 2456 interuallo,
767 2403 807 2444 ex
828 2379 948 2467 quibua
969 2375 1109 2444 coniicit

60 2480 267 2550 lietduinus
283 2480 325 2542 ad
339 2477 506 2553 Plinium,
531 2478 578 2543 ibi
596 2503 686 2546 nunc
702 2483 763 2545 else
777 2481 989 2566 Biledulgerid
1006 2481 1108 2542 ‹leser-

1 2603 2 2648 t
61 2605 155 2657 tum,
204 2602 271 2671 qua
303 2579 434 2665 regioni
470 2579 559 2645 inter
589 2599 763 2670 utramque
797 2581 920 2664 Syrtim
955 2580 1108 2647 subiacet.

60 2683 210 2752 Rectius
248 2703 355 2766 nuper
387 2683 603 2747 Hornemann
642 2687 755 2748 locum
786 2681 954 2750 constituit
992 2683 1111 2746 eodem

1 2775 2 2852 l
63 2784 173 2852 hodie
199 2779 339 2848 nomine
361 2783 574 2868 adpellatum,
607 2787 733 2868 Augila,
764 2785 820 2850 cui
839 2787 950 2852 versus
976 2783 1110 2868 septem·

1 2869 2 2942 A
62 2887 218 2954 trionem
243 2882 287 2949 est
311 2883 475 2948 desertum
496 2888 622 2964 Barka,
658 2903 691 2950 et
712 2885 887 2975 descripsit.
938 2881 1112 2952 vincius

64 2987 166 3058 acite
186 2985 279 3050 nach
293 2987 442 3052 Murault
462 3009 496 3073 Ρ.
513 2989 563 3068 46
580 2987 647 3076 sqq.

146 3189 320 3274 manes)
365 3185 452 3255 Plin.
476 3203 511 3269 5,
534 3202 568 3268 8.
597 3181 721 3280 inferos
748 3203 876 3256 tontum
906 3190 1030 3261 colunt,
1062 3183 1113 3250 uti

69 3291 213 3358 Solinus
235 3311 266 3352 c.
283 3307 342 3370 33.
359 3291 381 3354 l.
400 3307 458 3369 31.
482 3308 515 3354 et
530 3291 685 3356 Martian.
701 3295 781 3378 Cap.
798 3295 830 3358 6.
853 3315 885 3377 p.
903 3301 985 3367 218.
1011 3291 1115 3352 Hero-

70 3397 173 3460 dotus
200 3403 237 3474 4,
261 3409 340 3470 172.
364 3394 422 3456 fic:
457 3384 674 3483 μαντεύονται
699 3388 748 3460 ἐπὶ
769 3395 835 3458 τῶν
855 3387 1021 3482 προγόνων
1045 3387 1117 3471 φοι-

1 3575 2 3592 ¹
70 3495 205 3570 τὲοντες
218 3489 267 3556 ‘to'
283 3489 416 3584 σήματα
438 3488 493 3558 καὶ
511 3482 751 3584 κατευξάμενοι
770 3489 1116 3580 ἐπικατακοιμὲωνται.

75 3600 141 3662 sen
159 3597 206 3658 de
221 3593 463 3659 Nasamonibus
479 3597 562 3660 haec
580 3597 691 3670 refert,
717 3613 756 3659 ut
769 3593 879 3681 aliqua
899 3615 939 3657 ex
954 3589 1116 3678 sequenti·

74 3701 138 3764 bus
152 3693 386 3762 Tertullianus
403 3697 444 3760 de
460 3695 569 3760 anima
585 3719 656 3782 cap.
672 3711 730 3775 57.
764 3695 822 3782 qui
841 3713 874 3758 et
890 3693 972 3758 alios
988 3709 1116 3757 veteres

78 3817 234 3865 auctores
253 3797 316 3862 hac
329 3800 371 3861 de
385 3798 479 3862 causa
496 3797 661 3864 excitavit.
701 3799 824 3860 Melam
840 3795 942 3881 igitur
959 3809 1118 3860 notarunt

79 3900 134 3966 hic
151 3895 334 3964 Pintienus
356 3917 388 3962 et
410 3897 627 3972 Ciacoonius,
658 3895 737 3963 alibi
756 3901 928 3963 Salmasius
949 3897 991 3960 ad
1012 3893 1116 3960 Solio.

79 4025 112 4089 Ρ.
133 4025 183 4067 m.
211 4017 298 4079 292.
340 4001 463 4064 Vossius
496 4001 538 4065 de
567 3999 752 4084 Theologia
781 3996 897 4085 gentili
927 4022 956 4070 1,
985 4021 1039 4062 ιι.
1068 4029 1118 4049 -

80 4105 208 4170 Contra
226 4099 367 4176 Vossius,
397 4117 437 4168 ut
461 4095 639 4170 auctoritas
664 4103 773 4168 Melae
797 4098 1006 4175 lullineotur,
1040 4117 1118 4166 con·
