2764 4954
174 417 225 474 IN
251 415 387 474 POMP.
418 418 524 476 MEL.
566 417 601 474 L.
624 419 648 472 1.
691 417 796 474 (ΗΧ.
838 417 864 488 A.
885 437 916 497 9.
1003 433 1067 498 509

49 585 148 666 [817.
171 588 313 654 Macrob.
328 593 361 651 in
377 591 491 654 Somn.
505 606 537 662 a,
556 595 608 670 7.)
630 591 682 653 die
698 593 807 654 medio
823 605 922 664 totus.
940 608 1064 656 remota

48 689 149 758 umbra,
174 691 393 764 inluminatur,
417 691 558 769 (Ptine.
577 705 636 768 75.
654 690 673 756 s.
691 707 750 774 73.
777 693 898 758 Arrian.
915 695 947 756 in
962 695 1064 760 Indic.

48 810 100 872 rap.
116 795 183 868 25.)
209 793 250 852 lic
271 807 307 853 ut
325 794 357 853 in
375 793 484 856 medio
499 791 581 854 sacro
602 807 700 874 puteo
717 792 788 856 lolia
805 793 890 858 orbis
906 796 1061 878 adpareat.

47 891 187 966 (Aristides
206 895 303 956 Tum.
328 910 361 958 a.
381 915 414 976 p.
435 904 520 975 347.
544 893 648 972 lebb.)
701 895 748 956 lta
778 899 914 958 omniuo
944 895 1063 958 lolllitii

46 991 86 1050 die
99 991 203 1056 medio
218 995 339 1056 nullam
354 995 500 1056 umbram
517 995 555 1056 ab
571 995 735 1060 arboribus
751 1009 781 1058 et
798 997 987 1060 animalibus
1004 999 1063 1060 iaci

45 1110 147 1170 praeter
167 1095 312 1156 Plinium
335 1117 361 1158 o.
385 1097 406 1158 l.
433 1097 526 1157 tradit
548 1093 711 1158 Pausanias
733 1109 767 1176 3.
784 1108 841 1176 33,
860 1115 893 1182 5.
925 1099 998 1179 quia
1018 1097 1063 1160 sol

45 1190 115 1272 lnpra
137 1197 291 1257 verticem
313 1211 387 1258 tuns
409 1197 561 1259 decurrat.
590 1197 725 1274 (Strabo
743 1213 775 1260 Ω.
788 1219 821 1280 p.
836 1216 896 1278 91.
914 1197 935 1262 l.
957 1203 1058 1278 135.)

46 1292 113 1355 Hinc
134 1295 279 1360 Lucanus
303 1314 337 1368 Ω.
360 1310 443 1375 587.
473 1296 600 1358 umbros
626 1319 782 1381 nusquam
802 1293 932 1384 flectens
953 1301 1060 1382 Syrna

45 1395 145 1476 etipsa
166 1390 278 1470 ἅσκιος
300 1399 425 1461 dicitur.
485 1400 557 1460 Vid.
581 1419 661 1480 quos
683 1401 723 1462 de
744 1401 802 1462 hac
821 1421 855 1462 re
878 1401 1061 1482 producunt

45 1495 174 1559 liuhnius
199 1501 238 1560 arl
258 1499 389 1562 Paulan.
409 1520 436 1562 c.
451 1501 472 1562 l.
506 1499 717 1582 Oudendorp.
733 1503 771 1562 ad
797 1502 915 1564 Lucan.
933 1522 959 1566 c.
975 1504 997 1564 l.
1028 1517 1061 1565 et

45 1601 106 1674 quie
126 1599 291 1680 disputant
308 1603 342 1661 in
363 1602 474 1684 primia
490 1601 672 1662 Macrobius
693 1603 726 1662 in
742 1603 853 1665 Sumn.
870 1604 956 1686 Scip.
973 1620 1005 1676 Ω,
1024 1619 1058 1680 7.

45 1709 68 1756 et
80 1698 248 1762 Palmerius
267 1704 300 1761 in
315 1703 460 1786 apologia
473 1721 532 1784 pro
551 1703 679 1764 Lucano
696 1723 726 1786 p.
744 1715 828 1781 918.
857 1705 910 1780 (in
927 1705 977 1768 ed.
994 1705 1061 1768 Ou-

45 1796 201 1884 dendorp.)
240 1801 332 1864 Plura
349 1805 437 1864 dabit
452 1803 534 1865 dela
552 1803 663 1864 Nauze
678 1804 711 1864 in
730 1805 903 1867 Memoires
919 1807 958 1866 de
974 1807 1060 1868 l’aca·

44 1897 129 1963 demie
144 1937 194 1950 -·
215 1904 256 1966 de
272 1905 358 1966 Paris
372 1907 468 1966 Tum.
488 1906 545 1968 26.
562 1925 593 1986 p.
618 1924 682 1968 tot
702 1904 763 1986 sqq.
800 1907 954 1987 Antiquae
970 1907 1059 1970 urbis

42 2003 133 2064 nidera
152 2005 267 2090 exigua
289 2003 361 2069 lunt
384 2019 527 2087 terraque
550 2003 679 2075 obruta,
714 2021 750 2066 ut
777 2005 903 2068 testatur
925 2005 1059 2070 Norden

43 2119 117 2178 pm.
140 2117 222 2184 558.
259 2105 488 2169 Adsentiuntur
511 2108 609 2168 Lucas
628 2125 751 2192 voyage
766 2127 808 2168 au
831 2107 952 2168 Levant
966 2109 1007 2170 T.
1028 2129 1057 2172 ι.

44 2219 156 2282 p.103.
178 2207 252 2283 (ed.
277 2212 402 2286 ¹73¹·)
434 2206 583 2270 Pococke
605 2209 645 2270 T.
665 2228 695 2269 ι.
710 2229 780 2294 pag.
804 2223 884 2286 174·
917 2208 1059 2272 Browne

45 2301 137 2366 lleilen
159 2329 190 2389 p.
216 2326 299 2387 ¹99·
334 2311 449 2370 Denon
472 2307 586 2382 lleilen
607 2329 638 2390 p.
660 2323 743 2374 eoo.
794 2309 904 2381 Plura,
940 2309 1060 2374 livera
1152 2375 1155 2380 ,

45 2408 167 2478 tradidit,
193 2408 299 2470 adfert
320 2411 437 2490 Savary
460 2411 501 2472 T.
520 2425 552 2472 Ω.
576 2427 708 2491 p.119.
759 2411 879 2481 Locus,
909 2411 944 2472 in
966 2413 1058 2475 ouius

45 2507 139 2570 ricinia
167 2511 247 2571 olim
279 2511 379 2580 stetit,
412 2531 500 2571 nunc
527 2525 658 2572 vocatur
682 2501 821 2599 Affnan,
853 2503 980 2601 Efficere
1006 2495 1060 2574 rel

46 2601 178 2680 imiliter.
205 2633 264 2694 pro
280 2611 398 2674 diversa
415 2613 560 2696 gentium
577 2611 724 2692 scriptura
739 2626 772 2672 et
786 2615 1060 2694 pronuntiatione.

47 2707 133 2771 Amen
153 2715 216 2772 iarn
236 2715 354 2796 legitur
375 2717 408 2774 iu
425 2713 539 2774 Edrilii
551 2709 664 2776 Africa.
707 2714 779 2776 Vid.
796 2714 847 2779 ed.
866 2715 1058 2778 Hartmanni

46 2823 69 2886 P·
86 2825 136 2884 72.
154 2827 186 2876 et
206 2815 295 2878 alibi.

102 3013 211 3078 Buba
207 3015 292 3110 stis
298 3015 317 3099 )
351 3017 405 3079 Gr.
418 3008 605 3095 Βούβαστις
619 3018 702 3101 apud
717 3019 920 3080 Herodotum
935 3011 1058 3102 paffim.

46 3121 73 3168 ut
85 3127 112 3184 2,
127 3129 182 3196 59.
207 3139 306 3200 quem
321 3117 459 3200 sequitur
476 3120 599 3183 Noster.
639 3121 701 3182 Alii
719 3123 906 3202 plerumque
921 3119 1059 3182 efferunt
1150 3169 1156 3184 .

47 3205 218 3296 Βούβαστος
233 3221 285 3280 vel
304 3217 515 3296 Βουβαστὸς,
541 3223 575 3282 in
593 3222 708 3302 quibus
725 3221 837 3284 Strabo
860 3237 914 3296 17.
930 3243 962 3304 p.
976 3231 1060 3298 553.

47 3307 154 3396 ¹·305.
203 3325 380 3402 Utramque
405 3321 542 3384 formam
566 3337 656 3383 notat
681 3323 860 3403 Stephanus
880 3322 913 3385 h.
938 3343 970 3384 v.
1003 3320 1061 3401 qui

47 3418 162 3489 priorem
183 3422 354 3486 Herodoto
372 3425 523 3486 vindicat.
576 3423 655 3484 inde
679 3421 862 3514 Bubastius,
885 3436 918 3485 et
943 3439 1060 3484 numus

48 3511 223 3612 Bubastites,
251 3543 347 3606 quern
370 3538 492 3607 praeter
513 3522 591 3588 alios
611 3537 839 3586 commemorat
858 3525 1062 3586 Ptolemaeus

49 3622 118 3694 4³5.
161 3627 207 3687 lta
233 3645 310 3687 vero
334 3627 471 3688 Dianam
498 3629 535 3687 ab
563 3627 728 3710 Aegyptiis
752 3625 938 3706 adpellatam
964 3621 1063 3695 tuille.

50 3721 127 3782 ludit
144 3725 330 3789 Herodotus
347 3743 381 3800 2,
402 3727 480 3806 156.
516 3729 555 3792 de
579 3747 643 3808 quo
660 3727 727 3788 vid.
748 3725 911 3788 lablonski
928 3728 962 3786 in
981 3726 1063 3786 Pan·
1127 3786 1130 3791 .

51 3817 109 3881 theo
123 3825 256 3912 Aegypt.
272 3829 313 3890 Τ.
331 3844 365 3890 2.
381 3850 412 3910 p.
428 3827 475 3907 56
493 3827 553 3912 sqq.
597 3829 776 3910 Stephanus
794 3824 889 3889 felem
910 3829 1063 3906 interpre-

53 3927 126 3994 ¹³¹1¹t2
149 3930 334 3992 admonitus
350 3928 433 3991 forte
449 3927 522 4014 fuga
539 3933 682 3991 Deorum
702 3928 877 4009 habituque
897 3928 1064 3991 bestiarum

53 4014 81 4074 ib
100 4026 134 4087 iia
156 4029 311 4094 adsumto.
362 4033 458 4092 Tunc
485 4051 602 4112 nempe
626 4033 727 4090 Diana
755 4033 787 4089 in
815 4027 908 4090 felem
945 4043 1066 4090 mutata

53 4125 163 4192 transiit.
203 4133 277 4196 Vid.
303 4131 757 4212 Muncker.etve1heyk.at
778 4131 932 4192 Antonin.
960 4131 1064 4192 Liber.
