2828 4966
195 385 237 439 tu
264 385 400 442 route.
436 387 550 442 urar.
593 387 675 442 ω.
717 386 796 444 ot.
838 385 916 456 §.1-
1037 391 1077 456 ιδ

82 556 198 618 Austrinos
224 559 310 638 polus
335 557 399 627 est,
435 559 585 618 elevatur
612 557 762 628 Arctous,
801 558 888 639 qood
914 555 1073 640 sphaeram

82 677 159 718 tutan
176 658 354 720 habentibus
379 679 453 719 non
474 659 648 742 contingit.
700 660 875 742 Eregiuuo
890 677 967 722 veto
989 671 1074 720 trane

83 775 229 838 aequiorem
253 756 454 840 transgrell'ta
478 761 574 841 polua
596 757 697 822 noller
712 759 854 822 devertor
869 759 928 822 ello
949 759 1072 840 incipit,

84 881 167 939 quoque
181 861 265 922 latius
282 861 487 922 ‹liecellerint
507 863 600 928 illuc.
627 873 715 922 tanto
729 861 892 924 taurinus
907 861 962 922 libi
980 861 1074 942 polut
1157 911 1163 930 ,

82 962 272 1042 dtiurrpparet.
306 981 507 1022 vantuuuu.
562 963 633 1024 Hor:
649 963 722 1023 ideo
741 964 841 1032 dixit.
866 961 973 1044 quod,
1000 979 1074 1021 cum

81 1062 177 1122 bubum
204 1061 310 1124 orbem
344 1064 428 1124 citra
459 1063 637 1123 Zodiacunt
668 1063 856 1126 existimaret
885 1061 946 1126 elle
972 1061 1074 1132 litum,

80 1162 159 1222 ucula
176 1177 234 1224 erat
252 1183 388 1226 omnem
410 1163 489 1224 lolio
511 1162 633 1224 cursum
649 1163 696 1224 illi
716 1185 732 1226 a
747 1165 881 1226 meridie
898 1163 968 1226 elle.
1020 1162 1073 1224 Sic

80 1263 178 1324 llaoob.
198 1268 229 1324 in
249 1266 369 1332 Somn.
382 1266 480 1347 Scip.
495 1280 528 1332 2,
546 1279 578 1340 7.
602 1285 700 1334 oritur.
725 1266 840 1346 inquit,
865 1267 925 1326 iter
937 1255 1019 1356 solis
1038 1264 1071 1324 itt

80 1362 150 1450 uqlm
159 1365 272 1426 meridie
286 1365 344 1456 est.
393 1368 441 1426 Et
461 1367 588 1426 Vitrur.
607 1377 639 1443 8,
667 1383 697 1440 2.
722 1365 826 1458 auster
844 1387 918 1427 vero
935 1379 965 1428 et
985 1365 1074 1424 venti

79 1464 164 1544 riui.
182 1469 232 1548 qto'
250 1489 269 1526 o
287 1461 373 1558 jolis
390 1460 488 1556 cursu
509 1469 656 1545 impetum
677 1458 823 1555 faciunt.
876 1467 939 1530 Ubi
961 1489 981 1528 a
991 1455 1074 1556 solis

80 1563 138 1653 uqa
152 1587 199 1648 pro
214 1589 233 1626 a
249 1569 383 1628 meridie
398 1569 494 1629 dixit.
521 1587 733 1630 ctaccoutvs.
785 1569 951 1631 Praeclare.
989 1566 1072 1628 Natu

78 1679 100 1721 ut
111 1667 182 1726 docet
194 1669 377 1730 Macrobius
393 1670 455 1731 lib.
472 1691 500 1730 t.
516 1671 550 1728 iu
564 1671 678 1730 Sotun.
691 1671 774 1750 Soip.
793 1689 858 1751 cap.
874 1684 907 1744 5.
933 1665 1074 1730 Romani

79 1765 163 1826 rudui
174 1772 285 1830 arctim
304 1789 437 1830 nomen
454 1768 676 1852 imposuerant.
697 1771 780 1850 quod
798 1771 920 1832 anobis
936 1791 970 1830 ea
983 1769 1072 1852 regio

78 1885 118 1924 uu
138 1869 219 1952 longe
240 1885 370 1932 remota
399 1870 494 1940 ellat,
520 1873 666 1952 quatruvio
687 1874 720 1930 vi
746 1869 899 1955 frigorum
921 1869 1074 1934 inhabita·

79 1966 124 2028 bilia
144 1970 383 2042 existimaretur;
420 1973 508 2032 alteri
534 1991 610 2033 vero
631 1974 749 2032 cardini
773 1992 838 2034 uon
858 1970 996 2034 fecerant
1018 1989 1074 2031 no·

78 2077 314 2152 ueuptopriotn‚
351 2072 409 2133 led
431 2073 584 2132 meridiem
608 2076 751 2134 emedio
764 2075 844 2143 diei.
880 2073 971 2134 cuius
992 2071 1075 2132 liuea

77 2168 286 2252 ibrelpondet.
322 2174 581 2255 appellaverunt.
634 2174 784 2234 Decurrit
812 2176 865 2236 hic
892 2175 997 2256 accipe
1018 2189 1075 2253 pro

79 2267 180 2330 luriunt
193 2279 306 2344 currit,
336 2290 376 2334 ut
401 2273 500 2356 saepe.
537 2277 706 2336 Summum
722 2278 808 2336 enim
830 2275 900 2338 lolia
919 2286 1074 2358 punctum

78 2367 249 2436 cimilia.
291 2378 379 2437 lude
404 2378 543 2436 decurrit
565 2373 618 2446 [ot.
643 2377 674 2435 ld
692 2377 743 2445 eti.
771 2375 942 2440 descendit.
983 2372 1074 2436 Nihil

79 2471 238 2536 manifestius.
291 2479 364 2536 Virl
401 2477 488 2535 docti
518 2491 620 2536 tamen
648 2477 724 2537 haec
747 2499 813 2538 uun
840 2478 1073 2540 intellexerunt.

79 2587 182 2635 roratur.
230 2579 267 2636 lu
282 2573 396 2637 voffit
417 2575 599 2638 senteutiam
615 2577 845 2638 delceuderuut
866 2581 991 2638 variatis
1007 2595 1075 2638 ver·

78 2666 276 2739 &cateruis
301 2691 338 2736 et
363 2697 576 2740 erruttauura
598 2679 673 2740 MS.
726 2678 800 2740 Nou
815 2679 867 2740 hic
882 2693 972 2742 notat
988 2679 1077 2739 deor·

79 2765 123 2830 lum
141 2795 261 2841 currere.
318 2779 358 2838 ld
381 2781 471 2838 enim
486 2780 643 2862 contingit
662 2779 793 2838 demunt
806 2780 873 2862 pull
891 2781 1076 2848 meridiemt

77 2867 108 2928 [td
126 2896 175 2954 qua
194 2877 328 2938 cursum·
348 2881 484 2960 peragit.
533 2879 643 2960 Neque
661 2881 747 2940 euim
766 2881 799 2940 iu
819 2881 879 2942 boc
900 2877 1075 2961 composito

77 2977 220 3054 pnepofitto
244 2980 284 3038 de
308 2992 406 3040 notat
427 2977 591 3050 deorsum,
626 2995 662 3039 ut
682 2979 752 3040 latia
774 2983 868 3043 docet
889 2983 1076 3043 exercitium

77 3075 194 3149 equestre,
221 3081 312 3161 qood
346 3081 485 3140 Romani
518 3081 713 3162 appellabant
745 3079 968 3174 decursionem,
998 3097 1076 3161 quae

79 3172 140 3233 lebat
156 3181 187 3238 io
205 3183 303 3262 plano
329 3199 464 3264 campo,
505 3185 588 3242 uude
613 3183 653 3242 stc
679 3184 773 3244 etiam
794 3180 904 3264 pal'stm
927 3183 1080 3262 ulurpartt

79 3289 197 3345 aratores.
245 3281 368 3362 Neque
387 3281 537 3344 meridies
551 3283 589 3342 ab
608 3295 735 3346 auctore
755 3285 859 3346 nostro
880 3286 922 3344 ita
941 3282 1078 3345 conlide-

79 3387 150 3447 uuu,
178 3395 214 3440 ut
236 3381 272 3440 lit
308 3381 694 3464 supremumpuuctum,
728 3387 813 3466 quod
845 3384 890 3446 lol
912 3405 968 3468 per
993 3383 1079 3444 diem

80 3474 211 3552 tlscrudit,
238 3481 290 3543 led
311 3497 398 3544 certe
413 3485 504 3544 latius
519 3483 661 3564 spatium,
686 3487 959 3567 comprehendens
976 3483 1080 3566 proxi·
1175 3557 1182 3566 ι

81 3590 124 3634 mat
136 3579 216 3644 horu
231 3585 316 3644 circa
335 3585 512 3651 meridiem.
539 3601 573 3646 ut
588 3599 674 3667 patet
689 3607 726 3646 ex
744 3607 810 3668 cap.
831 3599 864 3664 8.
882 3587 978 3647 huius
995 3584 1078 3653 libri,

81 3671 197 3766 bblfous
217 3685 301 3746 Solis
322 3706 378 3766 per
403 3687 571 3750 meridient
595 3689 711 3748 dicitur
732 3690 844 3767 rigere,
875 3705 942 3750 non
964 3700 1000 3746 ut
1021 3685 1080 3745 mi-

82 3775 146 3838 aimo
165 3801 334 3847 momento
360 3787 432 3848 tulis
459 3786 514 3858 bt,
548 3785 599 3847 led
625 3803 707 3849 certe
734 3789 932 3868 aliquamdiu
954 3788 1079 3848 durans.

85 3891 291 3948 brtoauvtrr
314 3887 415 3948 MSS.
467 3887 567 3970 Quod
592 3885 715 3950 Vossius
747 3890 897 3969 explicat,
933 3885 1080 3950 deorlum

85 3991 188 4052 terrere,
207 3989 314 4068 primo
335 4009 399 4070 qrta
419 4007 486 4050 non
503 3989 545 4052 est
558 3993 769 4069 aequivocum
785 3989 832 4068 τῴ
849 3989 938 4062 buln
963 3987 1079 4049 deinde

42 4173 50 4190 Ι
86 4091 121 4135 b¹1
135 4085 234 4148 maluit
255 4103 369 4152 auctor
392 4089 563 4154 meridiem
586 4090 744 4177 designare
764 4110 780 4152 a
800 4103 920 4174 puncto
946 4087 1080 4160 lumino,
