2764 4954
247 399 308 474 294
515 391 681 448 noane
721 389 1022 448 nxucua1ceu

249 563 383 632 Causam
416 559 517 625 adfert
548 562 709 625 Plutarch.
736 565 769 624 in
797 583 832 642 7.
857 563 999 647 sapient.
1025 579 1122 628 conv.
1145 583 1178 648 p.
1200 563 1281 642 560.

250 665 379 750 (Lipl.)
405 685 524 749 nempe
545 679 584 726 ut
606 665 754 728 mortales
775 663 803 728 le
823 663 883 728 elle
904 679 1127 730 monerentur.
1252 685 1256 694 ·

329 858 546 960 perverse)
528 865 721 949 )Scilicet
751 881 788 927 ut
820 868 989 931 verficntoe
1015 869 1133 930 ducant
1163 889 1202 931 ex
1227 867 1290 930 He·

256 972 497 1033 braeorunt*
528 987 618 1029 more
653 991 668 1030 a
703 969 810 1030 dextra
842 971 881 1031 ad
915 971 1083 1041 sinistram,
1120 983 1228 1032 contra
1258 987 1291 1030 ac

259 1071 569 1135 Graecietllomnai
596 1069 745 1132 solebant.
797 1071 1003 1142 Herodotqu
1029 1073 1086 1146 56.
1112 1065 1292 1188 ppu'ppuru

259 1169 427 1261 γράφουσι
461 1169 613 1258 φέροντες
639 1167 697 1252 ripa
724 1170 821 1256 χεῖρα
849 1167 916 1234 dard
944 1171 1010 1234 τῶν
1039 1160 1187 1238 δεὲιιῦν’
1177 1166 1226 1236 etri
1250 1162 1293 1233 τὰ

258 1271 411 1361 ἂρραιστε
407 1267 563 1355 '.Quod
585 1275 714 1352 quidem
732 1274 920 1358 intelligitur
939 1275 978 1334 de
997 1274 1180 1357 vulgaribus
1197 1274 1294 1332 literie

261 1391 295 1436 et
286 1295 453 1457 dpopulari
469 1373 631 1454 scriptura,
658 1393 731 1434 curn
750 1371 846 1435 inerit
859 1376 955 1436 etiam
975 1373 1068 1445 sacra,
1093 1375 1179 1436 unde
1196 1374 1295 1434 Hero

262 1477 357 1538 dotue
370 1495 396 1536 c.
413 1475 434 1535 l.
459 1489 615 1536 tneniorat
638 1470 691 1561 ipa
706 1491 738 1536 et
755 1471 918 1562 inportata
938 1470 1143 1564 ppu'ppeae3
1178 1470 1247 1560 iepd
1265 1485 1296 1534 et

263 1572 393 1666 δημώδη
415 1577 549 1636 Diodor.
574 1579 635 1638 Sic.
663 1591 694 1656 5,
722 1591 752 1654 5.
772 1574 794 1640 f.
831 1578 884 1638 vel
912 1572 1060 1664 deportati
1083 1589 1115 1636 et
1138 1569 1299 1664 δημοτικά

264 1677 431 1740 Heliodor.
453 1677 488 1736 in
503 1677 651 1760 Aetlriop.
671 1689 704 1755 4,
722 1691 754 1754 3.
773 1699 805 1758 p.
827 1688 906 1756 ¹74·
958 1677 1013 1739 llla
1034 1676 1245 1738 sacerdotibue
1265 1676 1299 1736 in

266 1777 322 1839 usu
344 1791 447 1846 erant,
479 1778 595 1858 quibus
620 1773 841 1864 αἰνιγματώδη
864 1775 986 1860 σοφίαν
1008 1779 1199 1840 occulerent.
1249 1773 1299 1840 cf.

265 1877 414 1959 Tycbsen
434 1881 469 1938 in
487 1879 673 1941 Bibliothek
689 1881 744 1941 der
766 1881 849 1940 alten
867 1881 1024 1942 Literatur
1038 1880 1074 1940 P.
1092 1877 1126 1944 6.
1148 1899 1181 1962 p.
1205 1899 1218 1942 r
1238 1875 1299 1959 [qq.

267 1982 323 2042 ubi
343 1982 383 2042 tle
406 1981 636 2064 Aegyptiorum
658 1979 803 2061 scriptura
825 1983 918 2042 docte
941 1995 974 2042 et
999 1995 1141 2042 accurate
1165 1977 1303 2050 disserit;

267 2077 338 2168 lepti
353 2081 390 2143 ad
407 2081 645 2166 hieroglyphice
661 2079 764 2149 refert.
781 2103 869 2164 quae,
888 2083 990 2163 qualia
1007 2079 1135 2150 fuerint.
1152 2080 1305 2162 exemplie

270 2182 416 2245 subiectis
448 2183 597 2252 declarat,
631 2182 809 2264 dequibus
840 2185 968 2264 quidem
1002 2183 1156 2264 plurimae
1185 2181 1306 2244 exstant

270 2285 465 2365 quaestiones
480 2297 512 2344 et
527 2287 758 2366 disputationes
778 2286 946 2347 doctorum
969 2285 1115 2346 virorum
1137 2285 1172 2344 in
1186 2283 1306 2345 itineri·

273 2385 334 2446 bue
355 2399 386 2446 et
400 2387 433 2444 in
450 2383 511 2446 [uie
526 2385 613 2447 libris
630 2387 797 2468 expositae.

345 2585 528 2668 latam)
579 2587 766 2650 Herodotus
790 2589 900 2662 u.36.
924 2587 979 2650 lic:
1021 2583 1151 2675 φυρῶσι
1183 2583 1229 2650 ad
1252 2579 1308 2675 μὲν

273 2685 365 2760 σταῖς
387 2685 468 2748 τοῖσι
490 2680 582 2760 noui,
608 2685 667 2752 τόν
688 2687 721 2751 δὲ
742 2685 847 2774 πηλόν
869 2689 943 2779 ap'ut
964 2683 1059 2779 χερσὶ
1067 2737 1078 2772 ,
1111 2689 1200 2770 quod
1215 2708 1255 2751 ex
1270 2705 1308 2751 eo

273 2789 389 2871 repetit
403 2789 514 2852 Strabo
534 2806 590 2868 17.
613 2811 645 2873 p.
663 2793 748 2868 567.
764 2789 785 2854 l.
802 2803 888 2870 823.

352 2980 608 3078 farinam)
656 2995 754 3058 Secue
779 2993 881 3057 lecille
911 2995 1093 3063 Romanoa.
1127 2992 1250 3056 constat
1273 3011 1311 3054 ex

274 3091 378 3154 iocosa
408 3094 539 3156 Antonii
572 3095 815 3178 exprobratione
847 3095 997 3160 adversus
1019 3095 1196 3181 Augustum
1228 3093 1311 3177 apud

275 3195 411 3258 Sueton.
435 3215 502 3278 cap.
520 3205 555 3279 lp.
588 3219 611 3258 1.
639 3217 834 3261 onouovtvs
859 3197 936 3262 Ma.

353 3397 494 3460 Forum
514 3429 561 3448 -
572 3395 593 3480 )
642 3399 811 3484 Eleganter
837 3399 915 3463 haec
944 3397 1111 3482 Sophoclie
1136 3399 1312 3463 cothurnne

280 3495 407 3580 Oedipo
429 3499 609 3568 Colonaeo.
636 3505 691 3583 qui
710 3503 750 3564 rie
767 3503 838 3564 filiis
859 3503 1081 3583 conqueritur,
1107 3501 1195 3584 quod
1216 3493 1311 3584 patrie

276 3617 382 3660 curam
410 3601 624 3686 negligerent,
658 3621 758 3684 quum
784 3603 925 3688 virginee
949 3603 1110 3700 Antigona
1136 3615 1169 3662 et
1191 3601 1313 3664 Istuena

275 3721 336 3786 pipp
339 3699 496 3776 οβοσκὶαν
519 3702 722 3786 praestarent.
751 3699 804 3790 [v.
828 3697 977 3789 338lq.]
1013 3701 1064 3764 Ὠ
1086 3698 1184 3768 πάντ’
1207 3697 1312 3780 ἐκείνῳ

277 3801 345 3872 τοῖς
367 3799 397 3866 ἐν
419 3795 578 3885 Αἰγύπτῳ
599 3796 735 3926 ΗΧνόμοις
746 3800 846 3922 (opatu
869 3827 935 3868 aar
937 3801 1124 3869 εικασθέντε
1153 3799 1209 3868 ani
1237 3800 1311 3878 βίου

278 3899 420 3988 τροφάς.
458 3901 548 3968 Euri
558 3928 624 3992 pap
648 3905 677 3968 oi
694 3903 752 3994 μὲν
769 3899 898 3993 ἄρσενες
912 3901 1003 3970 aare?
1022 3902 1139 3990 στέγας
1154 3903 1311 3970 Scantiana

279 4004 541 4090 ἱστουργοῦντες·
575 4008 608 4068 ai
626 4002 659 4069 ta*
677 4003 828 4093 σύννομοι
846 4003 892 4070 rei
910 3996 974 4080 ’ξω
992 4003 1070 4084 βίου
1086 4005 1229 4094 τροφεῖα
1241 4023 1313 4089 πορ-

280 4102 408 4175 ou'aoue'
432 4105 493 4173 act.
544 4109 609 4172 Ubi
634 4107 822 4174 Scholiallee
844 4112 993 4193 antiquus
1017 4129 1058 4173 ex
1085 4101 1312 4192 Nymphodori
