2828 4966
161 367 208 421 .·‚·;
235 361 377 420 rome.
407 361 517 420 unt.
559 361 642 418 ιι.
684 359 779 422 on.
822 363 899 434 ῃ.
1011 363 1053 445 aq

54 535 139 598 ludum
158 534 276 606 rersoa.
309 535 383 620 posi
408 533 584 596 Arachotot
609 535 643 596 in
666 506 886 608 Aoiirumset
910 537 1049 604 similiter

55 637 179 700 Gedrosiae
198 639 359 718 asinoque,
393 638 448 720 qui
466 656 553 698 oram
570 635 636 698 illic
656 634 811 700 habitant.
862 639 939 702 ideo
960 641 1049 704 idam

54 739 90 800 lib.
107 759 150 800 n.
170 734 221 826 [p.
238 751 283 818 35
290 751 323 816 5.
344 736 368 800 s.
386 733 494 825 516.]
517 736 727 808 drachonem,
751 739 789 800 ad
808 737 926 802 indum
950 761 1050 822 usque

55 841 412 910 iamnmexcurrentem.
436 840 568 900 Arianae
582 851 703 921 partem
720 837 780 900 esse
796 837 923 922 scripsit.
964 843 1051 906 Hinc

56 939 111 1000 ilde
126 941 264 1004 hocloco
281 939 470 1002 Gedrostam
488 938 622 1002 seorsum
637 940 793 1010 nominat.
819 941 905 1022 quod
925 961 961 1004 ee
977 962 1047 1006 non

55 1055 98 1102 tota
117 1042 148 1102 ad
167 1044 298 1103 arianen
327 1043 488 1124 pertinen
522 1043 630 1102 Arium
658 1058 767 1102 antem
792 1041 879 1102 idem
906 1043 961 1105 lib.
991 1065 1048 1108 tt.

55 1141 84 1217 [c
97 1143 130 1223 l]
151 1143 325 1204 Bactrianae
349 1142 584 1204 conterminam
606 1155 639 1204 et
659 1144 767 1202 monti
786 1140 968 1214 subiectam,
993 1145 1053 1228 qui

55 1242 203 1304 Bactrianam
219 1243 326 1315 babet,
357 1263 438 1325 quae
457 1245 495 1304 ad
519 1244 720 1304 occidentem
734 1243 981 1326 Parapamisadis
996 1247 1049 1310 ad·

57 1345 120 1410 int.
146 1357 177 1404 nt
193 1359 225 1408 et
250 1346 461 1407 Ptolemaeus
491 1342 598 1406 tabula
626 1341 715 1406 alae
737 1363 820 1406 nona
843 1346 972 1412 iudicat.
996 1375 1049 1399 -ι

57 1463 193 1507 rantarrt.
242 1447 356 1508 iriam
384 1445 436 1506 hic
461 1465 527 1506 non
551 1459 636 1508 recte
660 1445 809 1516 collocat,
845 1447 1048 1530 tamquamli

58 1545 226 1608 lanulieellet
239 1550 346 1632 regio.
401 1547 472 1608 Hoc
492 1547 600 1618 miror,
626 1547 793 1608 neminem
810 1545 861 1608 hic
879 1549 1048 1630 reprehen-

61 1647 119 1714 die.
142 1647 211 1708 illud
229 1668 307 1711 rero
330 1647 585 1728 reprehendisse,
616 1647 703 1728 quod
722 1649 828 1712 Arsam
850 1663 882 1710 et
902 1651 1047 1712 Arianam

62 1747 141 1808 drusa
153 1746 250 1822 saciat,
276 1769 355 1812 cum
375 1761 481 1809 manen
499 1749 533 1808 in
549 1767 588 1810 eo
603 1745 729 1830 prorsua
745 1749 827 1810 nihil
844 1749 1048 1816 commiserit.
1147 1805 1151 1814 ,

61 1845 142 1909 larum
155 1869 257 1932 operae
278 1852 423 1932 pretium
444 1849 505 1928 eil,
538 1851 644 1929 paucis
666 1849 845 1920 ostendere,
880 1871 1051 1930 quamnam

62 1963 144 2012 reterre
168 1951 378 2014 differentiam
405 1951 488 2012 inter
520 1951 613 2012 drioa
646 1963 679 2012 et
711 1951 844 2012 Arianos
877 1951 1049 2026 llatuerint,

64 2053 167 2124 quonian
180 2053 252 2114 haec
265 2073 316 2114 rea
332 2051 454 2112 multoe
469 2051 610 2113 eruditor
627 2051 703 2135 egit.
729 2047 770 2114 ‘O
786 2045 873 2114 πάνυ
886 2053 1051 2118 Salmasiue

65 2147 186 2232 ineliquut
205 2155 280 2216 locis
302 2147 397 2238 [rid.
415 2153 452 2212 ad
475 2153 577 2213 Sosin.
599 2171 631 2232 p.
653 2171 696 2212 m.
717 2165 798 2230 358.
826 2163 897 2231 845
916 2151 957 2235 sq.
979 2150 1048 2244 -]

67 2267 99 2307 us
113 2253 256 2338 distinguit,
294 2255 375 2316 alibi
398 2271 475 2315 vero
495 2253 626 2314 eoadem
645 2251 705 2314 else
723 2251 855 2314 assumat
877 2255 911 2314 in
929 2253 989 2316 suis
1008 2255 1050 2318 ad

69 2353 168 2412 telinum
183 2355 432 2418 commentariis.
459 2345 547 2439 [vid.
563 2375 594 2436 p.
614 2373 660 2414 m.
676 2347 782 2438 843.]
821 2355 939 2416 Verum
955 2357 997 2418 ita
1019 2356 1049 2421 le

70 2467 98 2508 ru
110 2452 187 2518 babet.
220 2459 299 2520 Ario
313 2456 410 2540 regio
424 2453 546 2536 semper
561 2456 644 2514 dicta
660 2451 720 2514 luit
735 2455 786 2514 illa
803 2467 927 2516 tantum
942 2459 1049 2538 portio

70 2562 144 2623 turae,
171 2576 241 2638 quae
260 2557 299 2618 ad
324 2560 438 2618 Arium
466 2555 587 2616 flumen
614 2567 680 2616 erat
704 2555 766 2616 lita.
819 2555 894 2617 Non
924 2571 1050 2621 tantum

72 2657 174 2729 ualeat
188 2673 324 2740 tempora
340 2657 511 2719 Alexandri
530 2655 577 2717 M.
600 2670 632 2717 et
653 2653 856 2716 successorum
879 2659 966 2727 eiua,
993 2678 1049 2721 ve·

74 2769 114 2809 rm
126 2759 201 2818 etiam
214 2761 321 2820 multia
337 2757 466 2819 saeculis
487 2755 591 2838 poliea
608 2757 697 2818 tiriae
718 2757 817 2816 iidem
838 2755 967 2819 suerunt
989 2773 1049 2822 ter·

75 2855 134 2922 uini,
153 2877 219 2937 quoa
238 2860 446 2921 Ptolemaeus
468 2853 523 2944 [6,
546 2853 621 2943 17.]
644 2857 752 2918 etalii
776 2857 850 2918 hnic
874 2859 1047 2944 adsignant.

78 2965 118 3012 uu
132 2960 238 3036 quidem
251 2961 458 3022 Herodotum
483 2954 535 3044 [7.
553 2950 635 3042 δι]
659 2971 691 3020 et
712 2957 894 3021 Pausaniam
918 2955 973 3045 [a.
993 2957 1048 3050 5.]

79 3069 161 3127 unae,
175 3061 278 3122 Medos
293 3063 401 3122 dictor
417 3058 505 3120 luisse
517 3061 608 3120 Arion
621 3073 695 3120 ante
711 3060 886 3120 adventum
899 3061 1051 3135 dletleaea

81 3169 149 3216 mun
159 3161 185 3218 id
199 3162 273 3222 nibil
286 3163 325 3224 ad
341 3181 413 3222 rem
433 3159 515 3231 iacit,
542 3161 659 3222 etiamst
676 3179 788 3221 verum
807 3159 859 3233 sua
895 3175 928 3222 et
947 3159 1050 3222 forsan

82 3247 195 3322 lichen,
240 3265 347 3324 lmmo
372 3262 469 3322 ausim
494 3262 673 3332 adfirmare.
705 3259 764 3322 else
787 3258 949 3332 fabellam,
975 3281 1051 3322 cum

66 3349 117 3425 *iffi
132 3359 158 3418 ab
176 3361 232 3443 ipso
254 3364 358 3426 siatim
382 3363 476 3424 initio
494 3365 535 3422 ita
553 3363 612 3422 siut
631 3361 725 3432 dicti,
758 3381 818 3422 nec
839 3361 940 3422 ullum
964 3363 1051 3424 aliud

67 3445 195 3522 'hirnia
212 3483 339 3526 nomen.
381 3465 504 3524 Ariana
526 3482 603 3525 vero
623 3463 791 3546 longealia
814 3461 866 3524 eil.
920 3461 1051 3526 Nomen

87 3547 248 3626 ilinanditum
268 3577 340 3628 ante
361 3577 502 3648 tempora
516 3555 697 3625 Alexandri.
748 3565 866 3626 Verum
888 3563 1051 3644 postquam

91 3647 175 3722 lillis
192 3663 296 3727 subacti
317 3664 423 3734 suere,
451 3665 584 3735 Bactrii,
613 3663 759 3733 Gedrosi,
785 3665 938 3746 Sogdiani
962 3666 1052 3726 aliae·

91 3767 122 3824 pe
138 3765 279 3846 conpluree
300 3780 425 3853 gentea,
458 3765 575 3828 sactum
593 3765 644 3836 eil,
670 3779 706 3826 ut
727 3765 893 3848 pleraeque
916 3765 984 3826 illae
1004 3785 1052 3828 re-

95 3867 158 3949 pam
179 3865 305 3928 Ariorum
341 3869 522 3929 dicerentur
551 3869 745 3948 provinciae.
798 3867 920 3926 l'liniua
946 3867 1051 3948 itaque

97 3954 275 4053 litatae]
299 3967 468 4038 Gedrosoa‚
493 3969 660 4029 Arachotos
678 3981 710 4028 et
727 3965 978 4048 Paropamil'adas
996 3985 1053 4028 vo·

101 4059 242 4128 alnum
261 4067 410 4155 satrapiae,
435 4069 533 4152 quod,
559 4067 648 4132 sacua
669 4067 707 4128 ad
725 4067 888 4130 samalus
902 4067 987 4138 facit,
1013 4067 1053 4130 ad

633 4168 663 4228 E
691 4181 714 4234 a
