2770 4954
180 303 654 401 rueour.un1.,t.t
697 301 802 366 otu.
843 303 921 374 er.
1008 315 1075 380 ψ,

54 479 153 566 quibne
170 498 260 564 rege·
281 490 321 540 nt
343 475 520 560 plurimum
541 473 658 562 degere
683 472 834 540 solebant.
883 476 1068 544 Primerianr

55 583 149 646 urbem
161 577 236 644 iacit
255 579 377 649 Livius,
399 592 432 642 et
448 577 573 639 Hirtino
588 577 629 640 do
645 576 683 638 B.
701 573 767 640 nfr.
785 597 812 639 c.
834 591 891 656 05.
914 579 1068 660 oppidum

55 683 125 765 regni
142 674 400 772 opulentiffimum
416 679 506 743 dicit.
547 663 596 740 ita
608 697 726 760 nempe
741 679 907 758 opulentus
918 681 957 742 ad
973 681 1067 746 urben

40 781 177 848 'niem
228 782 375 846 Frontin.
400 791 437 861 4,
465 793 498 860 8,
525 774 831 870 14.opulentffma
853 777 927 844 urbs
947 781 1069 864 lingo·

54 907 128 956 num,
150 897 186 946 ut
199 884 252 945 atii
268 878 391 967 pnffim.
429 881 493 946 Sed
506 881 597 964 plura
614 883 758 962 exemplo
776 880 986 946 subministret
1004 882 1069 966 ipio

55 985 269 1061 biduom·
298 999 330 1056 o,
345 995 379 1062 5.
399 999 432 1048 o.
460 995 646 1063 5.o.4.et
667 985 772 1054 ro,6.
805 983 939 1065 Syphax
958 999 1068 1048 autent

53 1105 97 1148 rex
113 1079 356 1168 potentiss'tmue,
383 1096 523 1148 utantee
537 1085 650 1146 notavi
665 1101 705 1145 ex
720 1084 874 1156 sallustio,
905 1085 1070 1172 Carthagi·

53 1185 157 1250 nieniee
175 1188 208 1248 in
224 1185 313 1250 bello
326 1186 451 1248 Punico
468 1183 605 1248 fecundo
621 1197 730 1248 contro
749 1187 914 1252 iiomnnoe
933 1187 1067 1261 edinvit,

53 1301 79 1350 et
92 1288 213 1350 tandem
226 1307 244 1349 ι
257 1289 408 1370 Scipione
427 1299 536 1369 captur
557 1283 611 1350 est.
662 1286 735 1350 vid.
752 1287 871 1350 sallust.
887 1307 915 1352 0.
936 1288 958 1352 i.
992 1289 1066 1353 Liv.

54 1403 100 1469 80,
121 1405 172 1454 ro.
216 1387 405 1472 oopeturur
438 1406 535 1470 porro
567 1386 669 1450 modo
700 1406 757 1450 rex
789 1385 1067 1470 Maliaeiyliontnr.

52 1487 169 1574 (Polyb.
190 1491 245 1560 16,
265 1504 326 1571 23.
341 1489 467 1560 ¹Liviue
485 1501 543 1568 28.
565 1503 620 1566 17,
636 1498 673 1572 4.
695 1489 778 1554 conl.
801 1507 857 1570 29,
876 1503 933 1570 80,
954 1501 1009 1574 04.
1034 1505 1068 1556 et

51 1591 185 1654 Strabone
209 1605 264 1668 ι7.
296 1611 330 1675 p.
352 1602 436 1670 570.
455 1588 477 1652 i.
493 1585 602 1674 809.)
632 1591 732 1654 modo
755 1589 937 1656 Numidiae.
967 1591 1069 1678 (uasti

52 1677 247 1774 oiumpbniee,
264 1693 400 1776 Appian.
411 1689 527 1754 dereb.
541 1691 627 1755 Pun.
642 1711 670 1757 e.
685 1711 741 1756 ιο.
767 1692 839 1756 Liv.
857 1705 915 1772 24,
930 1703 989 1774 48.
1002 1692 1068 1778 iu.)

53 1791 172 1873 bbliyiio
192 1806 397 1879 regnatorem
419 1794 473 1854 dot
488 1792 585 1856 Siliue
607 1793 676 1856 lut.
700 1794 856 1867 16‚17t.
879 1814 975 1876 quem
991 1815 1069 1860 vere

54 1893 97 1956 iilo
114 1905 256 1978 tempore
284 1893 474 1956 Matinium
503 1890 593 1958 iuiffe
616 1913 656 1956 ex
679 1894 815 1978 Appiani
832 1914 860 1956 o.
877 1895 899 1958 l.
922 1893 1069 1969 discitur;

54 1995 96 2056 etti
113 1993 161 2057 hic
180 1997 279 2058 etiarn
312 1994 418 2078 postea
444 1995 578 2078 praemii
598 1996 733 2058 nomine
754 1995 907 2078 Syphacie
929 2015 1068 2084 regnum

54 2093 185 2160 obtinuit.
218 2096 294 2160 vid.
310 2093 422 2161 strato
440 2111 496 2174 07.
513 2115 547 2180 p.
564 2107 651 2175 570.
666 2093 688 2160 i.
705 2107 791 2178 809.
815 2109 849 2160 et
867 2096 933 2162 elii.

114 2296 199 2381 101)
250 2299 309 2362 Gr.
329 2289 423 2369 Ἰῶλ.
448 2312 482 2362 et
504 2297 591 2384 opud
612 2297 753 2364 Ptolem.
775 2307 812 2381 4,
836 2317 868 2364 o.
896 2299 1069 2366 coniuncte

56 2389 114 2462 'inii
132 2391 329 2488 Καισάρεια,
363 2400 453 2463 cuiue
474 2401 678 2485 cognomini·
705 2399 829 2464 conium
851 2413 885 2462 et
907 2403 1067 2489 originem
1147 2426 1150 2432 ’

56 2497 138 2562 adfert
150 2501 260 2566 strabo
284 2499 629 2584 17.p.571.i.831.
650 2493 688 2588 ἣν
710 2495 879 2577 ἐπικτίσας
897 2493 1027 2580 Ἰούβας
1048 2498 1066 2568 o‘

56 2597 104 2663 0οὓ
126 2598 339 2692 Πτολεμαίου
371 2595 480 2690 πατὴρ
518 2590 731 2690 μ’ἐτωνόμασε
764 2597 973 2692 Καισάρειαν.
1024 2605 1068 2666 Et

58 2698 119 2763 bine
137 2703 215 2767 Plin.
233 2717 268 2782 5.
290 2721 323 2770 ι.
339 2701 361 2766 i.
376 2718 410 2768 2.
430 2700 558 2766 inverso
580 2703 710 2767 ordine:
744 2703 896 2786 oppidum
918 2701 1068 2767 celeberri-

60 2823 127 2864 unm
150 2793 323 2896 Caesarea,
356 2816 454 2868 ureteo
477 2805 656 2868 vocitatum
687 2803 775 2878 Iotp
797 2803 896 2866 lubae
917 2807 1020 2888 regia,
1047 2827 1069 2868 o
1148 2834 1151 2845 ·

60 2899 134 2966 Divo
157 2905 295 2970 Claudio
321 2904 461 2968 coioniae
480 2907 545 2968 iure
568 2902 703 2969 donata.
754 2907 793 2968 ln
818 2907 959 2970 nominis
980 2904 1068 2971 eruin

61 3003 192 3070 consentit
215 3008 400 3090 Eutropius
417 3021 451 3084 7,
481 3025 536 3070 ro.
570 3006 627 3088 qui
655 3025 696 3070 ex
723 3007 888 3090 posteriori
913 3007 1070 3071 diviflone

61 3103 152 3168 orbern
165 3109 197 3170 in
212 3108 414 3172 Mauretania
432 3108 536 3191 ponit.
587 3105 718 3170 Nomen
735 3108 832 3194 igitur
852 3108 930 3170 illud
945 3127 1013 3172 non
1027 3109 1070 3172 ob

63 3205 194 3270 colonium
208 3229 226 3272 a
240 3209 381 3275 claudio
398 3209 568 3272 deductum
579 3203 713 3282 eoeeffit.
735 3211 784 3270 nti
799 3212 831 3271 in
847 3212 933 3271 notio
946 3207 1071 3274 iussu·

64 3307 159 3372 volunt
172 3311 331 3374 Graeviue
345 3323 379 3374 et
395 3309 589 3382 Gronovius,
620 3329 681 3373 nee
699 3311 775 3374 inde
791 3294 830 3372 de
846 3311 950 3374 Melae
970 3323 1071 3374 aetate

66 3411 219 3476 uniectnn
233 3413 305 3476 fieri
327 3411 446 3494 potest,
472 3407 525 3473 ieci
544 3411 579 3473 in
595 3409 754 3475 honorem
770 3410 916 3496 Augusti,
940 3413 989 3472 uti
1008 3411 1071 3474 ian

67 3507 129 3570 olim
142 3513 221 3575 vidit
234 3513 408 3576 Vndienno.
458 3509 537 3574 lube
551 3525 660 3576 autern
676 3513 729 3575 hie
748 3509 891 3578 diveriue
905 3511 949 3576 est
967 3511 1008 3575 ab
1021 3531 1071 3585 eo.

67 3609 109 3688 qui
122 3609 146 3674 ie
159 3613 308 3698 Pompeii
321 3627 356 3677 et
370 3611 605 3678 enebris-bello
620 3611 802 3686 immiscuit.
820 3611 856 3676 'et
872 3615 905 3675 in
920 3632 961 3677 eo
977 3615 1072 3677 inter·

68 3704 148 3776 tou
167 3715 327 3779 occubuit.
355 3711 459 3801 (Flor.
474 3723 510 3795 4.
528 3731 561 3788 2,
577 3709 638 3792 67.
668 3717 803 3798 Appian.
824 3715 865 3776 de
886 3715 925 3779 B.
946 3715 1019 3782 cto.
1038 3731 1072 3788 o.

74 3828 138 3882 too.
155 3817 198 3878 in.
232 3817 370 3900 Eutrop.
388 3817 421 3888 6,
447 3829 504 3897 08.
529 3816 653 3889 etalii,
685 3815 742 3877 etsr
763 3817 797 3878 in
815 3817 929 3879 mortio
949 3818 1073 3880 ratione

72 3911 252 4003 diecrepant.)
302 3917 415 3982 Noster
437 3917 523 3980 illiue
548 3914 611 3980 fuit
635 3917 733 3988 filine.
768 3931 804 3978 ut
829 3916 945 3982 diserte
968 3916 1074 3982 scribit

69 4010 161 4082 turbo
180 4033 234 4096 07.
256 4039 290 4106 p.
305 4031 392 4105 870.
406 4016 429 4084 i.
445 4029 530 4100 808.
561 4037 659 4105 quern
680 4017 856 4092 eumdum
876 4037 1016 4106 puerum
1037 4020 1074 4082 in
