2892 4950
146 393 199 452 1u
228 391 364 451 nour.
393 391 501 448 unc.
542 391 578 448 c.
601 391 625 447 1.
668 389 831 450 cxvuc
875 391 1005 464 uno
1047 405 1110 476 529

127 563 356 648 regnaret)
388 563 472 626 Nam
490 561 630 624 lletuunt
644 565 794 626 nonnulli
812 581 945 635 veterae,
964 565 1105 630 Aeneam

55 688 129 732 uon
151 665 309 752 navigasse
331 685 370 728 ex
391 667 507 736 Troia,
541 662 592 724 sed
615 665 841 736 ibi-unnfiffe.
875 668 985 729 relicto
1009 671 1106 730 etiam

56 767 285 832 successoribus
300 785 413 850 regno.
451 789 475 828 1.
492 783 696 828 ‘onouortve
712 765 788 828 MS.
812 787 841 828 ι.
894 766 945 832 Cf.
970 769 1105 849 Dionys.

56 871 167 934 Helie.
187 892 217 940 t,
234 881 294 946 53.
321 881 449 950 ecquae
471 885 511 930 ex
531 867 761 928 recentioribus
784 867 969 930 adtulerunt
988 869 1105 934 Cluve-

55 973 128 1033 rius
147 975 182 1031 in
205 971 275 1032 ital.
296 982 359 1030 ant.
383 969 438 1030 lib.
458 982 490 1044 3.
508 988 540 1049 p.
558 979 641 1044 832.
661 981 699 1028 et
717 967 892 1030 lloclrartue
912 971 945 1030 iu
963 971 1103 1052 dispute-

56 1075 164 1140 tione,
184 1091 263 1152 quae
278 1073 397 1132 adnexu
412 1069 454 1132 eil
470 1069 539 1131 eiue
557 1068 716 1150 operibus.
734 1089 814 1150 quoe
829 1067 944 1131 refutat
959 1072 1102 1155 liyckiue

55 1175 91 1234 iu
109 1170 181 1236 diss.
196 1173 236 1233 de
252 1173 363 1254 primis
380 1171 487 1232 ltaliae
503 1169 626 1230 colonie
641 1183 672 1230 et
689 1171 812 1232 Aeneae
833 1171 976 1232 adventu
997 1194 1023 1235 c.
1047 1189 1100 1238 12.

56 1274 217 1337 Ceterum
245 1291 313 1334 non
338 1269 523 1338 Ascanium,
555 1267 606 1332 sed
632 1269 827 1348 Polydorum
851 1285 977 1353 ceptum
1004 1294 1124 1356 eeque¹

56 1375 142 1436 urbe
159 1374 342 1436 redemtum
361 1369 460 1441 soille.
481 1368 577 1434 relect
593 1371 723 1434 Servius
740 1373 777 1432 ad
796 1374 903 1457 virgil.
922 1375 1000 1437 den.
1017 1389 1047 1450 3.
1066 1378 1100 1440 6.

55 1476 182 1539 Conon
205 1487 318 1536 narrat.
342 1482 403 1550 41.
437 1473 492 1534 ubi
521 1485 687 1552 utramque
716 1474 858 1534 nominis
886 1473 1005 1535 causam
1036 1477 1102 1538 lovi

55 1576 292 1638 immutatione
307 1571 426 1646 adfert.
449 1572 620 1638 Ascanium
636 1570 740 1656 ipsum
756 1571 786 1637 se
803 1595 838 1636 ee
853 1575 924 1638 data
937 1579 1101 1644 redemisse

56 1676 181 1740 scribit.

229 1881 259 1957 §.
288 1890 321 1956 3.
376 1875 600 1958 Gargara)
651 1877 705 1940 Gr.
725 1870 903 1964 Γάργαρα,
931 1872 1024 1952 πόλις
1043 1881 1102 1960 τῆς

56 1969 217 2068 Τρωάδος
237 1971 286 2043 ἐπὶ
310 1975 354 2064 τῆ
373 1971 462 2066 ἄκρᾳ
484 1979 542 2064 τῆς
567 1969 662 2066 Ἴδης.
698 1979 917 2060 (Stephanus)
969 1984 1101 2064 Proprie
1139 2065 1142 2072 ἦ

59 2082 243 2164 Gargarum
277 2081 351 2141 ldae
384 2097 495 2142 vertex
526 2077 604 2150 suit,
640 2081 687 2140 uti
719 2081 884 2140 adsument
908 2083 1020 2144 Strabo
1042 2097 1097 2161 13.

54 2203 88 2265 p.
105 2193 197 2260 401.
220 2177 242 2242 s.
260 2191 344 2260 585.
380 2179 516 2262 Hesyelu
538 2180 572 2244 h.
593 2201 624 2244 v.
653 2181 792 2242 Macrob.
814 2181 971 2243 saturnal.
990 2197 1020 2258 5.
1040 2199 1098 2249 9ο.

55 2285 189 2364 aliique,
213 2283 247 2340 in
270 2283 381 2364 primia
400 2283 532 2344 Homer.
555 2283 590 2344 ll.
613 2293 666 2362 14.
690 2295 772 2360 999.
808 2281 863 2342 ubi
888 2295 979 2344 vocat
999 2276 1100 2370 ἄκρον

47 2375 137 2470 Ἴδης
160 2371 313 2468 ὑψηλῆς,
339 2397 372 2444 et
393 2395 426 2458 8,
448 2395 509 2462 47.
538 2380 662 2472 μητέρα
683 2380 802 2470 θηρῶν.
854 2381 967 2464 Neque
992 2399 1100 2448 tamen

54 2487 170 2546 minue
194 2484 305 2565 plurali
327 2485 424 2544 etiem
441 2502 576 2544 numero
592 2485 688 2566 aliqui
710 2485 865 2552 efferunt.
900 2499 935 2544 ut
951 2486 1099 2567 Epichar·

53 2607 131 2649 mue
157 2585 242 2666 apud
270 2583 409 2648 Macrob.
426 2605 451 2646 c.
470 2586 492 2647 l.
523 2585 701 2666 Stephanus
722 2585 754 2645 h.
779 2605 811 2647 v.
848 2583 986 2648 Ovidius
1009 2589 1096 2670 episi.

60 2689 118 2760 16,
142 2701 224 2768 107..
251 2687 366 2748 sonos
382 2685 485 2749 Theb.
503 2707 530 2755 1.
546 2697 631 2765 549.
659 2688 782 2747 Plinius
797 2699 830 2764 5,
850 2686 938 2764 59.[.
955 2701 1011 2766 30.
1048 2691 1097 2752 De

55 2803 201 2869 utroque
223 2806 358 2848 numero
382 2799 578 2848 monuerunt
601 2787 739 2850 Eullath.
762 2788 801 2848 ad
829 2788 962 2851 Homer.
981 2790 1017 2850 ll.
1043 2800 1096 2867 14.

56 2905 146 2969 999.
168 2909 202 2969 p.
218 2907 262 2949 m.
280 2900 364 2965 978.
380 2897 441 2966 4o.
468 2901 500 2948 et
517 2889 646 2950 Servius
665 2890 796 2949 adden.
815 2900 847 2964 5.
866 2903 949 2967 759.
1003 2890 1097 2952 Plura

55 2990 184 3052 dabunt
200 2988 333 3050 Solanue
350 3003 382 3048 et
399 2991 430 3048 in
450 2990 560 3072 primic
580 2987 791 3050 liemslerhus.
810 2989 847 3048 ed
867 2989 998 3049 Luciaoi
1019 2992 1094 3054 dial.

54 3091 303 3154 Deor.12.in.
335 3089 500 3170 Garganus
524 3088 712 3152 insolentius
735 3091 817 3150 dixit
842 3089 953 3150 Vibiue
983 3106 1093 3171 12²9·
1147 3072 1152 3081 .

54 3191 195 3256 Causam
216 3191 358 3252 nominis
381 3212 446 3250 non
467 3195 600 3255 eandem
628 3189 775 3252 adserunt
804 3188 1026 3261 Granamatici‚
1061 3203 1097 3252 ut

52 3293 239 3376 Stephanue
255 3291 288 3353 h.
305 3311 338 3353 v.
364 3291 504 3356 Eustath.
520 3313 546 3356 c.
564 3293 584 3356 1.
612 3293 700 3354 etad
723 3292 760 3353 ll.
778 3303 811 3368 8.
829 3302 887 3371 48.
906 3311 937 3372 p.
954 3311 998 3353 m.
1011 3304 1095 3372 577.

53 3405 118 3478 44.
153 3393 301 3472 Etymol.
323 3391 370 3454 M.
387 3393 419 3456 h.
436 3413 469 3456 v.
506 3383 629 3480 ”Augur
654 3392 758 3476 ipsum
783 3393 956 3474 Gargarum
979 3405 1097 3455 vocent
1221 3477 1222 3484 ἵ

52 3494 171 3558 Strabo
186 3507 241 3573 15.
259 3512 291 3576 p.
305 3501 390 3575 417.
407 3492 427 3556 s.
442 3495 525 3558 606.
551 3509 583 3556 ot
599 3495 789 3576 Stephanus.
816 3489 1013 3579 ἀκρωτήριον
1032 3493 1096 3556 He·

52 3595 185 3676 tychius
206 3613 234 3658 c.
254 3594 277 3656 l.
305 3596 391 3676 quod
413 3594 452 3656 ab
472 3596 568 3658 altera
589 3609 676 3678 parte
697 3593 878 3656 includebat
899 3595 1097 3684 Adramytte-

51 3716 139 3758 num
155 3696 272 3764 finum.
293 3695 419 3777 (Strabo
435 3715 462 3758 c.
476 3694 513 3777 1.)
540 3716 612 3764 cum
628 3709 736 3758 contre
750 3695 873 3756 Plinius
890 3707 921 3770 5.
936 3709 991 3774 59.
1003 3693 1024 3758 s.
1038 3713 1096 3778 30.

52 3820 70 3860 a
90 3799 188 3860 litore
202 3809 378 3859 removeat.
418 3797 480 3860 Sed
499 3794 538 3860 cs.
560 3799 721 3879 deinceps.
763 3798 800 3857 ln
819 3797 876 3858 illo
893 3807 1097 3858 veromente

53 3899 75 3962 s.
96 3898 325 3982 promontorio
348 3896 422 3958 urbe
441 3897 518 3957 olim
537 3896 619 3960 sletit
636 3897 817 3979 Gorgones,
840 3889 880 3982 (ἦ
903 3892 1096 3982 Γάργαρος)

50 4021 153 4084 qoam
169 3998 389 4060 inhabitenrnt
407 3999 547 4082 Leleges.
574 4000 724 4075 (Alcmeo
741 3999 825 4078 apud
842 3998 992 4076 Stephon.
1011 3999 1043 4061 h.
1062 4017 1097 4065 v.

50 4119 87 4167 et
112 4100 259 4180 Etymol.
280 4097 327 4161 M.
352 4099 386 4164 h.
404 4095 459 4182 r.)
510 4099 716 4162 Femiuinum
744 4096 817 4160 lacit
843 4099 940 4160 etiam
974 4117 1116 4177 nomen⁸

104 4219 201 4292 Pomp.
219 4216 313 4277 Mela.
333 4215 449 4290 Exegtt.
467 4215 503 4271 L.
523 4217 545 4270 l.
788 4198 841 4264 Η
