2756 4964
326 425 388 508 aaa
593 428 756 488 atoaata
795 427 1100 488 axuou'trcaa

326 607 420 676 vitra,
445 619 511 684 quo
526 604 662 664 nomine
677 621 764 665 nune
778 602 884 666 vocari
904 615 1019 686 putant
1034 615 1176 666 auctorat
1191 593 1337 680 duplicani

326 705 398 770 hist.
414 705 529 768 cathol.
550 705 635 802 Vol..
646 705 700 768 16.
717 723 750 787 p.
769 718 851 785 115.
876 717 911 766 et
931 707 1155 788 epitomatorea
1169 701 1236 762 vot
1253 712 1283 758 a.
1297 695 1338 754 in.
1358 729 1359 780 r

327 811 372 873 At
391 807 509 868 reatina
527 805 622 872 shaw
644 806 685 869 Τ.
703 825 733 868 r.
756 825 790 888 p.
811 818 891 883 ¹¹5·
907 826 935 870 a.
950 807 971 869 l.
992 825 1067 868 enm
1083 804 1179 868 hodie
1191 799 1234 862 ab
1247 795 1341 859 drabi·

326 909 388 972 bue
408 907 556 990 adpellari
576 906 672 969 dicite
705 897 867 996 Sufrt'1'm
880 941 892 956 ·
907 927 978 969 mar
999 905 1021 971 i.
1038 903 1191 968 Kammet.
1236 896 1342 962 Probat

327 1013 361 1073 id
383 1009 489 1074 Cirtae
509 1009 586 1070 fitne
609 1007 643 1070 h.
663 1005 873 1102 conflanta,
897 1021 930 1071 et
941 1009 1031 1090 'quod
1049 1004 1141 1069 Wed
1154 1037 1167 1051 ·
1180 1001 1230 1064 ei-
1245 995 1343 1061 Iit'batt

328 1113 459 1196 longine
474 1109 553 1171 hinc
566 1108 607 1170 ad
623 1108 821 1172 occidentem
839 1109 920 1174 fluit.
972 1106 1174 1191 Conspicitur
1190 1103 1244 1173 ibi.
1267 1095 1344 1181 qaod

328 1210 424 1276 refert
432 1210 540 1273 Poiret
553 1212 690 1294 (voyage
703 1227 744 1272 en
759 1209 900 1273 barbarie
914 1211 951 1274 P.
969 1229 998 1273 1.
1014 1211 1107 1272 lettre
1119 1214 1175 1288 alp.
1189 1225 1221 1288 p.
1233 1201 1305 1266 166.
1313 1195 1344 1274 i)

275 1321 282 1342 ¹
329 1333 414 1398 pona
440 1311 525 1374 bene
554 1308 711 1382 servatae,
747 1312 889 1394 itemque
921 1312 1005 1372 hand
1031 1309 1141 1393 procul
1174 1305 1248 1367 inde
1268 1315 1346 1363 araur

330 1412 544 1496 triumphalia.
600 1411 753 1479 Ceterum
781 1405 934 1504 Ampsaci
962 1412 1101 1496 pendere
1127 1413 1162 1472 in
1191 1407 1251 1469 hoc
1273 1417 1347 1464 nexu

330 1516 461 1578 videtur
479 1533 497 1576 a
516 1507 674 1598 litamina,
699 1529 736 1574 nt
756 1512 831 1575 alibi
848 1512 952 1597 saepe,
978 1513 1033 1575 etsr
1049 1512 1154 1595 poeria
1170 1507 1240 1572 ioiia
1256 1499 1350 1586 largiri

330 1617 421 1680 malit
436 1615 538 1678 Cerda
554 1615 591 1676 ad
608 1615 717 1701 Virgil.
733 1614 814 1678 den.
825 1627 858 1694 5,
873 1625 956 1694 504.
979 1633 1054 1676 oum
1069 1627 1178 1676 tamen
1193 1622 1226 1672 et
1240 1607 1277 1668 tio
1289 1615 1359 1687 ptos

332 1717 404 1782 [aiei
419 1715 547 1786 soleant.
565 1729 603 1776 ut
619 1715 739 1779 flumen
755 1716 871 1788 Rheni,
888 1716 1019 1777 Eridani
1042 1744 1093 1759 -
1125 1713 1199 1776 Vid.
1215 1707 1352 1773 anema

271 1863 274 1877 ·
332 1821 372 1884 ad
395 1818 479 1882 Flor.
496 1833 529 1889 a,
548 1817 582 1888 6,
609 1829 663 1895 18.
697 1818 863 1882 staveren.
887 1819 925 1879 ad
944 1817 1063 1900 Hygin.
1083 1829 1172 1898 poet.
1196 1813 1302 1875 astron.
1325 1819 1359 1885 50¹

313 1931 394 2002 Ἔα.
415 1939 448 2003 p.
463 1931 548 1999 533.
570 1931 603 1981 et
623 1937 703 2001 quoa
724 1920 866 1982 laudant.
916 1921 977 1980 Sed
1000 1931 1033 1980 et
1051 1917 1236 2000 fimplioiter
1252 1910 1359 1975 eodem]

334 2020 406 2086 casu
425 2039 547 2085 nomen
570 2023 735 2104 proprium
755 2033 789 2082 et
810 2019 1054 2103 repetiturum,
1088 2017 1152 2079 five
1178 2015 1259 2079 illud
1280 2029 1356 2095 prae·

325 2124 443 2194 aedat.
470 2119 714 2202 insequatur,
743 2135 890 2203 ponunt.
919 2121 959 2181 de
982 2139 1045 2200 quo
1065 2118 1166 2183 Corte
1185 2118 1224 2180 ad
1246 2109 1359 2178 sadud:

337 2227 408 2311 lug.
419 2243 446 2287 a.
463 2219 548 2285 rat.
575 2222 786 2306 Oudendorp.
799 2223 839 2292 ad
854 2222 914 2284 lul.
929 2219 1014 2284 caet
1025 2221 1065 2282 de
1080 2219 1118 2283 B.
1129 2219 1212 2282 Gaii.
1224 2232 1256 2298 3,
1274 2233 1306 2296 9.
1318 2213 1359 2272 tn.

336 2325 489 2406 staveren
513 2324 551 2384 ad
576 2321 695 2405 Nepot.
719 2342 748 2394 ι.
770 2342 800 2396 a,
822 2333 858 2404 4.
884 2335 918 2387 et
935 2341 1014 2405 quoa
1032 2321 1087 2384 hio
1105 2322 1267 2406 producit.
1314 2315 1359 2378 Sia

227 2415 229 2420 ’
334 2426 428 2497 urba,
459 2423 551 2486 arbor
572 2437 605 2488 et
626 2423 749 2492 iimilia.

412 2622 650 2716 angustior)
699 2623 886 2688 increscenti
903 2628 993 2688 enim
1012 2645 1028 2688 a
1046 2624 1192 2690 faucibus
1209 2619 1359 2688 Gaditani

337 2728 450 2812 peiago
470 2727 562 2789 litora
585 2728 715 2790 cedunt.
746 2747 933 2790 ventanae.
985 2729 1074 2788 Errat
1094 2729 1147 2789 hic
1166 2727 1267 2798 Mein
1298 2729 1359 2783 natu

339 2829 384 2892 eii
410 2829 513 2891 latior.
548 2845 717 2890 oaaavrra
740 2829 817 2892 MS.
867 2829 956 2889 iuxta
982 2848 1068 2890 mare
1101 2829 1359 2891 mediterraneum

339 2947 408 2992 non
423 2929 467 2992 est
481 2942 544 2990 tam
561 2929 632 2993 iata.
686 2931 720 2990 id
735 2949 813 2992 vero
828 2929 871 2991 ita
883 2928 943 2991 elie
957 2928 1025 2992 satia
1038 2929 1113 2991 inde
1127 2929 1266 2997 constat.
1288 2917 1359 3006 quoi

340 3031 419 3094 haec
438 3041 531 3104 verua
553 3026 706 3090 Numidia
726 3029 829 3112 postea
850 3031 948 3093 etiarn
971 3028 1031 3090 fnit
1053 3031 1203 3092 attributa
1227 3025 1359 3090 Manrita

340 3132 411 3194 niae
427 3129 483 3191 tub
498 3133 629 3192 nornine
644 3129 855 3196 Caesariensra.
878 3149 902 3194 a.
919 3149 1114 3193 onorrorrve
1131 3132 1208 3194 MS.
1225 3152 1255 3193 a.
1280 3121 1359 3191 strar

340 3233 382 3306 T.
403 3253 433 3294 r.
455 3251 488 3312 p.
512 3251 564 3310 ¹9·
584 3251 612 3295 c.
628 3231 649 3294 1.
672 3246 802 3315 propter
824 3252 875 3302 ea.
904 3251 983 3314 qnae
1001 3245 1091 3294 autea
1107 3232 1148 3294 de
1170 3229 1359 3292 Malachae

224 3413 228 3422 Ι
341 3330 505 3397 Caesareae
530 3331 587 3392 ritu
603 3333 740 3404 dixerat,
773 3333 939 3395 arbitratur
953 3332 1183 3394 Mauretaniam
1197 3328 1359 3395 Caesaried

341 3432 405 3496 iarn
420 3451 517 3514 aeque
532 3431 593 3494 lata
607 3432 745 3514 patuiiie.
762 3453 797 3496 ac
811 3432 996 3495 Numidiam
1013 3431 1298 3513 Maliaeiyliorum.
1333 3427 1359 3490 Si

340 3533 465 3618 positia,
495 3553 573 3614 quae
588 3535 628 3594 de
644 3535 859 3596 Mauretaniae
882 3545 915 3598 et
931 3532 1105 3595 Numidiae
1123 3535 1273 3596 terminia
1291 3531 1359 3612 supr

342 3633 413 3698 [unt
426 3635 518 3704 dicta,
543 3635 762 3696 Ptolemaeum
775 3633 931 3718 inspicias.
955 3633 1109 3696 Numidia
1122 3634 1160 3695 ad
1176 3633 1359 3717 Ampsagant

340 3736 423 3798 ultra
438 3755 533 3816 qnam
548 3747 704 3814 praeterea
719 3735 839 3798 Cirtam
853 3736 964 3816 ponit.
988 3733 1095 3797 versuo
1110 3753 1196 3796 mare
1210 3735 1257 3796 est
1272 3735 1359 3795 latior

341 3837 390 3901 Ex
406 3837 559 3898 Antonini
577 3850 683 3898 tamen
699 3837 939 3917 computatione
956 3857 989 3918 p.
1006 3853 1027 3916 9
1044 3834 1105 3918 sqq.
1126 3836 1348 3897 coniiciuntur

341 3937 438 4020 Tingi
455 3935 493 3997 ad
509 3937 644 3997 Portum
659 3936 814 4020 Magnum
830 3939 915 4015 659.
932 3938 979 3999 Μ.
995 3937 1031 4000 Ρ.
1054 3951 1087 3999 et
1110 3935 1186 3998 hinc
1209 3937 1252 3997 ad
1272 3934 1359 4000 Chul

342 4037 570 4119 arruniaipium,
603 4037 688 4118 qnod
711 4037 828 4118 excipit
847 4037 1017 4108 ituireade.
1053 4037 1137 4118 556.
1161 4037 1209 4102 M.
1230 4037 1272 4102 Ρ.
1299 4053 1359 4118 qua

341 4137 472 4222 quidem
492 4136 597 4200 Melae
617 4139 830 4202 narrationem
856 4150 996 4204 tuentur.
1178 4161 1182 4172 ·
