2922 4958
230 407 284 468 ΙΝ
310 407 446 468 ΡΟΜΡ.
473 409 582 472 MEL.
624 403 710 467 Li.
754 411 888 469 c.x1x.
930 411 1008 484 45.
1077 407 1139 494 569

161 581 327 678 stadiis
351 581 554 668 quinque)
591 585 730 656 varient.
752 599 787 646 ut
807 583 884 648 [olor
900 585 934 648 in
951 586 1011 658 hie,
1033 601 1140 652 aucto·

96 705 161 748 ree.
200 685 312 748 Strabo
331 699 363 748 Ω.
380 683 483 767 4186.
500 681 521 749 l.
546 697 624 763 125.
647 679 879 774 τετραστᾶδιον
900 685 989 759 iacit,
1016 703 1143 752 utente

101 789 288 849 Herodorue
309 795 344 864 4,
363 797 423 864 85.
449 786 516 866 poll
537 787 739 872 Agathemer.
763 805 795 860 2,
825 799 880 868 14.
908 792 1033 872 dequo
1055 792 1144 854 dein·

99 909 184 972 ceps,
216 886 395 950 Philossret.
423 889 554 973 imagin.
575 909 605 960 1,
628 903 682 953 111.
718 905 750 952 et
777 889 917 952 Eustoth.
942 893 980 952 ari
1008 891 1141 972 Dionys.

99 1011 134 1052 v.
158 1001 239 1070 140.
267 988 392 1052 Plioirre
406 998 442 1068 4,
460 999 518 1068 114.
537 987 629 1054 [12.
649 991 760 1052 eedem
776 990 920 1054 mensura
937 987 1142 1058 lariu'rdinem

101 1093 145 1155 D.
163 1092 200 1153 P.
226 1109 367 1172 quocum
388 1108 427 1152 ex
450 1109 539 1154 more
560 1089 764 1154 consentiunt
780 1093 907 1156 Solinue
922 1114 949 1157 c.
973 1092 1061 1172 151.
1086 1111 1140 1159 12.

98 1207 133 1254 et
154 1191 301 1262 Mation.
326 1191 403 1273 Cap.
426 1190 482 1256 lib.
501 1194 535 1258 6.
556 1213 589 1276 p.
605 1207 690 1272 213.
726 1196 867 1276 quinque
895 1197 1018 1258 circiter
1049 1196 1142 1258 stadie

101 1306 251 1356 numerat
263 1292 379 1370 Polyb.
395 1301 428 1372 4.
444 1301 505 1372 43.
535 1293 629 1356 lindio
655 1297 677 1358 6
699 1297 952 1379 Agotbemer.1.
977 1312 1009 1374 5.
1036 1295 1141 1360 lecum

99 1413 265 1479 pugnem,
298 1394 385 1454 unde
408 1413 582 1458 numerum
612 1410 798 1478 corruptum
824 1397 928 1460 ceoiel
950 1401 1141 1463 Teonuliur.

102 1499 195 1580 Quae
215 1495 346 1576 quidem
371 1495 578 1578 discrepantia
605 1517 622 1558 a
644 1497 789 1560 locorum
812 1499 972 1562 variorum
998 1502 1144 1565 terminio

98 1593 315 1682 intelligitur,
352 1615 427 1656 cum
454 1591 686 1683 angustiffimus
714 1600 749 1659 fit
774 1599 933 1683 Bosporos
965 1603 1002 1662 od
1030 1601 1144 1664 fanum

100 1699 211 1770 Iovio,
243 1697 351 1760 minue
372 1697 411 1758 ad
432 1699 627 1762 Hermaeum
651 1703 930 1783 promontorium,
963 1703 1009 1764 uri
1032 1705 1144 1766 docuit

103 1799 230 1879 Gyliiue
245 1799 286 1860 do
300 1795 444 1879 Bosporo
466 1819 494 1871 1,
514 1813 548 1880 5.
564 1823 596 1884 p.
607 1810 667 1883 49.
692 1805 747 1883 qui
769 1801 834 1886 ipie
850 1811 874 1880 4
890 1803 1059 1866 stadiorum
1076 1806 1145 1866 lati·

101 1903 218 1962 tudine
233 1899 294 1960 elle
315 1897 380 1960 iolo
401 1901 534 1981 quidem
554 1902 721 1965 oculorum
742 1905 862 1966 iudicio
883 1905 1009 1966 adiutus
1028 1904 1143 1976 censet,

102 2022 178 2064 oum
194 2001 233 2062 ab
255 2002 314 2062 alia
335 1999 480 2064 mensure
502 2004 623 2066 accolae
640 2025 715 2066 eum
732 2005 961 2068 deterruilient.
999 2007 1145 2069 Tourne·

101 2101 169 2167 fort
188 2121 313 2187 voyage
334 2101 375 2164 T.
397 2117 429 2167 α.
453 2103 545 2167 lettre
567 2117 621 2182 15.
643 2126 676 2188 p.
692 2115 776 2186 398.
797 2107 896 2168 latum
922 2107 1000 2168 dicit
1021 2108 1146 2170 circiter

108 2205 271 2267 rmiliare
293 2203 471 2276 Gallicum.
504 2207 542 2268 eri
570 2207 766 2268 Hermaeum
795 2221 865 2286 800
892 2207 1005 2288 paline.
1058 2209 1145 2298 ilinc

102 2325 184 2370 vero
199 2305 326 2366 Plinius
346 2305 402 2368 lib.
422 2303 455 2372 6.
470 2309 515 2371 io.
538 2309 696 2377 adfirmat.
724 2323 834 2371 cantus
855 2329 1034 2390 canumque
1057 2310 1146 2372 latm-

104 2422 158 2472 tue
181 2409 325 2468 invicem
348 2407 468 2479 audiri,
501 2411 592 2473 vocie
617 2411 714 2472 eriam
741 2411 929 2472 commercia
955 2413 1037 2472 inter
1063 2413 1146 2474 duo·

103 2511 200 2573 orbee
220 2521 371 2570 manente
385 2509 576 2592 conloquio,
603 2511 659 2572 oiir
681 2531 755 2572 com
773 2513 806 2572 id
827 2510 930 2594 ipsum
952 2513 1043 2574 venti
1064 2509 1148 2574 aufe·

103 2627 188 2673 rant.
226 2609 361 2670 ‘Eadem
391 2611 426 2671 io
458 2609 617 2674 statuenda
642 2613 848 2696 longitudine
869 2633 909 2675 ex
934 2615 1149 2676 terminorum

85 2713 204 2784 ,vario
226 2711 400 2772 intervallis
421 2723 550 2774 notetur
572 2713 751 2784 diversitas,
785 2727 818 2776 et
839 2715 934 2796 aliqui
962 2731 1030 2778 120
1055 2715 1148 2779 stadie

107 2815 129 2878 l.
152 2827 195 2890 15
216 2811 262 2874 Μ.
282 2811 319 2874 Ρ.
342 2810 508 2886 adierunt,
542 2816 581 2875 de
603 2835 669 2896 quo
690 2830 815 2888 lernen,
842 2818 912 2895 quia
935 2817 971 2876 ad
997 2816 1148 2878 Nollrurn

108 2916 260 2998 proxime
284 2931 352 2974 non
376 2915 477 2984 volet,
502 2913 541 2978 ci.
567 2915 690 2995 Gyllioe
713 2939 740 2985 1,
757 2931 789 2978 2.
810 2936 837 2978 c.
854 2917 876 2980 1.
901 2930 935 2978 et
951 2915 1150 2980 Tournefort

106 3016 175 3080 c.l.
197 3015 239 3076 de
258 3011 380 3078 difficili
402 3017 608 3101 navigatione
623 3017 779 3098 Polybius
794 3025 828 3100 4.
846 3028 906 3096 45.

185 3213 460 3280 disterminat
468 3217 487 3301 )
535 3220 588 3283 Sic
602 3215 771 3296 Aeschylus
785 3219 818 3280 in
832 3216 999 3282 Prometh.
1014 3237 1048 3282 v.
1064 3220 1150 3300 796.

102 3316 289 3402 Bosporum
305 3319 518 3384 Cimmerium
543 3313 682 3408 ᾖπείρων
703 3311 777 3408 ὅρον
800 3333 902 3383 vocet.

184 3512 428 3613 Bosporus)
478 3520 534 3587 Gr.
550 3518 733 3610 Βόσπορος,
761 3523 865 3601 ‹lictuo
879 3543 895 3585 11
911 3518 1010 3584 bobus
1028 3519 1154 3584 meabili

109 3621 263 3716 transitu.
291 3624 387 3703 (Plio.
403 3623 458 3685 lib.
477 3623 510 3686 6.
530 3628 590 3705 in.)
643 3627 716 3687 Huc
736 3623 879 3687 referunt
902 3622 1039 3684 fabulam
1059 3624 1099 3684 de
1115 3626 1152 3686 Io

109 3729 147 3789 in
165 3745 294 3788 vaccam
311 3738 451 3795 mutata,
477 3745 559 3805 quoe
581 3728 659 3789 illud
678 3725 798 3788 fretum
815 3727 980 3794 iniecerit,
1006 3726 1153 3805 (Apollo-

110 3829 182 3892 dor.
201 3843 235 3898 Ω,
262 3849 291 3897 1.
314 3841 347 3903 5.
383 3823 518 3905 Dionys.
542 3848 575 3892 v.
599 3840 703 3907 ιι4ο.
741 3828 849 3890 schol.
875 3827 1040 3907 Apollonii
1061 3826 1100 3887 ad
1126 3847 1154 3896 r.

117 3939 227 4011 1114.
256 3942 289 3998 2,
313 3929 390 4005 168.
409 3931 476 4008 -)
503 3929 557 3992 etii
573 3931 605 3991 id
623 3931 676 3992 olii
693 3929 732 3988 de
749 3929 927 3990 Cimmerio
944 3924 1098 3996 referunt,
1119 3940 1156 3988 ut

111 4029 287 4111 Aeschylus
308 4029 342 4090 in
362 4029 557 4093 Prometheo
575 4051 608 4095 v.
625 4045 710 4110 759.
744 4029 894 4114 Hyginus
918 4026 980 4092 iob.
1005 4040 1086 4108 145.
1107 4057 1157 4074 -

113 4135 253 4197 undeet
273 4131 327 4194 hic
348 4151 367 4195 a
390 4129 586 4196 Callimacho
611 4135 646 4196 in
670 4131 764 4196 Dion.
784 4151 816 4195 v.
842 4140 927 4212 254.
950 4123 1040 4212 ,βοὸς
1061 4124 1160 4220 πόρος
