2922 4958
171 333 529 443 annotaturum.
570 383 650 440 1..1.
695 383 828 442 cmx.
870 385 970 456 aar.
1034 382 1097 466 ιι,

55 559 235 622 Amazones
258 557 441 628 habitarint,
472 576 606 638 quarum
631 569 739 620 tamen
763 555 816 620 sua
837 571 937 621 aetate
961 578 1020 621 nec
1039 579 1099 624 no·

57 681 155 733 men,
183 679 244 722 nec
268 660 457 722 memoriam
481 659 623 720 relictam
648 657 736 722 soille
757 661 901 722 adfirmat
922 660 1099 743 Procopius

57 764 100 824 de
117 763 155 826 B.
175 761 275 824 Goth.
291 771 326 842 4.
341 775 373 836 3.
400 761 445 824 in.
509 760 558 824 td
581 757 842 842 septemtrionem
866 781 943 824 vero
969 761 1099 824 Caucasi

56 861 195 927 borealia
222 866 316 944 pouit
339 865 436 924 etlam
460 861 600 924 Euslatb.
620 863 658 923 ad
683 859 817 942 Dionys.
839 883 872 927 v.
890 875 973 943 589.
1025 865 1099 936 Alii,

57 967 115 1047 qui
135 967 169 1026 in
186 964 254 1027 loa
272 977 415 1046 ponunt,
446 965 582 1026 minime
602 963 659 1024 fibi
679 963 838 1035 cuuslant,
866 965 900 1024 in
920 967 959 1027 iia
977 965 1101 1029 Pliniua

61 1069 95 1136 6,
118 1085 174 1130 ιο.
198 1079 230 1127 et
252 1063 346 1129 rt.l.
367 1085 421 1129 ro.
472 1065 523 1127 lbi
550 1066 750 1135 Armeniam,
784 1063 943 1148 Sophenia
974 1080 1101 1129 tantum

58 1167 271 1250 interpositio,
297 1167 335 1228 ab
353 1167 390 1228 iia
412 1165 514 1228 claudi
535 1165 654 1238 scribit;
688 1166 741 1226 hic
757 1165 978 1228 Colchicarum
996 1166 1102 1228 solitu·

59 1270 178 1330 diuum
209 1269 290 1330 latua
320 1270 359 1330 ad
394 1269 570 1332 Ceraunios
595 1269 696 1338 verti,
740 1267 796 1328 ubi
829 1266 1032 1331 Moschorum
1058 1269 1103 1332 esi

61 1383 180 1432 tractus
195 1369 232 1429 acl
249 1371 377 1430 iberum
399 1390 544 1439 aurarem,
566 1370 620 1450 qui
640 1370 672 1428 in
690 1367 813 1449 Cyrum
835 1369 956 1432 defluit.
1003 1370 1103 1453 Quae

58 1473 156 1533 notio
174 1470 258 1531 slutra
277 1483 309 1532 et
327 1491 405 1556 vaga
426 1484 494 1533 orta
516 1469 559 1532 est
580 1490 619 1531 ex
641 1469 874 1533 Cerauniorum
893 1469 1103 1554 descriptione

58 1573 97 1632 in
111 1571 218 1634 varior
234 1586 376 1642 montet,
403 1571 516 1656 quibua
531 1571 611 1632 illud
629 1591 750 1633 nomen
769 1574 994 1634 contineretur.
1029 1574 1102 1636 Vid.

58 1672 146 1736 Plin.
167 1684 199 1750 5,
218 1684 276 1751 28.
298 1671 396 1749 s.27.
445 1673 587 1736 Ulterius
615 1687 722 1734 autem
754 1671 866 1734 Noller
891 1675 1103 1758 progreditur,

60 1775 141 1836 dum
158 1788 192 1850 3,
210 1787 243 1852 5,
258 1783 294 1854 lp.
314 1775 383 1836 Rha
398 1772 433 1836 fr.
451 1794 489 1836 ex
511 1775 550 1836 iis
567 1773 706 1844 deducit,
729 1773 985 1856 licomparemua
1000 1775 1105 1837 Ptole·

60 1895 204 1947 maeum,
227 1875 282 1937 etsi
298 1891 331 1938 et
346 1877 398 1936 hic
413 1875 492 1936 ultra
509 1873 680 1939 Caucasum
697 1875 875 1939 Ceraunios
890 1889 1016 1938 montet
1032 1895 1104 1958 pro·

59 1990 188 2039 movet.
227 1976 269 2038 At
284 1979 380 2040 ceteri
400 1977 534 2039 omniuo
550 1975 725 2040 Caucasum
738 1977 777 2037 ad
794 1975 946 2039 Colchida
964 1989 1103 2059 ponunt,

58 2089 94 2140 et
116 2077 194 2140 inde
214 2075 321 2141 versun
337 2077 483 2160 Caspium
499 2097 585 2140 mare
607 2079 798 2141 extendunt.
849 2079 902 2140 Sic
915 2079 1000 2161 apud
1022 2080 1103 2141 Stra-

57 2177 185 2240 bonem
205 2199 261 2242 rt.
282 2201 317 2262 p.
334 2181 418 2260 563.
433 2178 455 2241 s.
473 2192 557 2258 527.
582 2178 737 2241 Caucasus
753 2179 900 2248 Albanos,
921 2181 1026 2241 iberas
1046 2180 1104 2240 cir·

59 2281 212 2350 cumrlat,
238 2279 421 2344 Armeniam
438 2281 590 2366 adtingit,
628 2293 758 2342 etcum
778 2278 946 2342 Moschicie
973 2280 1104 2343 Colchi·

59 2381 173 2462 cisque
198 2381 363 2444 montibus
389 2383 428 2442 ad
461 2383 635 2443 Tibarenoa
668 2383 884 2464 coniungitur.
931 2383 983 2444 Sic
1007 2382 1104 2466 Argo·

59 2495 193 2552 naulae,
227 2483 283 2544 ubi
304 2483 437 2565 propina
459 2483 498 2544 ad
517 2482 670 2545 Colchida
691 2483 817 2544 advecti
838 2481 925 2552 sunt,
952 2483 1104 2545 dicuutur

62 2581 251 2653 Caucasum,
276 2584 461 2646 Promethei
478 2583 592 2654 cubile,
618 2582 817 2664 conspexisse.
850 2579 1021 2669 (Apollon.
1039 2584 1104 2648 sih.

64 2698 101 2756 Ω,
126 2687 221 2766 1246
238 2683 280 2766 sq.
316 2685 417 2746 Valer.
442 2684 540 2748 Flacc.
564 2705 592 2756 r,
621 2697 688 2764 155
713 2682 777 2766 sq.)
834 2685 982 2748 Arrianut
1008 2687 1105 2747 etiarn

60 2805 138 2870 pag.
159 2801 214 2848 ta.
234 2785 317 2848 tellis
332 2787 483 2856 adfirmat,
508 2785 538 2847 se
551 2806 568 2846 a
583 2783 784 2846 Dioscuriade
796 2784 968 2847 Caucasum
984 2785 1103 2856 vidisse,

61 2907 162 2968 quem
180 2888 262 2948 inter
277 2888 441 2948 Euxinum
457 2901 490 2948 et
508 2885 657 2968 Caspium
674 2904 757 2946 mare
773 2886 929 2946 lslhmum
951 2895 1105 2968 occupare

62 2991 109 3049 ait
126 2989 241 3051 Strabo
262 3009 317 3050 ιι.
340 3008 372 3070 p.
394 3001 477 3067 542.
500 2987 521 3050 s.
538 3000 639 3066 497..
659 2984 710 3048 cf.
734 2987 830 3048 etiam
854 2986 989 3067 Procop.
1007 2988 1047 3048 de
1064 2987 1102 3048 B.

64 3089 168 3152 Goth.
184 3101 219 3169 4,
236 3103 268 3168 5.
283 3089 329 3152 iu.
381 3089 485 3170 Prope
509 3083 682 3151 Caucasum
703 3086 841 3148 Colchoe
863 3089 955 3166 ponit
971 3085 1103 3166 Dionys.

62 3209 97 3252 v.
119 3191 205 3271 690.
229 3203 262 3252 et
283 3190 360 3250 hinc
378 3189 525 3251 Priscian.
544 3209 576 3252 v.
593 3189 677 3260 672.
721 3189 774 3250 Sic
789 3200 821 3248 et
836 3187 947 3249 Plinus
969 3189 1009 3248 de
1024 3189 1104 3251 Catt-

64 3291 137 3354 caso
158 3293 246 3354 idem
268 3304 386 3362 narrat,
422 3291 507 3371 quorl
527 3291 567 3350 de
589 3289 754 3351 Cerauniis
776 3288 829 3349 bic
853 3288 955 3360 hsela,
988 3289 1043 3351 etsr
1063 3290 1104 3350 cla

65 3393 303 3457 Cerauniorum
326 3391 516 3453 nominibus
539 3391 669 3474 lingulis
695 3409 769 3452 cum
796 3387 910 3451 Noslro
937 3388 1103 3460 consentit,

66 3494 328 3573 Graecorumque
351 3495 447 3554 etiam
471 3491 690 3553 auctoritatem
713 3491 858 3553 ostendit.
918 3489 1008 3552 Esfici
1030 3491 1104 3552 hinc

65 3595 156 3678 posse
179 3595 324 3663 ridetur,
355 3607 526 3674 utrumque
549 3607 694 3653 montem
717 3611 784 3652 nou
809 3589 910 3651 solum
928 3589 1104 3673 prorniscue

67 3697 193 3758 dictum
211 3693 316 3763 luisse,
340 3695 480 3776 adeoque
496 3694 587 3754 latim
602 3693 775 3754 Ceraunios
791 3691 929 3774 patuisse.
966 3693 1104 3753 Forsitan

66 3800 170 3882 igitur
193 3795 424 3860 Cerauniorum
454 3813 574 3856 nomen
601 3793 643 3854 esl
664 3795 838 3874 antiquius,
876 3793 962 3873 quod
990 3793 1105 3856 Colchi

66 3899 161 3981 Epiri
178 3896 345 3961 montibut
359 3893 596 3976 imposuerunt,
623 3914 694 3955 cum
709 3891 814 3956 srullra
829 3892 962 3974 quaesita
979 3893 1104 3965 Medea,

67 4020 130 4062 nec
150 3999 215 4060 stne
239 4015 275 4060 ea
298 3997 435 4058 domum
462 3997 565 4056 redire
589 3995 650 4055 aust
673 3993 718 4053 ibi
745 3993 962 4056 consedissent.
1015 3996 1105 4058 Varia

67 4103 156 4163 enlm
175 4117 335 4160 novomm
353 4097 591 4159 domiciliorum
606 4094 732 4178 vestigia
748 4089 857 4178 pr'sstm
880 4095 977 4176 posita
991 4099 1106 4178 reperi·

67 4223 159 4275 mut,
187 4203 221 4264 iu
235 4199 349 4285 quibua
364 4196 436 4262 sunt
448 4198 543 4271 Pola,
566 4193 749 4280 Absyrtides
763 4229 815 4245 -
844 4193 896 4260 Cf.
913 4195 1054 4262 Euslatlr.
1070 4201 1103 4261 iu
