2756 4964
341 417 401 466 aaa
603 407 769 467 Nom
809 403 1111 466 exaltantem

336 582 398 646 tuli
414 578 520 656 versuo
536 579 796 664 septemtrionem
814 581 1035 664 pertinuerint,
1061 593 1203 663 atquem
1218 588 1347 646 montem

333 697 458 746 veterae
479 702 555 746 vere
574 696 607 746 et
624 697 765 748 accurate
782 684 943 746 Atlantem
960 683 1110 746 dixerint.
1159 680 1299 764 conlegit
1317 698 1349 740 ea

332 783 480 868 Shawp.
503 807 558 848 rr.
575 805 602 855 c.
626 786 648 849 l.
680 787 736 867 qui
757 785 801 846 ibi
825 783 935 848 finiisse
957 784 1114 857 existimat
1135 781 1357 844 Mauretaniam

333 901 367 948 et
392 885 596 959 Numidiam,
633 886 691 948 ubi
713 887 746 949 h.
769 885 957 968 Μάνης,
996 881 1163 966 Wurlaglr
1186 895 1219 945 et
1245 879 1357 944 Aretes.

250 1071 253 1078 Ι
332 989 412 1050 aren
431 988 580 1050 nonant.
631 987 800 1060 raanan,
827 971 1142 1070 quaerentemque
1161 983 1349 1067 longiturna

332 1088 485 1173 leguntur
509 1090 542 1149 in
563 1089 761 1161 auctoribue‚
794 1103 831 1150 ut
855 1090 962 1152 Plinio
985 1101 1016 1166 5,
1043 1105 1075 1152 t.
1096 1085 1119 1150 s.
1136 1102 1170 1150 Ω.
1206 1083 1350 1146 Martiano

332 1189 458 1272 Capella
473 1191 712 1271 linopola.
728 1193 889 1276 leguntur,
904 1189 1047 1272 pluribur
1061 1187 1243 1270 disputarit.
1272 1185 1349 1246 Aliae

331 1309 410 1353 vero
433 1291 646 1354 Mauretaniae
669 1291 854 1364 divisiones,
881 1293 983 1354 veluti
1004 1290 1197 1359 maritimae,
1226 1285 1357 1350 Gadita·¹

330 1412 391 1454 noe
412 1393 450 1452 ad
472 1391 674 1475 posteriorem
696 1407 831 1455 aetatem
853 1394 1026 1474 pertinent.
1076 1389 1252 1473 Pomponii
1269 1385 1349 1448 Mau·

329 1495 483 1556 retnniam
507 1494 676 1576 complecti
697 1495 794 1556 hodie
817 1507 931 1576 putant
951 1513 1047 1578 regna
1070 1492 1183 1554 Feret
1207 1489 1349 1552 Mamer

330 1593 486 1657 Graevius
503 1595 572 1658 MS.
596 1608 628 1656 et
649 1597 758 1658 Poiret
780 1597 814 1656 in
831 1615 954 1680 voyage
977 1615 1017 1656 en
1039 1593 1197 1663 barbarie,
1222 1587 1349 1652 discours

326 1697 559 1781 preliminairea
591 1698 677 1778 quod
698 1717 737 1759 ex
759 1699 855 1758 variis
870 1695 1056 1760 notionibus
1070 1708 1104 1756 et
1127 1693 1270 1756 terminia
1289 1689 1350 1773 regi

326 1797 433 1861 debet.
487 1799 636 1862 Maximis
662 1797 770 1861 insulie
793 1799 877 1860 miro
901 1817 1005 1860 errore
1028 1797 1214 1858 adnumerat
1238 1792 1357 1874 Hygia.

324 1896 388 1961 salt.
407 1901 490 1974 276.
516 1913 549 1960 et
569 1902 603 1960 in
624 1901 760 1962 circuitu
779 1901 825 1976 76
844 1900 937 1962 stadia
956 1898 1070 1960 habere
1086 1897 1174 1958 dicit.
1225 1895 1301 1956 Eine
1320 1904 1349 1952 et

325 1999 499 2063 Numidiae
514 2001 675 2064 historiam
694 2000 838 2084 exposuit
854 2001 963 2080 Belley
979 2002 1012 2060 in
1033 1997 1101 2061 hist.
1118 1998 1159 2060 de
1173 1993 1357 2058 l’academie

324 2102 381 2166 dea
402 2101 508 2166 inscrr.
533 2137 582 2150 —
606 2105 645 2165 de
661 2103 747 2166 Paria
763 2105 803 2165 T.
816 2115 873 2182 88.
889 2123 921 2184 p.
938 2119 985 2181 99
1002 2099 1063 2182 loq.
1106 2101 1156 2160 De
1172 2097 1348 2159 Maurorum

323 2204 467 2266 moribue
489 2201 568 2264 inira
597 2203 627 2283 §.
649 2213 684 2284 4.
737 2205 776 2264 ln
798 2207 905 2265 numia
927 2215 1056 2285 propter
1081 2199 1237 2260 summam
1261 2215 1347 2278 equo·

321 2323 397 2366 rum
416 2304 649 2388 praestantiam,
674 2301 813 2368 maxime
839 2305 1057 2372 velocitatem.
1082 2298 1143 2382 (cs.
1168 2299 1276 2364 Strabo
1297 2309 1346 2371 17.

322 2425 355 2488 p.
366 2407 450 2484 569.
464 2404 485 2466 s.
497 2409 603 2484 828.)
624 2425 742 2486 equum
755 2405 850 2468 habet
864 2405 1052 2488 adpositum,
1071 2402 1125 2464 vel
1139 2399 1346 2483 elephantum.

323 2505 395 2567 vid.
421 2505 552 2568 Patinua
574 2508 608 2567 in
630 2504 780 2570 numism.
799 2509 915 2588 smper.
938 2507 978 2568 ii.
1000 2525 1032 2587 p.
1051 2523 1134 2583 191.
1165 2514 1199 2565 at
1218 2499 1344 2566 omuino

285 2601 293 2620 '
319 2604 440 2671 Rosciae
452 2607 487 2669 in
502 2607 580 2670 Lex.
597 2627 688 2672 num.
702 2607 742 2671 T.
760 2621 792 2688 8.
809 2609 846 2671 Ρ.
866 2627 896 2671 t.
917 2627 950 2691 p.
966 2617 1062 2686 3820
1080 2603 1122 2689 sq.
1187 2643 1189 2648 -

396 2808 618 2892 Mulucha)
669 2811 717 2872 Ita
745 2824 778 2874 et
803 2811 886 2873 Plin.
910 2819 943 2888 5,
969 2828 998 2874 1.
1020 2807 1041 2873 s.
1067 2824 1101 2872 Ω.
1135 2805 1259 2871 Sallust.
1280 2805 1344 2886 lug.

324 2925 379 2981 aa,
404 2923 437 2989 5.
465 2911 593 2994 aliique.
643 2911 792 2975 Straboni
823 2927 878 2984 17.
906 2933 939 2994 p.
959 2912 1042 2990 569.
1067 2908 1087 2973 s.
1111 2919 1198 2986 827.
1225 2920 1257 2971 et
1283 2901 1345 2986 post

316 3005 510 3096 Μολοχάθ.
551 3013 585 3072 in
617 3033 681 3093 quo
709 3011 973 3093 Massaesyliorum
999 3025 1032 3073 et
1057 3009 1249 3072 Maurorum
1274 3007 1344 3068 liner

317 3112 490 3176 constituit.
550 3110 727 3198 Μολοχόθ
750 3115 793 3176 ett
813 3117 910 3176 etiam
931 3115 966 3174 in
987 3112 1174 3175 Ptolemaeo
1198 3121 1234 3191 4,
1260 3127 1289 3171 t.
1313 3114 1343 3165 et

315 3213 465 3296 deinceps
479 3213 616 3286 aaaron,
640 3234 704 3296 quo
725 3217 874 3276 terminat
892 3213 1122 3276 Mauretaniam
1141 3212 1343 3296 Tingitanam

314 3327 348 3375 et
370 3312 615 3386 Caesariensem,
647 3317 694 3376 uti
720 3315 840 3378 iaciunt
861 3315 988 3378 Orosme
1013 3335 1041 3385 t.
1066 3329 1098 3376 Ω.
1137 3311 1292 3376 Antonin.
1310 3307 1342 3366 in

313 3415 419 3478 itiner.
442 3435 475 3497 p.
496 3431 551 3478 ια.
567 3417 692 3480 Welsel.
727 3417 878 3480 Aethione
898 3418 932 3477 in
950 3413 1115 3499 Cosmogr.
1135 3434 1168 3496 p.
1189 3427 1272 3494 732.
1294 3407 1340 3470 ed·

315 3517 459 3578 Gronov.
482 3516 521 3578 ad
544 3518 660 3579 calcem
683 3517 797 3582 Melae.
850 3519 935 3578 Hinc
955 3535 1034 3578 vero
1056 3515 1198 3578 eundem
1218 3511 1340 3596 quidam

312 3629 478 3698 putarunt,
519 3621 623 3679 veluti
650 3634 791 3684 auctorat
823 3619 967 3682 historiae
993 3616 1165 3680 catholicae
1190 3616 1261 3678 vot.
1288 3611 1338 3676 16.

312 3739 346 3801 p.
368 3729 448 3796 183.
491 3717 604 3780 llitter.
629 3723 668 3780 ad
694 3721 829 3782 Guthrie
851 3753 898 3768 -
923 3718 1031 3782 histor.
1054 3717 1125 3780 Vol.
1151 3733 1185 3780 tt.
1209 3737 1242 3798 p.
1263 3723 1339 3792 153·

313 3821 352 3880 ln
366 3819 471 3880 Plinio
487 3831 594 3880 tamen
613 3833 643 3898 5,
667 3843 695 3884 r.
712 3820 732 3882 s.
752 3838 784 3884 a.
805 3819 843 3882 ab
859 3821 914 3882 illo
931 3821 1118 3882 discernitur
1132 3831 1166 3880 et
1182 3817 1339 3880 Matrona

309 3933 461 3990 vocatura
487 3931 523 3979 ut
541 3934 630 3982 antea
646 3922 685 3984 de
701 3909 877 3984 Ptolemaei
894 3921 997 3982 Malua
1017 3921 1138 3982 raotavi.
1178 3918 1220 3981 At
1238 3937 1277 3981 ex
1293 3931 1340 3976 eo·

312 4021 388 4082 deur
412 4019 596 4082 Ptolemaeo
619 4020 784 4086 dissrcultae
808 4023 974 4092 obiicitur,
1008 4021 1214 4105 quodSigam
1230 4017 1338 4082 urbam

309 4121 379 4206 poll
401 4117 587 4184 Molochath
608 4135 641 4186 et
659 4123 794 4188 Portum
814 4123 970 4210 Magnum
992 4124 1086 4207 ponit
1102 4138 1137 4186 et
1152 4121 1229 4183 hinc
1244 4119 1339 4184 alium
