2756 4964
196 363 258 420 ru
287 363 443 422 route.
475 367 581 424 nnat.
621 365 704 422 ω.
746 361 836 418 on.
878 359 956 432 le·
1068 369 1111 436 ot

46 533 126 594 Prius
157 553 297 597 nomen
328 537 464 598 ducunt
489 537 540 596 rel
561 557 579 598 a
601 535 737 598 Muenna
758 553 832 620 rege
857 531 1043 618 (claudian.
1070 533 1106 594 in

20 675 21 724 3
47 636 172 716 butrup.
200 655 237 704 2,
270 648 368 716 244.
416 639 558 700 Eullalh.
583 638 621 696 acl
645 637 777 698 Homer.
805 637 843 698 ll.
869 651 902 708 2,
928 637 1012 714 864.
1035 629 1106 716 ·-)

46 738 87 795 rel
102 757 117 796 a
131 737 286 800 ..theone
310 739 438 808 flurin.
460 739 630 822 (stephan.
647 735 680 800 h.
698 740 751 814 r.)
776 756 872 820 quem
896 733 1104 800 Maeandrum

17 879 20 912 .
44 837 88 895 rel
110 838 181 898 Lnd
200 839 449 901 Phoenicibus
466 837 554 900 luille
573 851 663 922 putat
684 839 861 900 Bochertus
884 838 917 898 in
933 837 1053 920 Phaleg
1073 851 1104 906 e,

17 929 18 952 ³
48 954 94 998 ta.
128 937 307 1000 Posterius
333 940 430 1022 Lyda·
454 943 506 1002 rel
529 961 544 1000 a
567 940 677 1020 Lydo.
702 939 825 1018 Athyoe
846 939 930 1006 filio.
956 939 1011 1020 qui
1031 955 1103 999 eam

44 1041 198 1122 regionem
225 1042 371 1108 tenuit.
395 1041 576 1124 (Herodot.
593 1061 636 1102 cc.
657 1041 689 1100 ll.
719 1037 849 1120 Dionys.
869 1037 970 1102 Halia.
994 1057 1022 1108 r.
1042 1051 1100 1113 27.

45 1141 204 1222 {alvei
232 1162 254 1201 a
281 1141 370 1202 larci
402 1144 425 1204 i.
445 1163 474 1204 e.
500 1141 683 1204 lllaeanrlro.
716 1139 810 1226 (vid.
835 1141 982 1202 Borhrrt.
1003 1158 1030 1200 c.
1053 1135 1100 1224 l.)

43 1239 263 1303 trehellum
294 1243 507 1314 Troianum,
541 1263 613 1304 curn
640 1243 812 1304 multarum
839 1243 984 1325 gentiunt
1010 1241 1099 1301 lieret

42 1343 204 1424 nigrario,
242 1344 358 1403 etiam
384 1345 469 1423 Lydi
489 1343 618 1405 ulterius
640 1341 790 1427 progrell'r
808 1359 840 1404 et
861 1363 934 1403 curn
956 1341 1022 1402 aliie
1043 1359 1099 1420 po·

40 1445 114 1520 ⁸:ulis
136 1444 342 1512 commisti,
369 1447 473 1506 variae
490 1445 636 1530 regiones
661 1455 869 1527 occuparunt,
897 1443 965 1522 (uti
983 1439 1095 1504 Strabo

41 1543 161 1606 lirerlia
181 1545 274 1605 loeis
300 1545 427 1624 docet)
453 1561 484 1608 et
507 1547 539 1605 in
560 1547 715 1606 Etruriam
734 1565 832 1626 unque
849 1543 987 1606 colonias
1004 1539 1094 1604 mile·

40 1660 112 1706 rant.
142 1646 343 1726 (Herodot.
362 1667 391 1716 ι,
402 1655 462 1725 94.
484 1644 618 1724 Dionys.
629 1647 699 1706 Hal.
714 1667 740 1710 c.
752 1647 774 1708 l.
794 1645 905 1708 Strabo
918 1657 949 1721 5.
964 1665 996 1727 p.
1012 1655 1092 1720 152.

40 1743 56 1804 l
71 1745 171 1831 219.)
236 1747 364 1829 Qualis
381 1751 510 1828 proprie
528 1745 587 1808 luit
603 1749 712 1828 Lydia,
739 1747 967 1808 conterminam
983 1744 1094 1828 halluit

37 1843 218 1932 Phrygiam,
251 1847 403 1917 Cariam,
431 1849 575 1928 Mysiam,
599 1869 680 1930 quoa
695 1863 800 1909 tannen
816 1848 967 1909 ternrinoe
990 1843 1093 1907 turba·

36 1963 101 2007 runt
123 1949 298 2010 Romani.
330 1949 426 2030 (vin.
444 1949 554 2011 Strabo
574 1963 628 2028 15.
652 1971 685 2032 p.
704 1959 788 2028 432.
813 1946 833 2011 l'.
851 1943 955 2028 628.)
1006 1945 1093 2006 Hinc

37 2049 203 2131 descriptio
223 2051 302 2110 eine
319 2051 381 2110 alia
396 2049 438 2111 est
452 2050 667 2135 geographica.
686 2051 741 2111 alia
758 2050 871 2112 civille.
910 2045 992 2110 Urbe
1006 2045 1092 2128 regia

38 2147 158 2213 Sardes.
196 2148 352 2232 (Strabo
380 2165 432 2229 13.
458 2171 489 2233 p.
510 2163 596 2230 430.
614 2149 635 2214 l.
651 2147 757 2233 625.)
808 2150 892 2214 Cum
917 2146 987 2210 suoe
1009 2147 1091 2208 olim

38 2248 191 2311 ¹ruberent
213 2271 336 2336 reges,
359 2249 489 2334 (lustin.
508 2273 535 2322 r,
551 2268 583 2326 7.
608 2249 684 2333 14.)
716 2253 750 2313 in
773 2251 888 2334 quibua
913 2247 1089 2312 Candaules

38 2365 65 2409 et
80 2351 228 2414 Croesus
245 2355 398 2412 maxime
416 2354 645 2432 inclaruerunt,
670 2355 749 2414 victi
764 2355 798 2414 iu
813 2349 974 2414 Persarum
990 2367 1087 2410 verte·

35 2469 106 2512 runt
126 2453 352 2534 potestatem,
385 2451 515 2536 (Strabo
537 2475 548 2514 t
558 2467 589 2530 5.
608 2469 687 2518 extr.
721 2453 877 2515 Herodot.
906 2473 934 2523 ι,
958 2466 1000 2532 flt
1022 2447 1086 2531 qu.

37 2553 186 2633 Xenoplt.
204 2559 338 2636 Cyrop.
350 2569 383 2626 7.
403 2551 455 2636 o.)
480 2556 564 2616 unde
580 2554 820 2616 l’ubAlexandro
835 2551 880 2616 M.
897 2573 969 2615 curu
984 2551 1085 2614 Perlir
1215 2545 1220 2556 ’

36 2657 68 2710 nl
87 2654 299 2716 Macedonas
323 2655 525 2726 transierunt,
551 2675 616 2737 quo
640 2669 767 2718 mortuo
786 2654 944 2738 Meleagro
967 2653 1020 2715 vel
1041 2651 1085 2714 le·

37 2758 177 2816 cundum
195 2757 284 2816 alioe
302 2756 482 2817 Menandro
495 2759 582 2841 regio
604 2757 761 2818 adtributa
779 2754 832 2819 eil.
858 2752 939 2840 (vicl.
955 2751 1080 2816 Wellel.

38 2855 71 2913 ad
87 2858 237 2918 Diodor.
258 2868 368 2934 18.5.
389 2856 426 2918 A.
442 2857 586 2921 Gronov.
601 2859 638 2918 arl
656 2857 761 2922 lustin.
784 2869 839 2936 13,
854 2866 888 2935 lt,
912 2853 983 2939 ι5.)
1014 2851 1083 2938 lpse
1204 2895 1209 2904 ·

39 2954 135 3032 Lydia
150 2956 247 3018 ferax
265 2954 332 3016 luit
348 2959 428 3028 vini,
455 2959 597 3028 ficorum,
625 2959 688 3022 olei
707 2994 751 3006 —
776 2957 944 3042 (Xenoph.
961 2957 1080 3038 Cyrop.

40 3057 118 3126 aa,
137 3057 229 3138 22.)
258 3059 359 3120 etiarn
381 3062 520 3142 argenti.
545 3059 776 3144 (Herodot.5,
800 3056 881 3138 49.)
911 3079 949 3119 ex
970 3055 1083 3118 Tmoli
1216 3063 1222 3078 “

41 3156 159 3220 e'iritiir
190 3159 333 3237 (Strabo
356 3174 409 3237 13.
431 3181 460 3240 p.
478 3171 563 3238 430.
580 3158 600 3221 l.
616 3161 722 3237 626.)
747 3172 779 3220 et
802 3157 923 3220 Pactoli
946 3155 979 3219 fl.
1000 3156 1079 3220 auri·

41 3253 110 3328 leri,
137 3263 234 3321 unde
252 3257 363 3322 croesr
384 3261 512 3322 divitiae
530 3274 729 3342 repetuntur.
753 3259 864 3340 (Idem
888 3273 920 3321 et
936 3256 1079 3320 Eustalh.

43 3361 74 3416 ad
93 3361 237 3422 Homer.
256 3361 298 3422 ll.
315 3377 347 3429 e,
369 3362 473 3438 366.)
525 3363 573 3422 De
594 3363 721 3422 illornrn
739 3361 882 3423 moribus
904 3376 937 3421 et
956 3358 1080 3444 legibue

43 3457 232 3522 llerodotna
254 3483 284 3532 t,
302 3475 363 3542 93.
382 3472 442 3540 94.
463 3462 547 3523 unde
561 3464 655 3524 etiam
672 3463 808 3543 adparet,
825 3461 974 3522 ludorum
992 3459 1079 3520 luille

42 3559 249 3632 inventores,
278 3563 369 3638 (rid.
389 3562 535 3624 Bochart.
558 3566 593 3623 in
617 3563 734 3646 l'haleg
758 3578 790 3632 Ω,
821 3566 895 3640 re.)
919 3563 1077 3625 renitente

43 3673 144 3722 maen
161 3665 212 3732 ,ad
233 3663 436 3724 Herodotum
455 3663 665 3748 Wellelingio.
702 3665 752 3726 De
772 3683 883 3726 eorum
904 3663 1027 3726 luxuria
1046 3676 1079 3726 et

44 3759 176 3824 libidine
194 3777 322 3844 praeter
330 3763 530 3824 Herodotum
540 3764 727 3828 rid.Strebo
738 3783 751 3824 t
764 3785 792 3827 1.
802 3777 880 3826 extr.
893 3779 925 3826 et
935 3765 1074 3828 Eullath.

43 3863 77 3920 ad
88 3861 229 3943 Dionys.
244 3885 279 3924 v.
294 3875 381 3943 839.
394 3878 427 3927 et
438 3865 521 3943 846.
544 3867 596 3946 qui
611 3862 761 3950 πονηρίαν
775 3885 885 3927 eorum
902 3867 935 3926 ln
949 3886 1078 3948 prover·

43 3959 130 4024 lium
151 3963 264 4026 abiille
282 3966 388 4028 docet.
424 3965 473 4026 nrt
489 3965 565 4045 Cyri
583 3979 687 4028 tarneu
710 3982 791 4028 antea
806 3963 901 4028 refert
916 3967 1025 4033 luffin.
1047 3989 1075 4040 ι,

44 4075 72 4136 7.
96 4083 155 4130 ιι.
183 4085 203 4128 a
226 4067 347 4150 quoin
370 4063 494 4130 summa
515 4087 549 4131 ra
569 4087 637 4134 nou
660 4065 1023 4154 dissentiuutlllerodot.
1045 4089 1074 4141 ι,
1098 4073 1101 4080 ’
