2764 4958
264 397 267 404 ·
335 399 393 468 292
601 384 763 448 uonna
804 391 1105 449 exconrrcta

333 575 372 626 ut
396 561 516 646 duplex
541 563 698 646 oppidum
724 563 875 628 crederet.
929 563 1036 626 Haesit
1069 578 1183 628 tomen
1204 563 1366 645 antiquum

333 683 475 735 nornen,
510 679 548 725 ut
580 663 683 728 solent
716 666 789 748 talia
823 663 979 728 adfectare
1008 679 1136 748 poetae,
1177 667 1211 727 in
1245 665 1366 726 Avieno

333 787 367 829 v.
391 779 474 844 50¹·
516 765 683 849 Originem
701 767 788 829 urbia
802 767 841 828 ad
857 767 1034 833 Phoenices
1049 765 1145 829 refert
1160 765 1281 830 sallust.
1298 749 1366 847 lug.

334 887 401 950 cap.
424 884 477 946 19.
507 867 547 928 ad
567 863 719 932 Sidonios
742 868 829 930 idem
852 889 879 932 c.
897 881 955 946 78.
973 871 1018 931 in.
1052 869 1091 930 ad
1111 869 1231 948 Tyrioe
1249 866 1368 928 Plinius

336 981 371 1048 5,
401 983 456 1041 17.
482 965 502 1026 s.
530 985 586 1047 19.
614 988 730 1054 genere
761 971 962 1036 coniunctos.
1026 971 1075 1032 De
1104 969 1240 1032 nornine
1272 965 1364 1046 [upra.

335 1068 528 1133 Posteriores
548 1082 664 1132 vocant
685 1069 860 1143 coloniam,
887 1072 987 1132 veluti
1005 1071 1191 1133 Antoninus
1210 1074 1244 1129 in
1266 1068 1364 1155 itiner.

243 1247 247 1256 ¹
335 1191 369 1256 p.
392 1171 451 1248 65.
479 1184 512 1232 et
533 1169 636 1232 tabula
658 1191 731 1232 cum
756 1175 879 1244 numia,
912 1191 991 1254 quoa
1014 1173 1166 1234 exhibent
1189 1167 1311 1231 Eckbel
1334 1169 1365 1226 in

337 1273 480 1334 doctrina
504 1291 596 1334 num.
622 1272 658 1332 P.
683 1290 712 1336 1.
737 1272 809 1336 Vol.
832 1282 866 1354 4.
889 1293 921 1356 p.
946 1287 1025 1351 ¹3⁰·
1051 1285 1085 1334 et
1100 1271 1223 1336 iiaiche
1243 1271 1277 1329 in
1294 1268 1364 1328 Lex.

336 1373 378 1435 T.
397 1387 429 1433 Ω.
453 1372 491 1435 P.
508 1387 542 1434 e.
562 1393 593 1454 p.
616 1373 722 1452 1623.
741 1371 762 1436 s.
795 1375 898 1435 Patria
918 1371 980 1434 fuit
1004 1375 1206 1456 Imperatoria
1226 1368 1365 1450 Septimii

337 1474 460 1536 Severi.
511 1473 637 1535 Incolae
655 1473 827 1553 Leptitani
844 1474 1065 1555 apud-Sallust.
1086 1477 1157 1559 lug.
1175 1477 1249 1556 cap?
1259 1485 1314 1550 77.
1336 1480 1365 1528 et

338 1575 429 1636 aiioe.
472 1575 515 1638 H.
546 1575 685 1636 creditur
710 1573 771 1637 effe
796 1573 924 1636 Labecia
950 1574 971 1638 i.
996 1573 1120 1636 Lebida
1150 1575 1185 1638 in
1212 1573 1364 1633 variorum

336 1673 497 1758 scriptura.
547 1677 597 1737 Ex
619 1675 782 1738 Aureliana
802 1689 902 1736 aetate
925 1677 1024 1737 muita
1043 1677 1186 1738 aedificia
1206 1675 1310 1739 nunus
1328 1683 1364 1729 ta·

338 1797 413 1838 men
435 1777 590 1839 concinna
615 1790 648 1840 et
671 1779 774 1842 rrenie
797 1775 863 1840 fere
885 1777 997 1840 obruta
1023 1775 1068 1838 ibi
1090 1775 1248 1860 conspici,
1279 1770 1364 1833 tradit

338 1877 440 1940 Bruce
458 1879 492 1940 in
508 1879 681 1942 introduct.
701 1881 740 1942 ad
756 1880 827 1942 iter.
844 1899 876 1967 p.
892 1899 936 1942 rn.
955 1890 1013 1958 55.

418 2047 561 2130 Syrtis
569 2047 588 2130 )
622 2049 771 2112 Straboni
791 2063 846 2124 17.
868 2068 901 2130 p.
920 2059 1004 2127 575.
1027 2044 1049 2111 i.
1068 2058 1154 2128 835.
1187 2043 1361 2108 Ptolemaeo

340 2160 376 2230 4,
403 2162 436 2229 5.
457 2183 505 2196 -
528 2143 680 2238 μεγάλη,
710 2152 810 2212 maior
831 2150 935 2212 Plinio
954 2161 986 2226 5.
1010 2151 1043 2225 4.
1090 2151 1129 2210 ln
1153 2148 1221 2209 aliie
1243 2156 1362 2221 utraque

340 2269 379 2312 ex
394 2251 452 2310 fitu
468 2262 500 2311 et
518 2269 602 2310 nexu
619 2251 755 2314 diacerni
778 2249 884 2313 debet.
935 2251 979 2313 H.
1000 2249 1086 2313 Italic
1102 2239 1205 2342 Goiso
1219 2244 1253 2306 rii
1266 2241 1360 2306 sura.

339 2353 460 2412 nautia:
496 2342 596 2441 Goiso
615 2350 651 2412 di
668 2351 823 2416 Zolocho.

416 2520 585 2598 ingenio
596 2519 612 2598 )
656 2523 703 2583 Ita
725 2519 787 2582 hoc
807 2521 942 2583 verbum
967 2515 1079 2605 pass'rm
1101 2520 1143 2582 de
1165 2517 1258 2581 rebus
1277 2511 1362 2574 etiem

271 2676 279 2694 ,
340 2619 521 2680 inanimatio
543 2622 657 2682 dicitur
675 2625 713 2683 ud
733 2623 971 2705 exprimendam
992 2641 1101 2684 earum
1116 2635 1259 2682 naturam
1274 2627 1304 2674 et
1322 2611 1361 2668 in·

342 2721 469 2791 dolem,
499 2723 586 2784 unde
602 2723 659 2786 sil.
677 2725 748 2788 Ital.
764 2735 799 2803 lt,
817 2741 877 2804 91.
899 2722 1079 2802 Explorare
1098 2721 1195 2793 collis,
1207 2713 1359 2798 ingenium.

342 2833 372 2882 et
391 2823 511 2902 campir
530 2841 611 2906 quoe
622 2821 675 2914 fit
694 2838 822 2887 notura.
874 2825 1062 2898 biritona,
1083 2837 1137 2892 ια.
1159 2841 1215 2885 ιι.
1237 2819 1359 2879 iocorum

342 2922 560 3006 hominumque
582 2926 717 3006 ingenia.
762 2923 873 2986 Noster
892 2944 919 2996 r,
942 2938 995 3004 ι,5,
1015 2937 1048 3003 5.
1073 2923 1232 3004 ingenium
1246 2907 1358 3008 specus·

344 3037 379 3102 5,
400 3042 454 3092 ιο,
472 3039 504 3084 o.
519 3015 645 3114 fontis.
697 3025 758 3087 Sed
781 3027 868 3107 plura
884 3025 1006 3088 dabunt
1024 3023 1188 3086 Drakenb.
1206 3021 1251 3084 ad,
1259 3015 1360 3076 Silium

344 3143 372 3186 c.
395 3124 417 3186 l.
448 3124 631 3188 Berneccer.
654 3127 693 3188 ad
716 3125 823 3188 lustin.
840 3141 872 3196 a.
898 3143 928 3196 a,
952 3139 986 3204 5.
1021 3117 1358 3209 Longol.adPiin.1·

345 3240 404 3295 20,
429 3239 485 3302 17.
520 3225 619 3288 oon.
646 3229 684 3288 aa
712 3227 832 3290 sarno.
855 3223 966 3312 fragm.
989 3225 1047 3288 ub.
1066 3227 1100 3289 o.
1127 3247 1160 3307 p.
1180 3231 1261 3303 ooo·
1292 3212 1359 3274 But·

343 3347 453 3388 manu.
469 3325 507 3386 ad
524 3325 621 3390 Ovid.
639 3329 772 3391 Metam.
788 3329 821 3396 6.
840 3339 924 3406 574.
947 3340 980 3387 et
992 3347 1071 3408 quoe
1086 3327 1275 3408 producunt.
1304 3311 1359 3370 ΤΟ·

345 3441 414 3488 turn
438 3446 516 3490 vero
538 3427 625 3489 bunc
647 3429 753 3491 locum
780 3429 919 3490 reddidit
942 3427 1110 3489 Bocoatioa
1134 3425 1156 3490 f.
1177 3446 1209 3486 v.
1232 3413 1358 3497 Syrtium

346 3529 493 3611 geminus
517 3527 617 3600 stoue,
652 3527 703 3590 sed
727 3548 786 3611 pro
815 3530 939 3610 ingenio
965 3527 1071 3610 posuit
1098 3547 1197 3606 opere.
1246 3513 1356 3580 Aesturn

284 3671 287 3680 .
346 3629 414 3689 eina
435 3627 580 3690 describit
605 3633 745 3692 Avienus
767 3650 799 3690 v.
821 3643 890 3718 295
907 3629 969 3710 sqq.
989 3633 1171 3710 utriusque.
1202 3636 1234 3686 et
1253 3611 1356 3700 pericu·

345 3727 442 3790 lofam
460 3729 697 3813 navigationem
714 3729 826 3792 Strabo
846 3749 901 3811 17.
924 3749 957 3812 p.
974 3741 1058 3811 575.
1076 3727 1098 3792 s.
1114 3727 1198 3808 556.

422 3895 558 3958 altero
575 3887 751 3986 spatio)
801 3898 874 3959 Hoc
898 3896 942 3960 est
972 3899 1109 3960 dimidio
1144 3891 1231 3978 spatii
1259 3869 1358 3966 Ρῐῖθῐῖ*

349 4001 467 4078 Syrtis,
493 4017 552 4078 qua
575 4017 660 4058 mare
681 3999 878 4068 intromittit,
904 4013 947 4069 et,
972 4020 1033 4081 qua
1057 3998 1204 4064 ambitur,
1227 3979 1356 4062 anrplior.

349 4101 412 4164 Hic
427 4103 514 4163 enim
528 4099 682 4184 loquendi
696 4099 812 4164 modus
822 4097 926 4166 Melae
940 4101 1107 4185 peculiaria
1120 4098 1173 4164 est.
1191 4089 1357 4156 renuiti-
