2764 4958
176 422 536 482 anennoeton
577 421 659 482 nt.
701 423 837 488 cvm.
877 423 958 496 tr.
1027 432 1090 498 ns

47 599 94 660 De
110 609 285 682 tempore.
317 614 384 678 qno
406 593 471 658 fuit
491 595 636 668 condita.
662 597 805 680 pluribua
827 597 1003 680 disputavit
1021 595 1087 660 sat·

46 697 115 761 mai.
132 699 177 762 ad
195 699 396 780 Solio.p.m.
407 707 491 776 247.
514 697 569 760 ubi
585 697 659 760 addi
671 699 945 782 potestSyncoliua
956 719 989 782 p.
1002 711 1083 768 170.

45 799 66 862 i.
80 814 166 880 223.
203 800 395 880 Dicerepant
410 801 496 860 enim
511 811 653 864 auctores
664 819 772 882 aeque.
786 813 879 882 atque
893 801 926 860 in
941 797 1086 861 nominia

43 899 137 964 noia.
178 899 328 984 Quidam
344 899 433 961 enim
453 919 470 961 a
490 899 576 982 Cyro
590 901 676 963 illine
694 901 835 984 regionie
848 897 937 964 fonto
952 899 1085 970 ducunt,

44 1001 250 1085 (Stephanae
266 1012 300 1060 et
313 998 359 1060 ibi
373 999 543 1062 Berkeliue
564 1021 597 1084 p.
610 1010 697 1083 453.
725 1001 913 1065 callimach.
929 1001 963 1062 in
979 999 1086 1082 apoll.

43 1121 73 1165 r.
95 1115 159 1182 55.
198 1099 384 1164 Eustathiua
403 1120 431 1163 c.
454 1101 495 1180 l.)
515 1101 601 1162 aliia
622 1101 711 1184 Cyro
728 1116 852 1174 monte.
876 1100 1008 1186 (lustin.
1030 1113 1085 1180 15.

45 1217 74 1277 7.
88 1207 146 1283 5.)
171 1203 235 1265 alii
255 1221 274 1262 a
291 1201 409 1283 Cyrene
422 1201 527 1286 puella
547 1199 692 1266 formosa.
719 1203 848 1286 (lustin.
863 1221 891 1266 o.
907 1203 930 1266 1.
956 1201 1088 1284 Stepha·

43 1324 115 1376 aaa.
142 1302 343 1366 Euiiathioe
365 1321 410 1371 cc.
433 1303 487 1381 ll.)
536 1302 714 1366 Bochartm
742 1304 777 1365 in
798 1303 946 1368 Chanaan
972 1313 1087 1380 t.·a5.

43 1425 79 1466 ex
94 1407 246 1470 Oriente
262 1403 389 1484 repetit.
427 1405 466 1465 ln
480 1403 718 1466 mediterraneis
739 1405 833 1486 ponit
847 1404 985 1468 Ptolem.
1000 1413 1035 1483 4.
1050 1411 1087 1483 4.

41 1507 101 1568 sin
115 1509 157 1568 in
176 1523 299 1586 campo
315 1501 440 1576 mensae
455 1501 568 1577 forma.
598 1505 724 1588 qualem
740 1525 778 1568 ex
797 1505 875 1567 mari
891 1503 1089 1588 prospexerat

42 1608 194 1679 Strabo.
213 1605 271 1668 vel
294 1599 326 1668 ἐν
350 1599 526 1692 ἂργινόεντι
556 1605 676 1696 μαστῷ
716 1604 889 1668 secondum
915 1607 1090 1668 Pindarum

43 1707 133 1786 Pyth.
150 1720 196 1788 4,
217 1715 278 1785 14.
304 1705 361 1766 ubi
375 1703 415 1768 cf.
430 1707 628 1788 interpretes.
662 1709 712 1770 De
730 1710 797 1792 agri
811 1704 973 1770 fertilitate
990 1707 1090 1769 muln

42 1811 158 1872 adtulit
183 1805 365 1888 spanhem.
393 1807 433 1868 ad
455 1805 641 1870 callimach.
672 1808 706 1868 in
731 1809 833 1890 Apoll.
856 1829 889 1870 v.
914 1809 974 1884 65.
1025 1807 1090 1870 Sed

43 1913 141 1998 mgis
159 1907 418 1973 memorandum
431 1907 485 1978 alt.
510 1909 595 1989 quod
609 1907 671 1970 fuit
686 1909 891 1992 ingeniorum
906 1903 1092 1971 iertiliffima

43 2027 156 2076 meter.
215 2007 309 2070 Tuttt
329 2008 416 2070 eninr
436 2022 559 2090 praetor
583 2009 662 2072 alio·
684 2009 932 2078 Callimachum.
966 2007 1092 2088 Aristip-

43 2131 141 2195 pum,
180 2108 378 2188 Cyrenaicae
401 2106 499 2172 sectae
519 2111 739 2181 conditorem.
769 2109 965 2174 Carneadem
988 2107 1091 2190 philo·

44 2213 211 2296 [opham.
238 2209 480 2272 Eratosthenem
498 2211 736 2296 geographurn.
761 2229 843 2293 quoe
862 2219 1094 2273 commemorat

45 2315 163 2378 Strabo
183 2310 255 2374 tal.
292 2309 390 2373 Circa
406 2311 483 2372 dicti
500 2311 661 2394 Cyrenaei,
689 2302 887 2404 Cyrenenses,
917 2309 1091 2393 Cyrenaici.

47 2415 212 2480 Ceterum
227 2410 319 2493 plura
334 2411 375 2472 de
390 2409 485 2475 huius
506 2411 593 2476 urbia
609 2413 751 2498 origine.
776 2412 904 2482 incolit,
930 2409 1000 2473 fatie
1018 2429 1093 2472 con·

47 2517 203 2602 legerunt
217 2511 364 2574 Hardion
387 2509 442 2594 (in
456 2512 629 2576 Memoirea
643 2541 693 2557 -
715 2514 755 2576 de
768 2513 855 2574 Paris
868 2515 909 2575 T.
927 2526 960 2590 5.
972 2532 1005 2594 p.
1020 2523 1088 2591 391

46 2615 133 2702 ἧς.)
157 2625 197 2678 et
219 2612 341 2691 Beliey.
376 2609 439 2695 (Τ.
458 2627 517 2692 57.
543 2635 576 2697 p.
600 2615 671 2693 565
687 2611 749 2696 sqq.
773 2633 799 2676 c.
822 2610 866 2695 1.)
908 2613 951 2675 Η.
979 2623 1095 2695 putant

53 2721 174 2786 carm,
202 2711 259 2774 vei
275 2727 312 2774 nt
327 2713 446 2792 Belley.
470 2716 525 2796 qni
540 2715 618 2777 alica
635 2715 727 2775 innui
742 2711 870 2786 refutat.
887 2713 1019 2780 Grenrte.
1052 2714 1093 2776 ln

49 2819 174 2882 abuti·
195 2813 379 2878 Delialiania
396 2813 444 2875 ibi
464 2817 592 2899 adparet
614 2815 759 2880 Guirina.

131 3013 472 3097 catabathmos)
502 3018 651 3082 'Retinet
674 3037 788 3080 vocem
812 3016 980 3088 Graecam,
1013 3032 1096 3096 quaa

53 3121 136 3184 nihil
150 3129 258 3185 notat.
283 3117 342 3178 niii
356 3115 549 3190 descensuro.
570 3132 608 3179 nt
627 3117 692 3210 ipse
709 3131 816 3180 auctor
837 3118 982 3200 explicat.
1022 3115 1095 3176 Hoc

55 3221 131 3284 iacit
145 3237 190 3281 ex
211 3218 404 3300 proprietate
417 3217 647 3304 Geogtaphiae.
668 3239 728 3301 qna
743 3220 840 3281 etiam
857 3219 912 3282 lib.
930 3235 962 3282 o.
977 3235 1043 3298 cap.
1060 3227 1095 3294 5.

55 3320 200 3407 agnoscit
233 3316 376 3381 Dialeon
413 3319 448 3378 in
488 3319 610 3382 Isthmo
644 3319 865 3384 Corinthiaco.
914 3337 939 3381 r.
970 3334 1097 3378 ottono-

58 3443 134 3485 rrve
152 3418 238 3485 MS.
289 3417 405 3480 Graeca
426 3423 560 3482 nomina
574 3421 608 3481 in
627 3420 690 3483 hoc
712 3432 811 3482 tractu
832 3415 1098 3497 acyronenfibua

61 3521 210 3606 impolita
237 3516 327 3582 ioiffe
348 3531 436 3600 putat
459 3517 595 3584 Voffiua.
648 3523 695 3584 lta
722 3539 800 3582 vero
823 3521 956 3601 explicat
976 3517 1096 3581 Sallust.

61 3625 127 3710 lag.
147 3641 178 3684 c.
200 3635 257 3695 17.
273 3630 308 3697 4.
330 3619 478 3682 dedinent
499 3619 710 3691 latitudinem.
736 3642 793 3704 pto
811 3641 877 3702 quo
891 3620 946 3680 hic
961 3613 1097 3688 Voffiuo.

60 3735 237 3806 praeeunte
255 3719 438 3791 Ciacconio,
464 3723 554 3784 malit
567 3723 791 3794 altitudinem
820 3720 883 3782 sana
898 3717 1002 3789 cautu
1036 3717 1098 3778 Pli-

62 3827 131 3888 nina
148 3835 185 3900 5.
197 3835 235 3899 5.
250 3819 273 3883 f.
290 3821 404 3882 vatiam
417 3837 539 3903 repente
552 3843 738 3885 corraeorum.
772 3821 875 3883 Multa
889 3821 929 3882 de
943 3819 994 3880 illa
1011 3818 1098 3880 dabit
1182 3837 1186 3840 ·

62 3926 219 3987 walther.
237 3923 272 3984 in
286 3919 493 3986 animadveri.
510 3923 617 3986 histor.
634 3943 666 4004 p.
682 3935 750 4000 27ss
761 3919 824 4004 iqq.
851 3921 984 3983 Montes
1000 3920 1099 3980 (loter-

62 4022 221 4089 iacknon
242 4036 473 4085 commemorat
492 4023 619 4088 Orosrua
639 4045 669 4093 a.
686 4039 719 4086 o.
740 4036 774 4084 et
794 4021 987 4106 cognomine
1010 4020 1099 4101 oppi-

62 4125 139 4190 tlam
155 4124 288 4189 Plinius
299 4141 328 4186 c.
344 4121 367 4189 l.
417 4125 587 4209 Duplicem
602 4125 721 4187 indicat
735 4121 874 4188 Ptolem.
889 4129 924 4200 4.
940 4131 976 4200 5.
994 4116 1099 4212 μέγαν
