2852 4946
317 421 382 496 aaa
587 405 751 476 norae
790 409 1092 472 nxaoorroart

397 587 731 672 Anemurium)
782 587 836 650 Gr.
859 573 1080 674 Ἀνεμοῦριον.
1108 585 1194 669 quod
1216 587 1345 650 comma·

319 706 425 758 morat
438 691 533 754 etiam
550 692 662 754 Strabo
687 703 740 770 14.
765 709 798 772 p.
814 691 899 770 460.
917 686 940 752 l.
957 689 1042 773 669.
1068 703 1101 750 et
1115 687 1228 752 diserte
1245 689 1346 750 Lirim

322 807 383 874 53.
401 809 458 864 9ο.
476 805 509 870 5.
534 791 664 856 Ciliciae
680 791 937 874 promontorium
954 789 1042 858 dicit.
1063 790 1160 871 quod.
1182 789 1345 854 etfiStraho

320 897 356 958 in
378 893 461 978 sequ.
482 915 515 978 p.
531 895 616 980 461.
634 891 653 954 l.
673 895 757 966 67ο.
784 892 872 954 aliud
895 891 1090 976 cognomine
1106 891 1264 972 Corycum
1287 909 1347 952 rer·

318 995 371 1062 lua
392 994 508 1064 alfere.
533 996 590 1057 ubi
612 995 665 1056 alii
686 993 879 1076 Zephyrium
899 1005 1044 1075 ponunt.
1079 992 1119 1054 de
1139 991 1255 1062 nostro.
1278 1006 1348 1054 tam·
1370 981 1374 994 ’

320 1117 417 1180 qoam
440 1099 570 1165 notiori.
595 1096 844 1180 intelligendum
870 1095 1012 1158 videtur.
1062 1094 1134 1166 Alii,
1160 1093 1266 1158 omilla
1285 1111 1349 1177 pro·

320 1199 477 1263 montorii
490 1202 666 1266 mentione.
690 1196 805 1258 urbem
820 1210 945 1258 tantum
963 1196 1019 1257 hic
1034 1196 1215 1268 ostendunt,
1241 1195 1273 1257 in
1287 1196 1350 1276 qul·

322 1299 383 1362 ltua
405 1301 525 1362 Pliuiue
542 1313 575 1378 5.
596 1315 653 1362 99.
672 1297 692 1358 l.
711 1315 770 1376 97.
805 1298 1006 1362 Ptolemaeua
1025 1309 1057 1374 5,
1083 1309 1117 1376 8.
1153 1297 1257 1360 tabula
1278 1297 1350 1360 Peu-

322 1403 438 1484 tinger.
456 1419 491 1480 9.
509 1401 543 1464 F.
571 1399 627 1460 uhi
644 1397 757 1462 vitiole
773 1398 935 1460 Ammurio
951 1396 1102 1483 [criptum
1117 1399 1251 1484 legitur3
1279 1399 1352 1460 Ane-

321 1504 458 1566 murium
483 1515 576 1564 vocat
599 1501 717 1585 Geogr.
743 1501 890 1564 Ravenn.
908 1509 940 1576 5,
960 1509 994 1578 8.
1029 1497 1080 1562 led
1103 1514 1137 1562 et
1159 1501 1352 1564 Anemurium

323 1617 359 1672 9.
386 1617 438 1674 ι7.
467 1619 637 1684 utrumqne
666 1616 789 1672 tamen.
829 1615 863 1664 et
894 1597 1154 1684 promontorium
1181 1615 1214 1664 et
1246 1601 1353 1663 urbem

320 1705 416 1768 norit
432 1705 541 1782 Scylax
560 1725 592 1787 p.
612 1715 672 1785 4ο.
688 1699 788 1765 Hudl.
821 1701 942 1766 Urbem
959 1701 1004 1763 ihi
1021 1701 1132 1765 lletille
1147 1703 1289 1786 adeoque
1303 1701 1352 1763 luh

319 1805 568 1887 imperatoribue
590 1803 741 1875 floruille.
773 1803 923 1866 tellantur
944 1817 1103 1886 praeterea
1127 1807 1222 1866 numi
1246 1805 1352 1888 ploret,

318 1907 355 1969 ln
379 1907 495 1988 quibua
526 1906 657 1992 gentilla
681 1907 916 1992 Ανεμουριεων,
955 1904 1151 1994 Δνεμοριεων
1178 1919 1352 1970 cernuntur.

321 2007 427 2070 Situm
443 2007 556 2070 Strabo
573 2009 607 2070 iu
624 2007 722 2089 priori
742 2007 814 2069 loco
829 2007 958 2076 indicat.
983 2025 1057 2068 cum
1076 2004 1193 2078 scribit.
1218 2008 1354 2091 proxime

320 2107 401 2172 hinc
418 2109 563 2172 Ciliciam
585 2129 602 2171 a
620 2108 730 2190 Cypro
744 2105 890 2178 abfuille.
916 2127 977 2190 qua
993 2107 1071 2170 haec
1088 2107 1269 2189 Crommyo
1290 2127 1355 2192 pro·

320 2212 487 2274 montorio
509 2211 541 2271 in
564 2211 664 2272 altum
685 2210 822 2274 excedit.
874 2210 899 2271 Α
920 2208 1153 2271 recentioribua
1169 2212 1257 2274 varie
1276 2229 1355 2272 nunc

319 2313 527 2374 nominatum
548 2312 677 2382 inveni,
704 2311 916 2378 Anemurium.
946 2310 1134 2380 Stolemuru.
1156 2311 1352 2374 ‘Auerrmrich

319 2411 474 2476 Ceterum
499 2417 613 2476 eadem
633 2411 738 2476 Melae
762 2411 859 2476 rerba
880 2411 996 2495 repetit
1017 2411 1187 2478 Boccatiue
1206 2413 1249 2478 de
1272 2431 1354 2478 mou·

318 2513 405 2577 tihua
428 2513 460 2576 h.
483 2533 516 2578 v.

394 2711 644 2805 distinguit)
698 2715 865 2800 Iliacrepat
884 2714 939 2778 laic
961 2715 1001 2778 ah
1021 2715 1106 2787 alila.
1137 2716 1190 2780 rel
1214 2717 1308 2782 latine
1327 2725 1357 2779 et

318 2832 360 2878 ex
379 2819 605 2898 promontorio
623 2817 740 2880 ultimo
759 2819 837 2881 linea
852 2817 1029 2890 coustituit.
1061 2837 1136 2880 curu
1156 2819 1195 2881 ab
1213 2822 1284 2883 aliia
1303 2821 1357 2882 alia

318 2915 389 2980 loca
403 2919 534 2980 ulterius
548 2934 778 2984 memorentur.
827 2919 881 2983 Sic
897 2919 1011 2982 Strabo
1032 2929 1086 3000 ¹4·
1104 2939 1137 3001 p.
1147 2929 1235 3002 459.
1246 2921 1268 2986 l.
1277 2921 1357 2997 667.

319 3019 487 3082 remotiori
511 3019 674 3084 Coracelio
697 3021 843 3086 Ciliciam
868 3023 1028 3093 terminat.
1057 3022 1144 3103 quod
1168 3023 1286 3104 polleo,
1314 3024 1358 3083 in·

317 3119 407 3183 versa
429 3118 653 3206 progrell'toue.
679 3120 808 3210 πρῶτον
824 3119 890 3185 τῶν
908 3117 1054 3186 Κιλίκων
1077 3119 1236 3211 φρούριον
1259 3135 1358 3196 vocat.

318 3224 406 3305 quod
440 3223 547 3286 ‘claulla
577 3224 679 3306 portia
710 3223 864 3286 Antiochi
895 3225 980 3308 regia
1012 3225 1170 3308 impetum
1204 3237 1357 3295 tenuerat.

319 3321 415 3406 (Liv.
436 3336 492 3406 35.
512 3341 569 3394 9ο.
590 3323 644 3407 5.)
683 3324 886 3387 Ptolemaeus
910 3327 1007 3387 etiam
1032 3335 1065 3404 5,
1092 3337 1125 3404 a.
1156 3325 1227 3407 post
1251 3327 1358 3391 Sidam

316 3423 526 3508 Pamphyliae
541 3425 691 3508 deincepa
709 3427 743 3486 in
764 3425 857 3489 litore
874 3424 1038 3511 subiungit
1057 3421 1278 3512 Κορακήσιον,
1304 3427 1358 3488 ubi

316 3525 419 3611 vulgo
454 3522 675 3612 liopcmjvurnv
704 3527 830 3611 legitur.
892 3527 1018 3590 Pliniue
1034 3539 1066 3604 5.
1088 3544 1145 3592 99.
1166 3525 1186 3591 l.
1203 3545 1264 3604 97.
1293 3526 1358 3612 post

317 3623 520 3690 Coracesium
538 3627 654 3690 Melam
672 3627 810 3690 flurium
824 3629 993 3712 antiquum
1008 3628 1139 3692 Ciliciae
1157 3630 1255 3692 finem
1275 3627 1357 3699 lacit.

316 3747 415 3811 quem
435 3727 547 3790 Noller
561 3730 596 3791 in
615 3728 800 3811 Pamphylia
816 3730 855 3791 ad
870 3729 1092 3812 Pamphyliam
1107 3729 1247 3793 abducit.
1274 3731 1357 3793 Hinc

316 3842 351 3897 et
376 3827 477 3910 iplum
501 3829 701 3892 Coracesium
724 3830 834 3902 multi,
866 3831 1053 3914 posteriorea
1079 3834 1235 3903 maxime.
1268 3833 1358 3895 Pam·

316 3929 444 4014 phyllae
459 3929 648 4001 adscribunt.
675 3944 711 3992 ut
727 3931 891 3996 Hierocles
905 3953 936 4016 p.
947 3933 1032 4012 639.
1053 3935 1150 3997 notit.
1167 3931 1275 3998 ecclei.
1292 3947 1353 3994 aun

315 4045 350 4092 et
372 4032 488 4094 concil.
511 4031 707 4096 Constantio.
720 4020 760 4096 ἰ.
793 4030 845 4095 led
865 4046 899 4095 et
920 4033 978 4096 diu
1004 4047 1094 4098 autea
1115 4035 1226 4116 Scylax
1244 4055 1276 4116 p.
1294 4043 1353 4112 4ο.

312 4129 420 4198 itudo
470 4133 577 4200 Variae
608 4131 700 4199 inille
730 4135 822 4200 vario
856 4147 1002 4223 tempore
1036 4135 1168 4203 Ciliciae
1200 4135 1354 4202 termium
