2764 4958
161 399 210 458 tet
238 400 374 458 tome.
405 401 512 458 net.
554 401 635 462 ω.
678 399 785 458 otx.
828 399 905 472 aa.
989 395 1048 460 eor

47 571 190 633 ntorum
217 569 246 634 le
276 569 406 634 ancliille
433 569 554 644 scribit.
589 570 676 634 huno
701 569 761 650 ella
786 573 821 634 in
844 571 951 634 Nubit
976 584 1009 636 et
1031 591 1050 634 a

45 685 130 735 monte
148 671 305 736 atamen
325 670 419 737 effici.

101 865 373 967 Toehompso)
422 875 501 940 Aliis
527 875 623 940 etiam
645 867 851 964 Ταχεμψῶ,
884 874 991 938 Plinio
1014 875 1047 946 6.

44 971 117 1050 55.A.
135 993 187 1056 29.
216 967 425 1068 Tacompsos,
459 980 499 1040 de
521 998 585 1059 qno
606 979 640 1039 in
665 979 751 1040 notis
772 978 888 1038 criticis
910 997 942 1058 p.
960 990 1044 1056 312.

42 1075 106 1136 tnde
135 1078 214 1158 apud
250 1077 448 1159 Stephanum
477 1079 598 1164 gentile
630 1075 876 1167 Ταχεμψίτης.
906 1077 976 1148 vel.
1010 1089 1048 1138 ut

41 1178 130 1238 rectius
143 1177 246 1240 cenlet
261 1177 403 1242 Holllen.
419 1200 451 1262 p.
464 1193 548 1258 317.
566 1177 826 1268 Ταχομψοΐτης.
861 1179 1047 1241 Herodotus

43 1291 65 1344 e.
79 1292 126 1355 29.
148 1277 221 1340 Nilo
245 1279 423 1340 circumflui
442 1281 529 1342 dicit.
570 1280 750 1364 Stephanus
766 1279 787 1344 l.
805 1300 838 1342 v.
859 1273 1047 1366 Taxsplcb

39 1373 192 1459 Aethiopiae
216 1379 352 1442 infulam
377 1377 466 1452 facit,
502 1395 535 1444 et
555 1380 576 1446 A.
598 1402 631 1446 v.
652 1373 787 1472 Χομψῶ
818 1379 886 1442 Nili
912 1378 1045 1442 insulam

39 1474 98 1538 inter
119 1480 320 1564 Aethiopiam
344 1493 376 1543 et
403 1483 600 1567 Aegyptum,
640 1483 728 1544 idem
750 1480 771 1545 A.
796 1502 828 1544 v.
854 1473 1046 1572 Τακομψός

37 1577 117 1640 ticum
133 1583 164 1642 in
186 1583 307 1644 finibus
324 1583 458 1667 Aegypti
481 1597 515 1644 et
538 1583 726 1665 Aethiopiae
748 1583 785 1646 ad
802 1581 938 1648 Philiarn
960 1583 1043 1668 (leg.

38 1673 149 1764 Philam)
178 1681 313 1744 inlolam
340 1703 379 1746 ex
407 1682 604 1775 Arssogora.
656 1685 780 1746 Pliniue
800 1683 833 1754 6.
858 1695 916 1762 35.
942 1681 963 1746 l.
984 1698 1043 1763 29.

42 1774 204 1874 Tacompson
224 1785 384 1868 oppidum
401 1785 468 1868 poll
482 1785 627 1864 Syenitae
642 1797 887 1848 commemorat:
915 1785 954 1846 ln
968 1783 1043 1846 Pto·

38 1875 129 1944 lemno
145 1895 178 1966 lp.
202 1899 237 1964 5.
255 1885 278 1950 f.
306 1899 435 1970 propter
457 1885 620 1948 Philarum
642 1887 794 1948 viciniam
817 1877 1043 1974 Μετακομψώ

37 1977 222 2060 eliminetur,
252 1999 286 2050 et
302 2000 408 2048 ortum
424 2007 463 2050 ex
481 1982 581 2051 blla.
601 1986 701 2072 (quae
723 1983 933 2070 praecedunt)
955 1979 1044 2074 perci

38 2075 203 2171 Τακομψὼ.
230 2087 320 2170 quod
335 2101 368 2151 et
386 2089 538 2172 Stephani
555 2090 641 2150 locut
655 2087 766 2171 probat
781 2101 814 2150 et
834 2087 991 2172 graduum
1008 2086 1044 2146 in

37 2174 187 2250 Ptolemaeo
201 2190 321 2250 Latino
335 2191 469 2254 notatio.
504 2191 704 2252 incolebatur
719 2191 814 2252 etiam
828 2189 866 2251 ab
877 2187 1043 2272 Aegyptiit

38 2285 279 2372 tlAethiopibue
308 2290 488 2354 confinibut
516 2289 721 2374 (Herodotus
742 2311 768 2355 o.
790 2286 835 2376 l.)
860 2304 897 2352 ut
918 2289 1041 2359 Philae,

39 2375 135 2458 (Strabo
155 2410 185 2453 t.
206 2413 240 2474 p.
260 2406 319 2466 27.
336 2390 355 2454 l.
373 2389 455 2474 41.)
478 2413 556 2473 quoe
577 2395 661 2456 inter
676 2391 877 2474 Aethiopiam
891 2404 923 2454 et
939 2391 1041 2476 Aegy·

38 2491 100 2558 ptum
121 2506 246 2572 ponunt
273 2493 369 2553 etiam
397 2493 543 2555 Arilliclee
566 2495 664 2556 Tom.
684 2509 716 2556 a.
738 2513 772 2575 p.
789 2503 871 2571 347.
892 2490 981 2554 labb.
1007 2505 1041 2554 et

38 2579 137 2654 lliolor.
157 2613 185 2664 t.
212 2610 274 2656 22.
320 2593 407 2655 Fecit
429 2607 535 2654 autent
556 2590 685 2664 vicinia,
710 2607 755 2663 ut,
779 2606 912 2674 excepto
933 2591 1040 2654 Ptole·

38 2699 110 2757 neco.
131 2709 278 2757 anctorae
293 2695 345 2756 vel
363 2693 564 2774 Tachomplo
587 2693 682 2756 lolam
705 2695 828 2772 (veluti
845 2693 1038 2762 Herodotus,

38 2778 104 2858 lleh,
126 2793 272 2870 Plinina)
296 2796 348 2856 vel
368 2795 474 2858 Pbilaa
496 2800 552 2874 (ut
574 2795 704 2864 Strabo.
733 2797 851 2858 Seneca
870 2795 903 2856 in
925 2793 1037 2856 Natur.

39 2879 122 2972 Qun.
142 2897 196 2973 α.)
222 2897 280 2956 hio
301 2909 568 2958 commemorent.
621 2895 772 2960 Ceterum
796 2896 955 2977 duplicem
978 2896 1039 2960 Ta·

38 2989 152 3071 illmplon
172 2999 269 3059 novit
291 2997 414 3060 Pliniut
435 3017 463 3060 o.
483 2997 505 3059 l.
536 2997 624 3080 quod
647 3011 680 3059 et
701 2996 753 3058 hio
774 2997 900 3058 notavit
912 2995 1039 3057 Perizo-

37 3083 100 3163 illu
117 3097 220 3160 minua
235 3112 344 3159 tamen
357 3097 561 3180 probabiliter
576 3097 651 3159 inde
667 3117 781 3160 verum
797 3116 918 3160 nornen
933 3093 1039 3158 caniet

38 3180 153 3276 Χῦμψώ,
179 3199 232 3260 eui
253 3197 332 3260 hino
353 3199 525 3282 praefixum
548 3197 643 3260 faerit
665 3194 726 3268 roi,
753 3199 839 3279 qnod
857 3217 915 3258 nec
931 3195 1038 3258 termi-

38 3291 99 3354 nno
117 3297 147 3358 in
163 3299 272 3363 Plinio
295 3302 429 3384 patitur,
461 3320 521 3362 noc
539 3301 666 3384 linguae
686 3297 761 3360 ulos
781 3299 927 3380 requirit,
959 3315 1037 3360 oum

38 3393 109 3456 muln
125 3401 155 3460 in
177 3397 202 3464 ὼ
227 3401 430 3486 singularia
453 3399 610 3464 feminino
634 3419 750 3484 genero
772 3399 951 3462 efferantur.
984 3393 1035 3461 ef.

39 3483 148 3561 Hellen.
169 3504 206 3563 ad
231 3503 384 3584 Stephon.
407 3523 439 3584 p·
459 3515 540 3586 553·
579 3502 710 3565 Norden
725 3499 817 3563 ilcila
837 3522 870 3584 p.
887 3519 931 3564 m.
951 3509 1034 3578 387.

39 3582 115 3658 Pnn.
132 3600 160 3662 n.
183 3604 321 3686 copone
345 3599 476 3695 onsnn
497 3605 559 3665 et·
572 3599 684 3693 unp,-
716 3602 879 3678 a‘nnvnn
900 3621 933 3684 p.
950 3613 1034 3675 217.

40 3691 83 3753 tl,
97 3697 186 3764 Barhe'
201 3718 233 3768 et
250 3703 450 3786 Tachornplo
470 3695 581 3794 Heffa.
632 3705 730 3768 Forte
742 3701 786 3765 est
801 3701 915 3774 insula,
941 3720 1037 3784 quam

42 3783 140 3860 Nllrden
163 3825 193 3886 p.
217 3825 261 3869 m.
284 3817 370 3886 398.
400 3819 494 3868 vocat
518 3801 647 3894 Gicfiret
670 3799 825 3876 Maleum
856 3823 930 3864 nam
957 3822 1037 3886 quaa

42 3885 127 3962 deinde
147 3901 283 3986 lequitnr
304 3927 337 3988 p.
357 3917 443 3986 403.
472 3909 555 3968 inter
577 3895 705 3997 Girschc
726 3917 759 3968 et
781 3901 884 3967 Garbe
909 3895 1037 3996 Girsclu

40 4003 159 4066 remotior
175 4007 253 4070 iacet
269 4009 304 4070 in
320 4007 506 4093 Aethiopia,
532 4007 588 4070 uhi
604 4005 720 4070 Nilum
736 4005 870 4068 aelluare
886 4018 1000 4070 narrat.
