2852 4946
204 407 257 468 rn
283 407 420 468 rona.
450 405 558 465 naa.
599 405 635 464 1.
655 407 678 462 1.
719 407 753 466 c.
774 407 852 470 nrt.
893 406 920 478 r.
944 416 972 466 ι.
1047 405 1108 488 rer

67 583 194 652 verim,
221 581 361 644 noltmrn
379 579 440 643 effe
456 579 549 659 Crya.
582 577 681 662 Quod
697 577 764 661 poli
781 579 867 651 vidi,
894 579 1110 656 Artemisrum,

68 684 166 768 Cragi
188 685 450 766 promontorium
467 695 499 744 et
515 681 698 742 Paedalium
714 680 843 752 direrlia
864 682 1052 746 nominibus
1068 685 1111 748 de

67 786 186 847 eodem
224 783 447 867 promontorio
485 781 636 866 intelligit
674 781 822 844 Mannert
854 783 927 846 Vol.
948 784 981 848 6.
1013 785 1051 849 P.
1075 797 1109 865 5.

67 907 100 968 p.
127 907 141 945 ι
148 893 210 968 94.
236 886 291 967 qni
309 899 343 944 et
356 876 538 948 uertitur
561 903 617 964 per
634 903 667 944 m
687 902 726 946 ex
742 883 866 967 periplo
882 881 1032 948 Elcutial.
1057 905 1110 949 etr·

67 987 196 1058 citavit,
223 987 314 1050 cuiue
336 983 518 1067 [cripturam
536 979 678 1066 express'r.

135 1177 392 1280 sacrandum)
439 1185 552 1252 Strabo
574 1194 629 1272 alp.
655 1205 688 1270 p.
706 1194 793 1268 448.
815 1183 837 1252 s.
854 1183 937 1266 651.
959 1183 1108 1278 πλησίον.

69 1288 141 1352 virt.
156 1291 197 1350 ad
215 1305 248 1361 tt,
272 1308 302 1361 t.
321 1290 355 1354 6.

145 1487 329 1573 Calbin)
379 1489 435 1554 Gr.
461 1485 603 1566 Κάλβις.
653 1490 859 1555 Astrabone
881 1512 909 1556 c.
936 1492 958 1557 l.
989 1493 1140 1583 diciturN

64 1581 181 1668 βαθὺς
199 1606 231 1654 et
246 1594 377 1674 ponitur
389 1609 489 1674 prope
500 1591 659 1656 Caunum.
693 1594 736 1654 Et
752 1595 791 1654 stc
808 1593 1014 1658 Ptolemaeus’
1022 1607 1054 1672 5,
1071 1613 1106 1660 α.

66 1711 132 1755 non
151 1693 265 1775 procul
280 1714 297 1756 a
311 1692 423 1756 Cauno
436 1695 506 1758 eiua
523 1693 637 1756 ollium
652 1711 892 1758 commemorat.
930 1695 1054 1758 Plinius
1072 1709 1106 1774 5.

68 1811 126 1874 29.
143 1793 166 1856 l.
183 1807 243 1871 aa.
273 1795 335 1858 boo
358 1795 491 1856 nomine
521 1794 657 1858 iluvinm
681 1798 821 1880 ignorat,
855 1809 887 1856 at
908 1815 966 1877 pro
990 1816 1029 1860 eo
1053 1797 1107 1860 hic

67 1893 227 1958 lubstituit
243 1896 361 1958 Indum
382 1897 415 1956 in
431 1894 651 1976 Cibyratarum
668 1897 750 1980 iugis
766 1913 883 1968 ortum,
907 1898 963 1978 qui
976 1899 1108 1980 recipiat

69 1993 113 2059 60
137 1997 259 2060 lluvioa
282 2015 453 2080 perennes,
487 2009 643 2060 torrenter
667 1998 801 2078 amplius
825 2011 966 2062 centurn.
1018 1999 1105 2062 Con·

68 2095 162 2159 sentit
186 2098 221 2158 in
238 2100 372 2160 nomine
386 2111 419 2160 et
439 2098 562 2181 origine
581 2099 691 2160 Lirim
709 2109 766 2176 58,
787 2107 841 2181 14.
857 2100 902 2160 in.
929 2111 962 2162 et
983 2120 1105 2162 nomen

68 2197 105 2258 ab
124 2199 231 2268 lodo.
261 2218 358 2280 qoem
382 2199 531 2260 deiecerit
552 2199 754 2281 elephantus.
786 2200 974 2282 impositum
996 2199 1104 2266 refert.

68 2299 218 2362 Eundem
235 2313 350 2380 putant
364 2299 547 2362 Hardninue
563 2300 601 2360 ad
617 2301 758 2362 Plinium
776 2313 808 2361 et
827 2301 977 2364 Mannert
996 2303 1104 2382 (Geo-

65 2401 219 2484 graphan
247 2401 316 2463 Vol.
331 2401 365 2464 6.
383 2401 419 2462 P.
438 2413 471 2479 3.
487 2421 517 2482 p.
531 2412 612 2480 198.
635 2401 687 2462 hic
702 2403 831 2482 quidem
851 2405 911 2475 ita,
937 2416 974 2464 ut
997 2403 1105 2470 verine

68 2501 140 2563 ostia
162 2520 287 2564 nomen
309 2503 456 2572 mutarit,
489 2502 542 2564 ille
561 2504 657 2564 etiam
680 2501 803 2564 Cariam
823 2504 899 2566 inde
927 2526 939 2566 r
962 2505 1102 2570 Maccab.

69 2613 100 2680 fl,
115 2615 152 2680 3.
174 2601 330 2664 Indorum
347 2603 499 2682 regionem
518 2603 580 2664 dici
594 2603 699 2675 addit,
726 2607 812 2684 quoti
830 2625 932 2688 nuper
946 2607 1102 2672 adstruere

67 2702 186 2765 studuit
209 2703 345 2767 Cludiur
367 2705 401 2764 in
423 2703 645 2785 Repertorium
672 2703 723 2765 fiir
744 2705 827 2768 Bibl.
852 2709 918 2768 und
940 2708 1102 2793 Morgenl.

68 2803 228 2866 Literatur
242 2807 283 2868 Τ.
299 2823 351 2868 tt.
366 2825 397 2886 p.
412 2816 472 2882 80.
498 2806 540 2866 ita
554 2817 660 2868 tamen
673 2806 798 2879 melius,
825 2823 861 2868 ut
878 2811 962 2870 inter
976 2809 1101 2872 Cariam

67 2919 97 2966 et
114 2907 263 2970 Ciliciam
279 2907 318 2967 ad
335 2905 557 2984 Cibyratarum
578 2908 650 2990 iuga
671 2909 823 2969 remittat.
864 2909 960 2992 Quod
976 2911 1103 2971 Ninum

67 3006 99 3067 in
115 3009 226 3070 Plinio
239 3007 368 3069 volebat
383 3007 574 3070 Hermolaus
595 3007 765 3080 Barbarus,
791 3028 830 3071 ex
853 3009 947 3072 Livio
969 3011 1103 3072 convin-

67 3109 163 3180 citur,
196 3108 235 3170 acl
251 3128 347 3190 quem
364 3105 404 3170 cf.
421 3107 712 3170 Drakenborchiue.
751 3109 932 3190 Stephanus
956 3109 1101 3178 Calbinnr

66 3206 192 3272 iontem
216 3209 329 3288 Lyciae
352 3211 516 3292 producit,
547 3229 585 3272 ex
606 3229 672 3291 quo
691 3210 817 3273 Calbim
840 3225 945 3274 ortum
970 3225 1102 3294 putant:

68 3309 105 3372 tle
123 3329 192 3393 quo
215 3309 254 3374 cl.
270 3309 438 3373 Berkeline
453 3331 484 3391 p.
501 3322 588 3389 437.
621 3313 779 3392 Equidem
797 3311 930 3395 propter
947 3312 1101 3396 superiora

67 3412 223 3476 incertum
249 3425 340 3495 puto.
393 3411 488 3472 Aliud
519 3430 659 3481 nomen.
693 3403 879 3503 Mausolus,
913 3415 959 3475 illi
989 3415 1102 3476 tribuit

67 3511 190 3576 Voll'rue
209 3533 248 3574 etr
271 3511 411 3575 Pseudo·
424 3512 593 3574 Plutarcho
615 3513 655 3574 de
672 3512 762 3576 llum.
778 3513 798 3577 l.
817 3535 849 3577 v.
869 3517 978 3584 Indue,
1004 3535 1100 3598 quem

65 3612 174 3677 Indiae
195 3611 270 3677 fallo
293 3615 360 3678 dari
379 3625 487 3696 putat,
522 3615 611 3695 quod
637 3615 727 3679 Caria
750 3617 785 3678 in
807 3617 870 3680 hoc
890 3617 1023 3681 nomine
1042 3618 1101 3680 fibi
1226 3615 1231 3622 '

65 3717 219 3778 vindicet.

142 3916 332 4001 Caunus)
383 3917 436 3982 Gr.
464 3914 604 3994 linb'vor.
654 3915 785 3982 Nomen
816 3921 909 3983 traxit
934 3941 951 3984 a
975 3921 1099 3998 Cauno,

65 4019 134 4101 qni,
168 4033 206 4082 ut
232 4033 360 4103 turpem
394 4021 540 4102 Byblidie
574 4019 687 4084 sororia
719 4041 862 4086 amorem
895 4020 1099 4098 frustraretur,

65 4120 175 4205 laqueo
196 4123 299 4185 ritem
321 4123 446 4196 finivit,
475 4129 620 4188 undeet
645 4112 785 4201 Καύνιος
809 4119 886 4215 ’ἔρως
911 4124 948 4188 in
968 4145 1098 4212 prover·
