2892 4950
347 379 410 460 50⁶
616 383 776 444 Nom
817 383 1113 446 nxnonrrcnn

347 558 494 644 intelligi.
529 557 627 643 Quod
644 559 731 620 enim
748 557 860 621 Noller
878 575 910 630 o.
928 573 960 638 5,
977 575 1010 636 7.
1032 562 1127 623 dicit:
1161 559 1359 656 Istimoron·

347 659 439 752 gcfio
460 661 589 722 tramite
607 657 738 721 Helladi
766 653 1003 754 Peloponneson
1026 662 1182 733 adnectit.
1212 663 1250 724 fic
1269 661 1361 722 reddit

347 764 472 826 Plinius
488 771 522 841 4.
538 773 571 839 5.
586 759 608 822 s.
624 770 658 839 4.
683 759 820 852 ungusta
842 764 959 824 ceruice
975 755 1222 856 Peloponnesum
1238 762 1360 823 eontinet

346 863 470 926 Hellas.
505 863 658 926 Ceterum
676 863 782 924 fimilis
797 863 873 924 huic
894 863 983 927 locun
999 863 1041 927 cll
1057 881 1089 936 Ω,
1109 879 1142 946 5,
1159 879 1191 946 3.
1212 864 1292 926 tenui
1307 875 1361 923 tro·

345 967 421 1026 ruite
437 966 469 1025 in
485 964 573 1026 locres
587 958 782 1051 essrinditur5
813 977 921 1026 contra
937 981 969 1035 Ω,
988 986 1017 1036 ι,
1034 977 1068 1043 5.
1096 967 1172 1028 Tum
1190 977 1271 1028 terra
1284 963 1361 1042 louge

346 1065 486 1158 distenta
500 1064 650 1126 excedens
669 1066 755 1125 terrui
770 1064 876 1126 radice
893 1066 981 1128 litori
994 1067 1185 1130 adnectitur.
1218 1065 1287 1127 Poll
1301 1065 1361 1125 srm-

345 1169 469 1250 pliciter
490 1178 583 1228 vocat
599 1163 774 1258 orrgrfiios.
809 1167 919 1229 Graeci
936 1168 975 1229 lic
995 1181 1122 1250 ponunt
1142 1173 1236 1232 etiem
1252 1155 1359 1250 αὐχὴν,

343 1282 382 1329 ut
402 1267 552 1349 Xenoph.
573 1267 613 1327 de
636 1267 775 1348 expedit.
800 1269 833 1338 6.
851 1278 886 1346 4.
906 1285 937 1330 α.
970 1269 1084 1332 Strabo
1105 1287 1160 1334 ια.
1183 1292 1215 1354 p.
1231 1283 1307 1348 577.
1321 1269 1359 1328 in.

344 1369 368 1432 l.
385 1379 469 1448 545.
506 1365 556 1430 Cl.
573 1367 754 1453 Welleling.
770 1371 808 1432 ad
825 1371 981 1434 Herodot.
1002 1391 1032 1443 1.
1049 1387 1107 1455 72.
1125 1373 1169 1434 in.
1192 1381 1227 1449 4.
1243 1380 1298 1448 85.

409 1561 442 1661 f
445 1571 511 1631 aci
517 1591 570 1631 em
577 1569 596 1651 )
645 1573 695 1632 De
712 1571 862 1636 inanimis
876 1586 959 1634 amet
980 1573 1093 1637 Noster
1108 1573 1172 1636 hoc
1188 1572 1315 1635 verbum
1328 1567 1362 1630 ul

340 1671 478 1735 formam
504 1691 618 1734 eorum
642 1685 675 1734 et
693 1669 827 1755 speciem
850 1676 1032 1746 notandam,
1060 1677 1112 1738 vel
1140 1673 1359 1737 inlustrandam.

343 1775 396 1838 sic
418 1790 451 1845 Ω,
475 1795 503 1844 1,
527 1786 560 1852 5.
583 1785 670 1834 term
692 1808 739 1820 -·
761 1767 854 1864 facie
879 1773 976 1866 posui
995 1773 1078 1868 enfls
1097 1776 1225 1838 odkcto
1245 1773 1304 1868 esl,·
1333 1787 1361 1840 Ω,

343 1895 376 1948 2,
395 1888 427 1954 8.
450 1877 524 1956 iugo
538 1866 634 1964 sacle
656 1874 754 1936 trallis*
770 1876 958 1948 incudum
995 1893 1028 1948 Ω,
1047 1893 1079 1956 5,
1097 1895 1133 1958 9.
1150 1869 1266 1968 specus
1286 1871 1361 1936 elteri

333 1971 429 2070 socie
444 1989 475 2038 et
487 1967 608 2065 subulo
614 1971 735 2067 similis
742 1997 755 2050 ,·
794 1991 825 2056 3.
846 1991 877 2056 3,
896 1987 930 2058 4.
942 1968 1039 2065 facie
1055 1980 1198 2040 ominium
1206 1970 1362 2069 spargitur

340 2082 363 2142 i.
381 2099 410 2142 e.
436 2077 537 2149 inllar,
569 2091 608 2138 ut
629 2078 668 2140 tle
689 2078 851 2140 Sardiniae
868 2079 926 2140 suu
944 2079 1065 2143 Sallnll.
1088 2082 1121 2140 in
1138 2079 1249 2164 fragm.
1267 2075 1360 2138 hillor.

340 2167 396 2243 lili,
417 2195 450 2243 Ω.
469 2183 514 2242 in.
529 2170 624 2269 socie
644 2177 768 2270 vestigii
791 2181 923 2242 irremorsi
943 2182 1109 2260 prominet.
1162 2179 1310 2262 Exempla
1328 2192 1361 2237 ex

340 2283 408 2345 aliis
431 2280 611 2343 auctoribus
643 2279 782 2342 conlecta
812 2280 901 2342 dedit
927 2281 1056 2343 Cottius
1081 2282 1120 2342 ad
1151 2280 1271 2344 Sallust.
1299 2279 1358 2361 lug.

341 2397 449 2462 7475.
482 2381 652 2461 Catil.31.
675 2382 721 2443 in.
755 2383 855 2442 multa
877 2383 974 2444 enam
990 2380 1117 2445 Gesner.
1133 2385 1170 2444 in
1187 2380 1263 2444 thel.
1280 2380 1314 2442 L.
1327 2377 1357 2436 L.

243 2503 252 2512 ·
338 2481 494 2565 Exposuit
511 2497 617 2544 aulem
641 2483 702 2542 iarn
725 2483 861 2548 oilardo
883 2485 917 2543 vi
939 2497 972 2545 et
989 2481 1043 2543 uiu
1067 2484 1122 2545 illo
1142 2484 1235 2546 verbi
1253 2479 1358 2544 Gelline

344 2599 398 2660 ¹3·
417 2599 474 2662 29.
502 2601 566 2664 quo
581 2583 699 2642 indicat
714 2602 818 2644 rerum
834 2583 988 2645 habitum.
1028 2583 1135 2666 Quare
1151 2587 1248 2646 etiam
1264 2575 1358 2666 palin

338 2705 411 2746 cum
428 2673 554 2774 species
573 2685 607 2744 in
630 2683 718 2746 librin
744 2698 978 2756 commutatur,
1012 2686 1059 2745 uti
1082 2686 1178 2747 docet
1198 2687 1358 2747 Burmann.

337 2786 375 2848 nd
391 2787 535 2868 Propert.
552 2793 587 2863 4,
604 2800 637 2857 Ω,
654 2798 713 2862 51.
747 2785 791 2846 Et
804 2785 844 2848 fic
858 2788 988 2869 quidum
1004 2787 1151 2849 voluerat
1167 2789 1202 2848 in
1216 2783 1356 2850 Frontino

337 2903 372 2960 2,
401 2903 454 2959 12,
483 2907 512 2949 1.

417 3087 540 3171 Teos)
591 3090 645 3153 Gr.
664 3082 793 3173 ine'wr.
835 3089 953 3160 incola.
980 3090 1055 3154 telle
1072 3089 1245 3174 Stephano.
1267 3081 1357 3159 Tiiun

335 3189 428 3264 Τεῖος
450 3203 482 3252 et
502 3191 610 3254 lonico
630 3189 744 3277 Τὴϊος.
777 3192 863 3273 quod
884 3187 1117 3253 uitalilllmum
1139 3193 1198 3265 eil,
1225 3187 1358 3254 nnumin

336 3295 431 3355 eliam
455 3289 704 3371 frequentatum.
737 3307 801 3354 eta
821 3293 940 3353 Latinis
966 3290 1141 3364 servatum,
1175 3297 1358 3374 inquorum

334 3393 474 3456 versibus
488 3393 648 3472 dactylum
666 3389 772 3454 eflicit.
807 3393 963 3454 Condidit
977 3393 1089 3455 urbem
1105 3393 1263 3462 Athaman.
1282 3387 1357 3453 undo

335 3515 405 3558 earn
428 3489 652 3578 Ἀθαμαντίδα
675 3495 803 3556 vocavit
823 3495 1006 3567 Anacreom
1033 3495 1163 3572 (Strabo
1188 3507 1242 3575 14.
1263 3495 1306 3554 in.
1328 3501 1356 3550 et

334 3617 372 3658 ex
396 3615 435 3657 eo
457 3593 653 3674 stephanus.
685 3597 742 3674 qui
763 3597 859 3655 etium
884 3597 1026 3656 neminie
1051 3594 1171 3656 carrium
1193 3591 1355 3664 adiunxit.)

333 3695 496 3760 Pausanias
517 3707 625 3756 lamen
646 3711 678 3768 7.
702 3709 734 3770 3,
759 3709 792 3770 3.
824 3695 1048 3756 Athamantem
1076 3696 1355 3758 Orchomeniomm

333 3817 373 3860 eo
390 3797 547 3858 coloniam
563 3794 732 3866 dednxille.
755 3809 787 3858 et
802 3796 895 3859 Cares
911 3795 956 3856 ibi
975 3815 1048 3858 curn
1064 3797 1188 3859 Graecis
1203 3793 1354 3880 permilloe

333 3897 510 3966 conscilio,
537 3894 643 3961 refert.
686 3896 903 3961 Succellernnt
926 3897 992 3978 poll
1009 3899 1062 3958 alii
1085 3899 1206 3969 coloni.
1236 3899 1275 3960 de
1296 3893 1354 3976 qui·

333 3999 403 4069 bue.
430 3996 550 4061 diverse
570 3999 710 4080 quidem.
738 3999 866 4060 tradunt
886 3999 995 4062 Strabo
1019 4011 1052 4061 et
1072 3998 1244 4062 Pausaniae.
1288 3993 1353 4058 Fuit

331 4101 491 4166 inluniae
511 4115 567 4166 ια.
583 4099 725 4174 urbibus,
743 4100 913 4180 (Herodot.
932 4117 961 4174 ι,
983 4103 1078 4182 142.)
1101 4101 1158 4166 etii
1172 4101 1298 4184 Lydiae.
1319 4103 1351 4156 ut
