2828 4966
333 367 376 446 ,56
602 371 763 429 norro
804 369 1109 426 nxnonrrcrn

414 540 664 625 scythicus)
714 539 849 622 Dionys.
869 562 902 604 v.
929 556 987 622 32.
1020 527 1114 603 vo‘cat
1145 534 1330 627 πεπηγότα
1363 563 1378 604 r

335 637 484 732 Κρόνιον,
509 655 547 705 ut
562 665 596 707 v.
611 655 671 722 48.
706 644 763 704 ubi
785 663 859 706 cum
881 642 994 726 Caspio
1015 644 1200 726 coniungit,
1231 645 1328 722 quod
1355 644 1378 702 d

339 747 490 828 Scythico
510 745 579 829 poii
595 747 737 807 adfirmat
752 746 867 808 noster.
907 737 1033 832 Νεκρὸν
1048 746 1146 806 etiarn
1164 746 1275 806 vocari
1293 758 1378 806 notr

340 848 483 912 Eustath.
501 845 540 908 ad
557 867 590 908 v.
606 858 665 924 28.
683 859 715 908 et
733 861 791 928 52.
817 846 873 907 ubi
888 846 979 908 iimul
994 846 1137 907 nominis
1157 840 1300 931 Κρόνιον
1319 867 1378 907 car

342 949 409 1013 Iam
424 946 525 1010 adfert
539 969 577 1010 ex
591 945 718 1010 fabulis.
755 949 823 1010 Atia
845 949 968 1009 dabunt
987 947 1174 1028 interpretes
1189 947 1228 1008 od
1243 948 1337 1009 Piin.
1365 969 1378 1008 ι

344 1047 518 1129 27.i.15.
547 1049 603 1112 etii
625 1069 665 1112 ex
687 1050 872 1111 Ptolemaeo
897 1064 930 1126 3,
955 1061 988 1126 5.
1012 1050 1121 1109 minuo
1142 1061 1226 1109 recte
1247 1047 1378 1110 Hardu

344 1171 416 1215 nnn.
470 1147 538 1232 Ipse
561 1165 667 1212 tamen
689 1151 733 1210 ibi
755 1151 879 1212 Plinius
901 1149 1019 1232 etpost
1038 1162 1073 1228 4.
1094 1146 1189 1228 3o.[.
1213 1151 1269 1212 ro.
1298 1147 1378 1210 sent

345 1251 493 1317 strictiori
512 1251 552 1312 de
574 1263 660 1333 parte
683 1249 948 1334 septemtrionalis
968 1250 1088 1312 Oceani
1109 1250 1196 1312 dicit.
1249 1252 1378 1330 Scythr

346 1366 455 1416 autern
472 1355 641 1414 communi
659 1354 792 1414 nomine
806 1351 967 1414 universas
986 1365 1098 1436 genter
1113 1347 1378 1432 septemtrionatr

343 1453 521 1522 vocabant.
555 1453 611 1515 etit
629 1455 727 1514 etiam
747 1451 854 1515 versuo
876 1455 1032 1516 orientem
1052 1453 1090 1512 ad
1113 1473 1199 1514 mare
1220 1454 1336 1513 Eoum
1371 1481 1378 1514 ι

345 1555 474 1620 indiam
497 1571 703 1639 promovent.
744 1552 796 1620 Gi.
815 1569 848 1633 3.
867 1569 902 1632 7.
916 1557 962 1616 in.
988 1566 1022 1617 et
1040 1551 1155 1616 Strabo
1174 1573 1229 1615 ιι.
1250 1573 1284 1637 p.
1303 1567 1378 1634 34«

346 1654 371 1720 i.
398 1668 483 1735 507.

423 1854 655 1941 perpetua)
712 1857 876 1924 Continur
901 1878 961 1922 neo
987 1858 1098 1922 multis
1127 1876 1224 1920 curra
1255 1856 1378 1920 iinibu

349 1959 388 2023 ld
410 1961 543 2024 evidens
564 1960 607 2022 est
625 1980 666 2022 ex
682 1963 812 2024 vetustis
832 1961 966 2032 tabulis,
998 1981 1078 2043 quae
1093 1975 1252 2022 extremae
1273 1959 1378 2021 India

348 2057 491 2124 frontem
518 2063 694 2124 admodum
726 2083 857 2145 aequam
888 2063 1071 2125 statuerunt.
1135 2060 1242 2121 Hodie
1273 2074 1378 2124 anter

348 2181 418 2225 non
433 2165 511 2225 adeo
533 2164 658 2245 planam
675 2165 743 2226 eino
757 2183 844 2226 oram
866 2163 936 2234 elie.
958 2174 1159 2244 compertum
1177 2160 1231 2222 eo.
1264 2179 1378 2224 vnnrr

350 2283 425 2327 nvo.
478 2265 575 2347 Quali
590 2265 730 2336 directo,
755 2265 843 2346 quod
865 2285 969 2346 neque
986 2265 1069 2324 finus
1090 2263 1253 2332 adinton,
1278 2281 1378 2342 nequ

349 2366 571 2446 promontorio
590 2365 745 2446 proiiciat.
783 2363 834 2428 Cf.
860 2380 893 2441 3,
923 2387 952 2436 ι,
976 2382 1011 2445 9.
1052 2381 1264 2426 crrcconrvr.
1317 2365 1378 2445 Ipi

351 2463 439 2526 Mela
463 2461 514 2524 iric
535 2465 641 2545 paullo
662 2467 731 2546 post
752 2463 829 2528 dicit
847 2458 976 2555 solido,
1010 2466 1062 2526 cui
1080 2464 1152 2526 voci
1170 2480 1203 2534 Ω,
1219 2475 1253 2542 4,
1274 2483 1306 2526 ι.
1333 2467 1377 2526 oi

352 2566 448 2647 ponit
471 2565 588 2626 induo
609 2587 726 2628 comnn
741 2563 900 2658 finditur,
933 2580 971 2626 ut
988 2565 1039 2646 τῷ
1059 2577 1226 2646 perpetuus
1245 2578 1275 2642 3.
1292 2565 1328 2634 6.
1360 2577 1377 2646 4

353 2663 481 2748 obliqua
502 2679 585 2728 retro
602 2667 704 2728 latera
724 2665 881 2759 alfiroin'r
898 2668 938 2729 de
954 2667 1128 2731 Britannia.
1160 2665 1217 2729 Gr.
1230 2665 1272 2730 est
1290 2661 1377 2754 irqv.

353 2759 430 2854 ²³45·
452 2759 627 2857 προσεχὴς.
665 2765 717 2834 cf.
739 2767 891 2830 etiamad
916 2791 944 2840 ι.
968 2777 1001 2847 5,
1024 2779 1058 2847 5.

423 2959 456 3060 f
462 2989 478 3031 r
491 2989 510 3032 o
523 2992 545 3031 n
557 2983 574 3033 t
586 2993 602 3032 e
608 2967 629 3053 )
680 2972 815 3034 Frontes
844 2969 986 3053 scriptori
1014 2970 1164 3032 dicuntur
1191 2967 1262 3030 illae
1286 2984 1377 3034 cont

355 3071 465 3133 nontin
485 3085 606 3152 parter,
632 3091 712 3154 qnae
730 3073 869 3134 maxime
885 3073 920 3134 in
935 3091 1023 3133 maro
1043 3083 1236 3154 procurrunt
1254 3081 1286 3130 et
1309 3090 1373 3131 em

353 3185 454 3245 nent3
489 3173 614 3235 Graecis
634 3169 783 3262 μέτωπα.
817 3191 987 3236 onrnvrvo
1003 3170 1079 3236 MS.
1108 3183 1140 3232 et
1163 3169 1202 3232 irc
1224 3167 1286 3231 iere
1310 3170 1376 3234 Bu:

354 3290 503 3335 mannus.
554 3275 703 3335 Frontem
724 3275 868 3336 translate
884 3275 1012 3344 dicunt,
1044 3272 1197 3353 quidquid
1218 3271 1376 3336 advente1

354 3371 442 3436 tibur
466 3371 633 3436 adversum
656 3377 801 3438 occurrit.
851 3375 894 3435 Et
918 3371 1065 3436 universo
1094 3371 1224 3455 quidem
1249 3371 1376 3436 iiberur

355 3473 417 3544 est,
450 3493 544 3555 quarn
567 3478 636 3558 quis
658 3491 780 3558 partem
808 3473 870 3536 five
893 3493 981 3536 oram
1010 3475 1091 3536 velit
1114 3471 1253 3535 stontem
1274 3477 1376 3540 consti

356 3585 464 3646 tuem
505 3577 562 3638 hac
584 3595 663 3640 vero
682 3577 863 3647 constituta.
897 3595 977 3657 quan
997 3593 1037 3636 ex
1059 3571 1189 3656 obliquo
1214 3585 1267 3633 aut
1290 3589 1376 3642 tranr

355 3673 447 3736 verso
462 3675 619 3749 adiacent,
642 3677 736 3739 latera
757 3689 851 3740 erunt
870 3695 902 3738 v.
924 3697 951 3739 c.
975 3693 1005 3747 o.
1024 3692 1057 3748 o,
1079 3698 1109 3740 ι.
1159 3674 1265 3754 ltaque
1284 3683 1376 3754 pote!

357 3775 469 3838 eadem
485 3796 539 3840 ora
556 3781 654 3840 modo
675 3771 762 3840 itone
780 3777 850 3848 effe,
872 3777 1078 3847 modoinus,
1102 3788 1199 3858 prout
1216 3775 1253 3836 nd
1266 3776 1375 3840 diveri

354 3873 508 3938 refertur:
536 3880 637 3940 veluti
659 3893 692 3949 o,
716 3901 746 3950 1,
768 3901 796 3941 1.
827 3899 906 3959 quae
921 3899 973 3940 ora
991 3879 1072 3939 latus
1087 3877 1129 3938 est
1144 3875 1241 3938 Ponti
1256 3875 1375 3940 Euxini

356 3978 392 4038 fit
406 3975 495 4039 iront
509 3997 616 4040 eorum
638 3993 799 4050 tetrarum,
822 3999 901 4060 quae
919 3977 1028 4042 vorsus
1043 3979 1207 4058 Illyricum
1224 3979 1375 4060 porrignn

356 4089 422 4144 tur.
462 4080 511 4141 Ita
525 4083 621 4144 etiam
641 4103 670 4154 1,
687 4095 721 4159 5,
737 4092 772 4160 5.
802 4099 834 4154 2,
850 4094 883 4160 5,
901 4095 934 4159 7.
985 4080 1072 4144 Illud
1089 4093 1198 4144 tamen
1217 4075 1375 4146 observati
