2770 4954
347 432 408 502 uo
612 420 774 482 uonna
814 423 1112 482 cxconrronn

346 602 431 672 niue,
453 597 536 660 male
550 597 640 659 illurn
656 597 733 660 haec
748 593 889 659 conitrre
904 597 939 658 in
955 617 1049 659 unam
1067 597 1179 659 lineam
1192 593 1225 656 ub
1234 593 1339 658 Oriente

346 703 386 766 ad
409 698 581 771 Omnium,
613 719 687 760 curn
718 698 803 759 Mela
835 698 887 759 hic
917 699 1067 780 procedat
1091 695 1128 758 ab
1156 697 1293 778 Aquilone
1313 699 1339 758 iu

346 803 512 874 Austrum,
546 814 585 862 nt
615 801 697 862 ultra
727 799 885 861 literalem
915 813 1049 860 tractum
1074 811 1227 880 ponantur
1251 793 1340 878 Libyes

347 903 496 988 Aegyptii
517 914 549 964 et
571 901 836 979 Leucoaethiopes
856 912 888 958 et
915 899 1057 970 Gaetuli,
1090 915 1158 960 turn
1177 897 1272 959 verlue
1288 897 1339 956 ille

344 1005 462 1066 ridiem
484 1017 625 1065 occurrat
644 1018 723 1065 terra
745 998 976 1072 inhabitabilis,
1002 1001 1139 1082 denique
1154 1001 1228 1060 ultra
1241 1019 1299 1060 eam
1311 995 1339 1058 ab

346 1105 480 1168 Oriente
500 1105 533 1164 in
550 1103 701 1166 Occalum
720 1102 931 1164 Garamantes
951 1103 1072 1184 primo,
1100 1101 1174 1164 dein
1187 1098 1300 1180 Augilae
1315 1111 1339 1159 ct

350 1203 573 1288 Troglodytae,
600 1205 738 1286 denique
754 1203 911 1264 Atlantes.

418 1353 662 1437 multiplex)
711 1351 787 1416 Non
801 1353 889 1414 enim
904 1351 956 1414 hic
971 1365 1106 1424 tantum,
1133 1351 1182 1414 led
1199 1365 1229 1412 et
1242 1351 1271 1410 in
1282 1349 1342 1409 iute-

343 1456 422 1518 riori
438 1455 591 1518 Numidia
607 1469 641 1517 et
659 1453 735 1516 alibi
756 1454 794 1515 ad
807 1455 1002 1517 Atlanticum
1018 1454 1180 1517 Oceanum
1195 1449 1342 1514 deicribun·

344 1569 397 1618 tur
422 1556 559 1620 Gaetuli.
609 1556 695 1618 Hinc
717 1557 917 1618 Tertulliano
950 1569 1059 1618 contra
1084 1556 1214 1618 ludaeos
1241 1571 1299 1636 cap.
1316 1563 1341 1622 o.

343 1671 561 1743 momorantur
590 1656 797 1720 Gaetulorum
825 1658 989 1718 varietates
1011 1670 1045 1719 et
1068 1655 1251 1718 Maurorum
1271 1650 1342 1713 multi

344 1761 433 1822 linet.
485 1761 597 1840 lnepte
612 1759 690 1820 haec
703 1759 926 1839 interpretatur
941 1757 991 1818 vir
1005 1759 1118 1821 doctuc
1133 1759 1174 1819 de
1188 1753 1343 1838 pantheum

343 1861 443 1942 pelle,
468 1861 519 1920 cui
533 1855 716 1920 affimilutur
732 1858 842 1938 Libya.
870 1876 1012 1921 vocetur.
1055 1857 1237 1922 Adlentitur
1250 1856 1272 1916 1.
1284 1855 1342 1916 Gro

342 1961 461 2024 noviue
483 1959 553 2024 MS.
604 1961 729 2024 Scilicet
749 1961 820 2040 quia
841 1957 919 2022 haec
934 1979 1013 2044 gene
1032 1979 1099 2022 non
1120 1957 1216 2022 luerit
1230 1956 1306 2020 loliu
1322 1952 1342 2014 ie

341 2063 506 2124 conunere
528 2065 563 2122 in
584 2081 650 2123 uno
664 2074 698 2123 et
712 2075 798 2122 certo
814 2061 904 2130 loco,
931 2058 980 2122 led
1002 2079 1076 2121 curn
1094 2059 1156 2122 luia
1174 2055 1342 2141 mappalibus

340 2164 490 2226 erraverit
505 2180 560 2244 per
575 2163 694 2224 omnia.
720 2162 832 2233 Tdem
847 2162 994 2243 producit
1006 2161 1124 2224 Sallust.
1140 2164 1175 2222 in
1192 2164 1257 2245 lug.
1267 2179 1290 2221 c.
1302 2167 1342 2234 ιθ.

276 2327 279 2338 ,
340 2263 384 2328 At
398 2263 539 2345 Kappiua
559 2263 593 2322 in
611 2264 716 2324 iudice
738 2262 772 2322 h.
792 2282 825 2325 v.
842 2262 975 2344 explicat
996 2260 1195 2348 πανοῦργος,
1218 2279 1251 2322 ut
1266 2259 1343 2338 obpo-

339 2376 434 2424 natur
453 2362 609 2444 stupidae,
634 2364 751 2446 dequo
767 2363 871 2424 laudat
887 2363 1086 2424 Lactantium
1102 2379 1135 2435 a,
1158 2385 1212 2435 ιι,
1234 2363 1283 2426 ro.
1302 2359 1344 2419 ibi·

277 2513 283 2524 .
338 2483 402 2544 que
425 2462 684 2526 Bunemannurn.
734 2466 837 2526 Docte
862 2465 1009 2544 quidem,
1044 2464 1094 2527 led
1123 2467 1220 2526 nimio
1248 2475 1343 2544 arguit·

339 2579 414 2625 cum
433 2565 468 2624 in
490 2565 691 2625 contractiori
719 2564 777 2626 hac
805 2563 1015 2646 descriptione
1035 2565 1137 2635 leden.
1176 2587 1240 2628 uon
1260 2579 1343 2624 moret

248 2723 255 2738 ,
336 2664 529 2727 indicentur.
580 2666 665 2726 llinc
686 2685 762 2728 vero
787 2663 938 2753 μέγιστον
960 2661 1052 2742 ἔθνος
1074 2660 1221 2744 Λιβυκὸν
1242 2665 1344 2727 vocarit

337 2765 566 2829 Athenodorue
598 2765 672 2827 telle
705 2766 871 2828 Eustochio
913 2769 952 2829 ad
986 2765 1120 2849 Dionys.
1146 2790 1180 2832 v.
1205 2780 1282 2846 215.
1316 2775 1344 2823 ut

334 2866 449 2930 Strabo
471 2865 527 2928 lib.
550 2880 604 2942 ¹7·
627 2887 658 2948 p.
677 2869 760 2944 568.
778 2866 799 2930 l.
817 2869 901 2945 826.
952 2871 1004 2932 sic
1026 2890 1127 2953 prope
1153 2872 1258 2949 Syrtes
1276 2885 1342 2928 cont·

337 2980 554 3030 memorantur
567 2969 650 3049 apud
668 2969 775 3030 lliclor.
786 2967 875 3052 Orig.
892 2987 924 3049 9.
944 2986 976 3034 Ω.
1000 2972 1099 3052 iisque
1113 2972 1245 3053 adponit
1256 2965 1343 3050 Virgil

335 3067 416 3133 Aen.
432 3079 466 3147 4,
480 3078 540 3146 4ο.
569 3065 772 3130 Marmaridae
788 3073 1002 3134 conterminos
1018 3071 1151 3154 deluper
1173 3061 1342 3155 (ἐφύπερθε.

335 3171 481 3253 procula
504 3168 595 3252 mari)
619 3168 692 3231 iacit
713 3183 745 3230 et
766 3171 896 3233 ulterius
917 3169 1056 3257 Nigritae
1075 3173 1209 3254 Dionys.
1230 3193 1261 3235 v.
1276 3181 1342 3244 215.

335 3269 426 3352 lupen
445 3269 630 3332 Numidiam
649 3273 743 3352 ponit
760 3271 878 3334 Sallust.
896 3273 962 3356 lug.
981 3294 1008 3336 c.
1027 3293 1082 3354 19·
1109 3288 1143 3336 et
1161 3295 1236 3336 cum
1250 3270 1342 3335 Numi·

334 3371 385 3434 clia
398 3373 565 3454 coniungit
580 3374 632 3434 vel
649 3369 818 3434 secundum
835 3373 939 3436 Codd.
962 3376 1082 3438 multoc
1098 3375 1254 3437 Numidae
1267 3374 1343 3435 etiarn

332 3469 407 3534 lacit
435 3473 560 3535 llirtius
582 3475 621 3535 de
645 3473 683 3536 Β.
705 3471 769 3534 Atr.
794 3494 821 3535 c.
847 3489 905 3554 32,
929 3488 961 3554 3.
1000 3476 1057 3536 ubi
1077 3477 1142 3540 vid.
1164 3477 1300 3538 Davifiue
1316 3483 1341 3531 et

333 3571 593 3656 Oudendorpius.
630 3575 762 3636 Accolas
777 3574 915 3657 Syrtium
930 3590 1023 3638 vocat
1042 3577 1155 3640 Florut
1169 3588 1207 3659 4,
1228 3595 1278 3647 ru.
1293 3585 1339 3652 to.

332 3673 384 3736 Sic
403 3675 455 3734 clii
477 3678 584 3756 plures
606 3675 666 3736 lete
685 3674 882 3762 dispergunt,
909 3689 979 3738 tum
995 3680 1091 3740 etiam
1110 3679 1241 3740 illorum
1258 3694 1341 3759 popu·

329 3774 378 3836 loa
400 3791 587 3839 memorant.
638 3773 689 3838 cf.
709 3797 788 3858 quae
808 3777 949 3862 conlegit
969 3778 1082 3843 Cellae.
1102 3781 1137 3840 in
1156 3779 1273 3864 Geogr.
1289 3786 1341 3837 ent.

329 3883 365 3956 4,
383 3886 416 3954 8,
436 3897 469 3962 9.
492 3891 526 3938 et
542 3875 622 3938 infra
638 3891 745 3940 notata
759 3879 798 3940 acl
817 3891 849 3958 3,
870 3899 923 3951 ιο,
939 3890 975 3959 4.

309 4063 311 4068 .
401 4026 485 4090 late
514 4027 668 4110 vacat)
725 4031 825 4114 Supra
859 4024 1011 4096 Gaetulos
1041 4033 1076 4094 in
1101 4045 1208 4096 ortum
1233 4043 1265 4094 et
1286 4045 1340 4088 rue·

323 4129 439 4196 ridiem
461 4128 604 4215 expensa.
635 4149 819 4195 vnurnuvc.
873 4122 1190 4220 Virgilium⁴uidetur
1212 4133 1341 4196 imitatur
