2828 4966
198 395 243 452 tit
270 399 475 458 tom.
526 407 706 466 MEL.
761 409 843 464 Li.
887 409 979 466 ott.
1022 409 1100 484 Η,
1211 427 1251 488 ⁷⁸

48 638 50 666 ,
93 569 221 648 ,mrtt
267 571 452 658 Nempe
499 599 566 640 ex
614 579 876 662 superioribus
899 581 966 644 rnre
986 581 1123 670 inteligi
1144 581 1251 656 rebar,

47 676 48 686 ἵ
89 677 317 759 ιιῧΜΜΡεῐῑε
343 681 427 741 hic
456 677 741 764 praecessit.

149 835 399 938 Caspiani)
479 851 598 914 Hos
634 865 686 916 et
706 849 848 934 Caspiae
864 852 995 916 eosdem
1015 865 1128 935 putant
1144 852 1254 916 Vadit·

94 965 151 1018 rut·
170 946 339 1032 Oporinos
366 966 420 1014 et
452 953 702 1036 Kappiue.
765 955 854 1014 Tum
876 973 953 1016 vero
977 953 1125 1038 Caspium
1151 953 1253 1016 sinum

96 1049 187 1137 proprie
202 1052 306 1124 dixit,
354 1055 415 1116 de
450 1053 623 1136 Caspii
655 1053 775 1116 marie
800 1067 903 1136 parte,
933 1055 971 1116 ad
994 1076 1089 1138 quem
1116 1069 1148 1136 3,
1165 1067 1199 1134 5,
1215 1064 1251 1134 4.

97 1149 318 1236 Crspiorponit,
355 1169 412 1218 ut
436 1157 499 1216 ad
526 1157 786 1236 Hyrcanum
803 1169 835 1216 et
850 1152 1035 1235 Scythicum
1058 1158 1147 1226 alioe,
1171 1175 1253 1238 quoe

102 1247 200 1314 seorsum
218 1255 279 1318 iiic
308 1271 579 1328 memorat,
634 1257 792 1332 etsi‘rel
823 1255 862 1317 sic
890 1256 1026 1320 Albanos
1051 1257 1165 1320 omisit.
1216 1257 1252 1320 Si

103 1367 181 1416 omen
201 1357 254 1419 hic
283 1359 435 1422 latiori
470 1357 613 1420 sensu
655 1355 820 1437 Caspium
844 1356 947 1418 sinum
975 1357 1078 1440 posuit
1100 1379 1156 1442 pro
1180 1371 1251 1421 toto

105 1457 179 1527 nari,
198 1461 294 1541 qnod
320 1474 492 1524 vocant
505 1504 520 1531 ,
562 1474 619 1520 ut
643 1459 785 1520 Plinius
804 1473 835 1526 a,
857 1459 915 1534 63.
939 1479 1013 1520 curn
1032 1459 1167 1522 hicnon
1186 1473 1252 1520 tam

109 1559 252 1644 regionum
283 1575 329 1623 et
358 1563 580 1625 iocorum
619 1573 745 1644 parter
772 1556 987 1641 persequatur,
1023 1580 1117 1642 qnam
1144 1562 1252 1642 pntiur

112 1655 281 1724 [ammom
304 1666 378 1726 iiia
404 1663 737 1746 complectatur,
763 1673 832 1721 tum
848 1657 947 1723 verbo
965 1662 1097 1742 cingunt
1119 1662 1251 1744 amplio-

115 1781 172 1823 rem
191 1765 374 1826 ambitum
403 1765 606 1832 indicet,
652 1759 801 1842 Caspiani
825 1761 975 1824 videntur
1000 1761 1060 1824 eise
1083 1760 1251 1843 Caspianae

118 1879 240 1948 gentes,
274 1887 370 1948 qnae
397 1881 443 1928 et
468 1866 533 1924 ita
561 1875 682 1923 vocat
704 1862 827 1924 Plininr
844 1863 876 1934 6,
899 1861 990 1940 15.s.
1016 1875 1071 1943 13.
1095 1877 1128 1925 et
1147 1862 1251 1926 noster

119 1966 183 2048 post
203 1969 278 2030 aliis
302 1970 348 2028 in
368 1967 458 2030 hot
486 1977 624 2026 tractu
655 1963 843 2046 interponit.
901 1965 953 2028 sie
974 1963 1119 2046 Caspiani
1145 1981 1252 2026 occur·

120 2070 258 2129 runtin
287 2069 431 2130 Curtio
463 2075 512 2146 ιι.
552 2079 621 2132 12,
649 2081 685 2142 9.
716 2065 897 2145 etquidem
921 2085 977 2148 pro
1003 2065 1161 2145 Captiani
1184 2082 1251 2126 non

127 2181 260 2230 temere
282 2168 526 2232 substituunt
548 2167 593 2225 in
613 2163 754 2246 Nepotis
770 2168 842 2227 Dat.
859 2177 892 2244 8,
912 2181 944 2229 o.
983 2163 1089 2248 ipsum
1112 2165 1253 2250 regionie

133 2279 287 2330 tractum
316 2261 563 2353 Υιασπιᾰνὴν
598 2266 731 2328 videtur
758 2285 872 2332 vocare
894 2266 1007 2332 Strabo
1031 2289 1086 2331 rr.
1109 2288 1142 2352 p.
1165 2265 1278 2346 54⁶·'

129 2353 282 2448 [soti.
328 2369 393 2436 Gi.
419 2370 515 2432 Vol.
543 2389 580 2428 ι.

238 2539 283 2601 U
286 2537 419 2621 stra)
480 2539 531 2598 ln
552 2533 698 2598 occasum
715 2549 748 2598 et
766 2535 1038 2620 septemtrionem.
1062 2555 1249 2602 rrnrtrtva.

121 2637 284 2703 Versu·
318 2639 545 2704 Sarmatiam
575 2636 748 2700 Asiaticam.
784 2657 964 2702 oroatrtvs.
1020 2641 1082 2700 Hic
1113 2659 1181 2701 non
1211 2637 1251 2698 rd

64 2806 65 2815 χ
123 2739 468 2823 [eptemtrionem
491 2737 589 2819 supra
612 2737 781 2820 Caspianor
810 2741 1004 2801 declarantur
1027 2739 1098 2802 sitae
1120 2740 1251 2802 Amazo-

123 2862 225 2914 nes,
270 2839 329 2902 sed
349 2843 397 2902 ad
413 2839 633 2901 occidentem
650 2841 682 2899 in
698 2843 808 2902 eadem
825 2837 891 2902 sere
905 2841 988 2902 linea
1005 2841 1250 2925 progrediendo.

124 2942 261 3004 Nam
283 2943 355 3003 hae
383 2941 469 3002 sunt
494 2940 690 3010 Amazones,
724 2961 790 3002 non
814 2943 884 3004 illae
900 2943 933 3002 in
950 2942 1146 3024 Cappadocia
1163 2941 1251 3002 habi·
1313 2987 1316 2994 .

126 3059 306 3112 untes,
339 3041 401 3104 sed
430 3043 471 3100 in
498 3039 742 3121 septemtrione,
767 3061 848 3124 quae
868 3043 1008 3105 aPiinio
1022 3045 1055 3112 6.
1079 3055 1132 3122 13.
1150 3040 1170 3104 s.
1193 3053 1248 3120 ¹5·

130 3163 183 3208 et
213 3143 311 3227 ipso
330 3142 435 3204 Mela
457 3154 491 3219 3,
515 3153 548 3216 5,
564 3151 599 3218 4.
630 3143 701 3204 ideo
723 3145 1065 3222 dicunturlAmazones
1083 3143 1251 3204 Sartromo·

53 3273 54 3302 ι
134 3247 282 3308 tides.
325 3243 504 3308 Similiter
520 3259 551 3302 et
566 3243 766 3325 Hyperborei
781 3247 891 3306 eadem
906 3247 1027 3308 ratione
1045 3241 1154 3306 versus
1170 3244 1251 3306 ocri-

138 3350 330 3410 dentem
357 3342 550 3405 tendebant
574 3344 652 3404 ultra
675 3347 861 3408 Amazones.
894 3365 1115 3408 rantzonrve.
1167 3343 1251 3407 Mela

143 3449 202 3509 ab
236 3447 406 3509 Oriente
434 3444 548 3505 indiae
576 3447 776 3528 progreditur
796 3447 834 3506 ad
857 3445 969 3508 Nilum
994 3466 1094 3528 neque
1118 3447 1140 3508 i.
1162 3465 1191 3508 e.
1211 3445 1251 3507 ad

144 3549 436 3612 occidentem,
463 3559 619 3625 quatenus
633 3565 668 3607 ea
684 3565 738 3608 ora
752 3548 918 3608 meridiem
936 3547 1060 3630 spectat.
1111 3545 1197 3608 Hinc
1212 3545 1252 3608 ad

148 3649 390 3733 obpositam
414 3645 542 3730 plagam
564 3649 684 3731 pergit,
720 3649 768 3707 uti
785 3667 865 3710 voce
880 3648 943 3710 issic
964 3651 1003 3711 de
1019 3649 1146 3728 Scythia
1164 3647 1253 3730 snpra

154 3751 421 3812 ’mdicaverat
455 3749 559 3832 igitur
573 3761 647 3808 utro
662 3751 761 3811 modo
776 3763 808 3810 te
824 3763 937 3821 vertar,
959 3751 1090 3812 habebis
1103 3749 1155 3812 hic
1173 3749 1253 3812 occi·

157 3853 353 3920 dentem,
376 3860 538 3930 quatenus
556 3850 625 3911 eiua
642 3849 723 3913 latus
739 3848 998 3934 septemtrionem
1014 3853 1128 3938 vergit.

275 4018 541 4100 Amazones)
595 4017 682 4102 Qnar
707 4032 741 4100 5,
763 4031 800 4099 5,
816 4029 853 4101 4.
881 4033 975 4084 vocat
1000 4019 1255 4096 Sauromatidas,

55 4017 61 4221 i
165 4122 258 4184 ubi
282 4125 386 4208 plura
401 4121 473 4182 de
461 4123 514 4192 ria,
540 4132 578 4183 ut
594 4121 634 4182 de
647 4117 857 4206 Hyperboreis
871 4121 911 4186 rd
928 4135 960 4204 5.
977 4134 1011 4204 5,
1033 4143 1064 4187 ι.
