2852 4946
274 383 277 399 '
327 396 392 482 426
599 399 762 460 noran
802 401 1106 462 nxnonrrcnn

327 581 363 640 in
396 573 505 640 numia
536 585 618 638 vett.
652 573 762 638 anecd.
788 593 861 659 pag.
881 589 952 656 933
978 575 1039 660 sqq.
1075 577 1114 640 ad
1140 577 1348 664 cognominem

327 678 430 760 Cypri
451 675 567 738 urbem
588 675 725 737 malebat
745 674 876 776 reiecto,
902 677 971 758 post
994 681 1029 740 in
1046 679 1147 742 doctr.
1171 699 1255 740 num.
1271 678 1303 739 P.
1322 695 1348 740 t.

327 781 399 842 Vol.
417 792 450 856 3.
472 797 504 859 p.
522 779 582 842 62.
613 797 686 841 cum
714 777 783 839 aliie
810 777 942 841 Ciliciae
973 779 1049 841 hnic
1074 781 1148 842 urbi
1179 780 1347 843 vindicavit.

326 881 437 944 Hodie
475 878 535 942 lec.
569 879 749 942 Ferrarium
779 879 816 942 in
846 879 925 951 Lex,
964 881 1082 968 Gangr.
1116 881 1151 948 lt.
1176 902 1210 947 r.
1244 877 1348 963 ngde,

327 983 443 1046 Turro
466 979 622 1064 Nigidio.

693 1251 841 1318 ο...
891 1158 989 1328 ln.

523 1426 1173 1481 rAMPnrn1A.

429 1595 708 1681 Pamphylia)
758 1599 813 1664 Gr.
836 1601 934 1662 etiarn
954 1595 1161 1688 Παμφυλία.
1194 1595 1355 1662 Anicia·

328 1701 405 1764 tinio
426 1701 522 1764 etiarn
544 1719 602 1782 per
625 1699 636 1758 i
658 1698 822 1772 scribatur,
856 1702 997 1782 disputat
1016 1700 1229 1764 cellarino-in
1249 1701 1355 1782 Geogr.

328 1818 393 1867 ant.
412 1816 444 1881 3,
461 1803 493 1870 6,
513 1815 546 1864 9.
575 1814 609 1863 ct
627 1819 685 1883 pro
710 1800 768 1864 hcc
785 1801 934 1884 scriptura
954 1801 1056 1864 adfert
1075 1802 1243 1866 Ciceronis
1261 1819 1356 1863 exem·

328 1905 435 1990 plum,
461 1903 581 1984 lapidea
597 1902 681 1985 apud
700 1901 827 1966 Gruter.
847 1923 878 1985 p.
893 1913 979 1982 458.
997 1925 1031 1968 n.
1047 1902 1081 1968 6.
1108 1923 1140 1986 p.
1159 1913 1356 1988 49¹·11·¹2·

328 2020 363 2072 et
378 2005 576 2074 Hieroclem.
603 2003 658 2066 etfi
675 2022 715 2065 cx
730 2003 889 2086 plerisque
905 2004 974 2067 aliia
997 2025 1018 2084 y
1039 2017 1139 2068 notat.
1176 2007 1274 2068 liecte
1292 2003 1356 2064 hoc.

328 2107 495 2173 Ciceronie
513 2106 581 2168 loca
598 2104 687 2166 enim
708 2105 807 2168 hodie
828 2107 985 2168 veriorem
1007 2104 1193 2188 [cripturam
1207 2103 1357 2171 exhibent.

328 2223 364 2272 ct
378 2209 412 2268 in
431 2207 579 2270 Hierocle
600 2225 671 2291 pag.
690 2207 775 2287 679.
797 2207 861 2268 line
883 2208 1069 2269 variationis
1093 2208 1216 2272 indicio
1240 2229 1259 2270 n
1279 2204 1358 2268 dedit

327 2308 570 2393 Wellelingiuac
604 2307 645 2369 de
675 2307 836 2390 lapidibne
864 2327 903 2368 ex
931 2309 1040 2370 aetatic
1068 2309 1193 2371 ratione
1222 2323 1255 2371 et
1278 2322 1358 2368 more

327 2410 460 2473 inclinari
475 2407 579 2478 debet.
601 2427 696 2489 quaro
712 2423 745 2470 et
765 2409 777 2468 i
797 2405 898 2469 fertur
913 2409 947 2468 in
959 2409 1076 2492 Geogr.
1094 2411 1241 2472 Ravenn.
1259 2425 1290 2480 2,
1311 2407 1356 2469 ιδ.

327 2524 361 2576 ct
376 2509 438 2572 tab.
456 2510 608 2593 Peuting.
625 2508 713 2587 9.1·“.
747 2507 877 2572 Accedit
895 2523 1018 2592 praeter
1032 2513 1213 2595 graviorem
1229 2511 1358 2594 plurium

328 2612 551 2674 auctoritatem
588 2610 732 2672 montinio
761 2609 973 2696 etymologia,
1011 2612 1096 2692 quod
1128 2631 1145 2672 a
1179 2611 1357 2699 Pamphyle.

326 2713 442 2777 liliacii
463 2724 496 2774 et
519 2709 649 2772 Mantua
671 2711 748 2780 filia,
780 2712 916 2782 ducunt,
951 2712 1005 2774 vel
1025 2733 1042 2774 a
1060 2713 1253 2794 Pamphylo.
1283 2713 1359 2790 (Ste-

325 2814 451 2899 phanna
472 2813 504 2876 h.
522 2833 556 2875 v.
583 2823 616 2874 et
637 2811 817 2874 Eustathinc
840 2813 878 2874 ad
900 2811 1032 2892 Dionys.
1046 2832 1090 2877 .v.
1108 2819 1217 2894 354.)
1269 2818 1360 2878 Antea

326 2906 537 3006 Mopsopium
560 2913 747 2996 adpellatam
766 2911 837 2985 elle,
862 2911 960 2975 tradit
984 2913 1110 2977 Plininr
1132 2927 1166 2992 5.
1193 2919 1253 2982 96.
1270 2915 1290 2978 i.
1308 2932 1360 2990 97.

326 3021 415 3100 quod
438 3017 478 3078 de
497 3017 600 3078 Attica
620 3015 730 3087 notitae
750 3014 808 3087 all,
840 3035 858 3076 a
875 3013 1034 3098 Mopsopo
1054 3017 1187 3096 quidem
1212 3017 1252 3080 lic
1276 3019 1360 3084 dicta.

327 3117 460 3197 (Strabo
478 3135 512 3196 9.
534 3136 566 3198 p.
584 3129 668 3194 973.
685 3113 706 3178 i.
726 3119 829 3195 397.)
862 3116 915 3178 vel
934 3134 952 3177 a
975 3115 1142 3199 Mopsopio
1158 3117 1361 3182 Oceantfitta

326 3215 543 3298 (seidonim
563 3203 771 3303 Εὐφορίων.)
823 3217 886 3279 Hic
918 3229 1026 3280 autern
1056 3217 1188 3300 Mopsus
1222 3220 1361 3288 occurrit,

325 3339 423 3404 quern
439 3317 552 3381 Noster
566 3315 646 3379 inira
667 3337 696 3387 1,
717 3333 771 3392 17,
787 3333 820 3381 9.
839 3317 969 3380 Mantua
984 3320 1085 3382 lilium
1099 3320 1187 3381 dicit.
1216 3321 1266 3384 nd
1281 3322 1362 3384 hunc

325 3424 432 3491 enim,
466 3439 542 3481 cum
564 3432 598 3480 ct
619 3419 699 3480 alius
721 3416 833 3488 luerit,
861 3419 949 3503 (vid.
969 3419 1144 3482 Burmann.
1168 3422 1202 3484 in
1225 3423 1361 3505 catalogo

325 3523 536 3608 Argonautar.
550 3519 583 3582 h.
598 3539 632 3582 v.
658 3520 692 3580 in
710 3519 799 3581 aditu
815 3521 929 3582 Valerii
945 3521 1065 3598 Flacci)
1089 3519 1293 3586 referendum
1307 3521 1361 3584 ello

325 3626 519 3686 videturne
546 3620 686 3704 vestigiis
709 3623 852 3683 nominis
875 3635 966 3684 anter
988 3625 1190 3694 memoratio,
1225 3638 1260 3687 ot
1281 3621 1362 3707 qnod

325 3723 515 3789 Herodotus
530 3737 562 3798 7,
580 3742 641 3808 9¹·
662 3736 775 3793 narrar,
798 3723 1004 3805 Pamphyliae
1020 3721 1178 3807 originem
1194 3725 1312 3789 dnxille
1326 3721 1361 3785 ab

325 3829 381 3896 iio.
411 3825 466 3908 qui
490 3843 565 3886 curn
589 3823 806 3906 Amphilocho
828 3837 862 3886 et
884 3825 1058 3888 Calchante
1073 3845 1112 3886 ex
1128 3828 1265 3890 Troiana
1287 3841 1361 3888 tem·

326 3927 443 4012 peitate
465 3925 588 3988 disiecti
607 3921 743 3996 fuerint,
776 3925 863 4005 quod
885 3943 981 3988 exeo
1004 3941 1155 4008 repetunt
1174 3928 1287 3992 Strabo
1307 3935 1359 4007 14.

326 4049 360 4114 p.
378 4039 464 4108 459.
485 4023 507 4088 i.
525 4026 609 4104 663.
643 4039 677 4088 et
701 4023 881 4090 Eustatlriuo
909 4027 949 4087 ad
974 4025 1108 4108 Dionyi.
1130 4047 1164 4092 v.
1183 4039 1267 4108 854.
1318 4030 1361 4090 lta

327 4149 407 4198 vcro
428 4122 564 4223 Mopsta
591 4128 701 4214 potina
724 4127 891 4194 nominata
914 4125 1030 4204 luerit,
1069 4148 1129 4194 nec
1154 4133 1241 4216 apud
1264 4131 1359 4195 alium
