2922 4958
189 421 544 484 1111οΜ11111.
585 421 667 478 1..1.
709 419 843 480 GXIX.
885 421 964 494 Μ·
1033 431 1096 500 675

53 602 132 663 rico
151 595 310 660 consentit
325 593 524 658 Tournesort
537 597 635 658 Tom.
652 613 686 660 o.
704 616 737 678 p.
751 617 795 659 m.
811 606 898 676 415.
923 609 956 660 et
974 616 1097 661 nomen

51 703 102 764 ilii
119 699 235 761 tribuit
251 696 396 762 Codioci.
420 697 464 782 (i.
484 717 512 760 e.
538 699 627 761 vicus
647 695 780 778 iudicio)
813 699 930 777 Crylue
951 719 978 762 c.
995 701 1016 761 1.
1039 719 1097 762 no·

51 805 161 864 minat
177 797 259 890 Kost
288 799 397 868 Kievi.
423 798 476 860 elii
492 798 708 869 Kadt-Kevi.
734 798 906 881 quaesunt
928 799 1097 882 scripturae

50 903 291 966 conversionee.
326 897 377 962 Cs.
392 901 487 962 etiem
504 902 603 963 Lucre
618 921 741 986 voyage
756 903 834 963 dane
849 903 877 962 la
893 897 994 963 Grice
1009 901 1050 964 T.
1066 901 1097 966 1.

49 1005 107 1069 ch.
124 1019 160 1084 5.
182 1024 215 1088 p.
231 1019 293 1083 41.
317 1003 374 1085 qui
389 1015 495 1066 temen
514 1003 631 1086 aliquot
648 1001 798 1086 superesse
813 1005 918 1066 ruinae
935 1003 1071 1068 testatur.

132 1205 282 1286 templi
306 1223 445 1266 numen
454 1202 473 1286 )
523 1206 653 1288 Templi
675 1207 782 1289 pluret
801 1205 855 1268 hic
875 1207 1096 1270 meminerunt

49 1310 109 1372 vei
129 1313 285 1376 omnino.
311 1319 350 1367 ut
372 1305 556 1370 Herodotur
580 1317 614 1390 4.
640 1317 699 1384 87.
729 1309 840 1388 Scylax
862 1329 895 1390 p.
914 1317 972 1388 54.
995 1307 1098 1373 Huds.

48 1411 171 1489 Polyb.
193 1421 229 1487 4,
251 1419 312 1487 43.
335 1409 382 1470 io.
408 1437 458 1452 -
491 1410 545 1470 vel
574 1410 683 1470 addito
715 1411 785 1472 etus
815 1411 961 1473 numine.
1014 1411 1099 1496 Quin

50 1513 175 1576 Noster
197 1513 312 1572 iorem
338 1509 431 1578 dicit.
462 1509 582 1571 indicet
606 1511 669 1572 fine
692 1511 792 1572 dubio
821 1513 978 1594 ternplum
1005 1513 1097 1584 illud.

51 1615 144 1696 quod
167 1609 227 1672 Διῒ
246 1600 359 1698 Οὒρίςυ
381 1609 528 1670 tribuunt
550 1611 726 1694 Menippus
749 1615 832 1694 apud
853 1613 1003 1695 Stephon.
1023 1611 1044 1674 s.
1063 1633 1097 1678 r.

49 1708 260 1800 Χαλκηδῶν.
287 1714 436 1772 Arrianus
457 1711 491 1772 in
510 1713 633 1795 periplo
655 1713 753 1774 Ponti
775 1734 805 1796 p.
829 1729 884 1776 ro.
917 1713 1097 1776 Marcianut

50 1817 185 1882 Hercei.
209 1835 241 1897 p.
258 1811 317 1888 68.
336 1811 437 1874 Huds.
467 1825 500 1875 et
522 1807 556 1874 iu
580 1833 634 1875 ore
654 1815 752 1877 Ponti
775 1829 911 1896 ponunt.
966 1814 1099 1876 Ouisnrr'

51 1931 207 1998 corrupte
226 1916 342 1999 legitur
356 1917 390 1974 in
405 1913 467 1976 nb.
483 1913 634 2000 Peuting.
653 1925 687 1990 8.
702 1916 740 1979 C.
766 1918 858 1994 (olim
872 1917 966 1978 Iovis
985 1916 1098 2000 Urius)

50 2035 87 2082 et
114 2018 218 2080 Urion
238 2017 271 2075 in
288 2015 404 2100 Geogr.
420 2017 565 2079 floreno.
583 2027 616 2094 5.
634 2035 668 2096 9.
706 2019 815 2079 lovem
836 2019 975 2079 enrnlem
994 2021 1098 2096 Impe-

50 2133 195 2186 ratorem
210 2115 323 2180 diserte
338 2129 430 2180 vocat
446 2119 559 2182 Cicero
569 2119 603 2178 in
614 2119 734 2181 Verrin.
745 2127 779 2197 4,
793 2131 851 2196 57.
880 2117 931 2182 Cs.
944 2118 1097 2182 Stnckiue

49 2225 92 2286 ed
107 2223 231 2284 Arrian.
244 2239 275 2300 p.
291 2236 372 2298 113.
401 2218 497 2282 Voles.
508 2220 545 2280 ad
556 2219 739 2301 Harpocrrt.
755 2241 786 2302 p.
799 2231 855 2299 35.
872 2235 904 2282 et
913 2219 1096 2305 Wesseling'.

48 2326 92 2387 ed
118 2323 264 2384 Petitum
289 2321 328 2382 de
353 2321 414 2402 leg.
432 2321 498 2382 tn.
519 2340 549 2402 p.
568 2332 653 2397 503.
679 2335 711 2382 et
734 2322 766 2381 in
788 2323 898 2405 primic
920 2324 1038 2400 Taylnr
1056 2323 1097 2383 od

48 2443 200 2490 marmor
215 2419 433 2502 Bosporonum
450 2423 522 2483 Iovi
543 2422 620 2484 Urio
638 2420 765 2484 sectum.
811 2424 914 2486 Locus
931 2425 984 2484 ille
1001 2425 1098 2486 etiam

49 2545 147 2592 nunc
165 2537 298 2585 vocatur
318 2525 429 2582 Joroa
453 2539 602 2604 corrupto
623 2521 723 2610 ἱερᾶν,
750 2537 790 2584 ut
810 2525 936 2586 testatur
953 2529 1098 2587 ‘suntne-

49 2629 119 2692 sort
136 2623 235 2688 Tum.
253 2641 286 2686 o.
313 2643 344 2704 p.
362 2643 405 2683 m.
425 2635 656 2707 39811451.
683 2627 739 2686 ubi
760 2647 881 2688 nomen
906 2629 973 2688 eins
996 2625 1098 2689 adfert

50 2730 177 2808 village
197 2727 236 2786 de
258 2727 353 2796 Ioro,·
388 2724 535 2786 l’ococke
557 2727 599 2787 T.
617 2739 650 2803 3.
671 2747 703 2808 p.
727 2747 769 2788 m.
792 2737 871 2806 148.
895 2731 1097 2793 Arum-leri.

50 2833 117 2896 Alii
142 2830 239 2890 etiam
262 2827 317 2886 hic
340 2827 474 2885 aliorum
499 2828 643 2887 Deorum
668 2828 784 2908 templo
807 2843 947 2909 ponunt.
975 2843 1012 2888 nt
1035 2829 1099 2889 Pli-

50 2937 129 2997 niue
147 2941 181 3008 5.
196 2943 254 3006 85.
272 2926 292 2988 s.
313 2941 371 3004 32.
399 2927 546 2988 Aristides
564 2929 596 2986 in
615 2941 692 2990 oret.
710 2930 742 2988 in
762 2927 856 3010 Nept.
872 2931 913 2990 T.
937 2951 964 2990 1.
988 2949 1019 3010 p.
1037 2946 1097 2994 or.

50 3033 148 3098 lebb.
176 3031 338 3109 Neptuni.
373 3031 464 3090 cuine
495 3029 678 3089 conditores
708 3031 903 3112 Argonautae
937 3027 1009 3090 iacit
1042 3032 1097 3090 Ti·

50 3135 240 3198 mosshenes
261 3151 310 3212 ap.
335 3131 441 3192 Schol.
462 3130 624 3210 Apollonii
648 3131 684 3190 od
707 3145 738 3197 2.
763 3141 846 3208 532.
877 3129 1097 3194 consentiente

49 3237 196 3300 Pindaro
230 3234 263 3292 in
295 3231 391 3310 Pyth.
415 3241 449 3309 4.
477 3231 562 3308 5564.
604 3230 762 3312 templum
796 3231 929 3292 Dionae
958 3233 1096 3296 Ptolem.

52 3349 89 3417 5.
114 3358 144 3398 1.
163 3339 208 3395 in.
237 3332 291 3392 etsi
309 3353 366 3412 pro
382 3353 416 3393 eo
438 3321 562 3418 Οὐρίου
578 3325 654 3406 Διὸς
674 3334 848 3394 emendant
864 3333 916 3394 hic
930 3335 1098 3397 Pintianut

49 3453 86 3502 et
107 3439 146 3498 ed
172 3435 322 3496 Solinnnr
348 3432 472 3494 Salmas.
498 3453 529 3514 p.
546 3433 629 3508 618.
665 3453 802 3514 quorum
828 3448 958 3497 conotue
977 3437 1015 3496 ad
1041 3453 1098 3498 no·

50 3535 152 3604 sirum
169 3537 278 3596 locum
295 3537 435 3595 coercuit
451 3530 584 3596 Vossius.
619 3533 765 3596 Omnino
787 3549 893 3598 autem
912 3535 992 3598 sonu
1010 3537 1098 3621 vige·

50 3642 118 3709 bet.
147 3636 289 3698 iasonem
308 3657 325 3697 e
342 3635 497 3697 Colchide
512 3633 672 3698 reversum
688 3638 721 3696 in
737 3635 795 3698 hac
810 3637 897 3700 Afrae
913 3652 999 3722 parte
1018 3640 1097 3700 ‹iuo-

51 3745 162 3806 decim
182 3741 270 3807 Diie.
295 3757 375 3818 qnos
394 3736 532 3798 recenset
549 3737 656 3799 Schol.
672 3737 837 3818 Apollonii
855 3759 881 3802 c.
898 3741 919 3803 l.
943 3759 1026 3800 annu
1042 3739 1095 3801 stc·

50 3843 145 3908 tuisse
167 3857 200 3902 et
224 3837 414 3908 sacrificaise.
447 3853 485 3897 nt
508 3837 636 3898 discitur
664 3857 702 3898 ex
725 3839 874 3920 Apollon.
898 3841 1004 3903 Rhod.
1028 3861 1052 3902 c.
1072 3841 1094 3906 1.

48 3961 84 4010 et
99 3942 216 4022 Polyb.
238 3951 271 4021 4,
291 3955 348 4019 39.
368 3941 401 4002 6.
443 3939 609 4018 Phryxum
633 3951 740 4000 tanton
758 3959 826 4002 arae
844 3942 911 4003 eine
930 3955 1095 4004 cunctorem

48 4054 288 4110 commemoret
321 4041 494 4120 Dionysius
527 4040 739 4117 Byzantinus.
777 4041 896 4122 Phryxi
926 4045 1006 4105 silioe
1040 4043 1095 4105 Ti·

47 4145 236 4212 mostirener
258 4143 334 4208 c.·l.
384 4145 436 4206 De
454 4139 582 4216 latone.
607 4157 705 4226 quem
722 4141 835 4208 Noster
857 4143 956 4209 huiur
981 4145 1094 4230 templi
