2764 4958
169 389 231 447 tn
261 389 402 448 POMP.
432 390 543 448 Mat.
584 381 841 454 msc-Vlli-
883 393 960 463 Μ.
1030 405 1090 456 m

47 562 265 643 Cyrenarum,
291 559 402 624 fratrea
424 557 498 622 lecit
520 560 705 626 Herodotue
724 572 760 644 4.
788 565 868 630 160.
891 565 1021 628 ellarce
1040 589 1087 632 re·

45 669 110 748 gina
125 684 259 726 nornen
277 664 365 724 ducit
379 661 508 724 Servius
522 663 559 724 ad
578 662 687 748 virgil.
703 683 730 726 c.
745 666 766 726 l.
801 665 824 726 Δ
844 666 980 728 Didonis
995 666 1087 731 fratre

43 767 204 828 conditam
222 777 341 846 putant
354 775 499 824 auctores
512 761 657 826 billoriae
670 763 814 828 Univerl.
831 767 927 850 Angli
947 771 970 826 V
974 769 1015 829 ol.
1031 771 1085 834 ro.

43 889 70 950 p.
90 880 178 950 240.
209 879 245 926 et
264 865 372 926 Ilitter
390 861 645 924 arlGntltrie—
665 863 776 928 Gelcb.
794 867 859 930 c.l.
899 867 1008 930 Pollea
1029 889 1086 932 no·

42 989 108 1029 men
132 966 365 1030 commutavit
387 983 462 1024 cum
486 963 698 1036 Ptolemaide.
729 985 769 1028 ex
795 984 859 1047 quo
883 967 1085 1035 Ptolemaeus

40 1089 100 1130 eam
122 1068 183 1130 rel
209 1065 417 1134 instauravit,
443 1064 495 1126 vel
511 1065 690 1146 ampliavit.
743 1068 790 1128 lte
805 1069 935 1148 quidem
955 1067 1086 1134 luedent

40 1169 219 1250 superiores
236 1177 396 1228 auctores.
436 1164 637 1226 Ptolemaeus
652 1177 759 1228 tamen
776 1181 940 1250 utramque
958 1169 1085 1253 separat,

38 1270 150 1335 borceo
175 1267 452 1328 mediterraneam
475 1263 565 1335 lacit,
591 1267 782 1328 maritimam
803 1269 941 1334 alteram.
992 1273 1084 1357 Quae

39 1371 209 1432 difficultas
235 1367 280 1426 stc
304 1367 372 1427 tolli
399 1365 516 1447 potest,
546 1365 568 1426 li
592 1366 791 1428 Ptolemaida
817 1371 852 1430 in
876 1371 1086 1437 Barcaeorum

37 1487 122 1554 porto
146 1469 339 1538 conditam,
368 1481 402 1526 et
423 1467 497 1528 iude
520 1467 558 1526 ad
576 1465 697 1528 Barcen
720 1471 904 1547 productam
930 1473 1082 1540 dicamur.

39 1573 161 1655 Nempe
186 1565 330 1651 portum
346 1579 576 1630 commemorat
591 1567 701 1646 Scylax
723 1589 753 1649 p.
771 1573 830 1650 46.
848 1571 946 1635 Hudl.
970 1575 1084 1638 urbem

37 1673 121 1754 iplam
148 1690 229 1732 roo
247 1669 352 1730 stadiie
367 1687 382 1728 a
399 1668 478 1726 mari
494 1681 651 1729 removet.
677 1669 725 1728 lta
741 1671 872 1750 quidem
887 1673 1085 1740 concilianda

38 1796 66 1836 ea
83 1773 326 1836 existimarunt
347 1770 443 1830 etiam
463 1768 533 1837 alit,
564 1782 599 1828 ut
613 1767 767 1832 Collatino
784 1771 818 1830 ln
834 1772 948 1856 Geogr.
967 1791 1030 1838 ant.
1047 1789 1083 1857 4,

37 1891 147 1946 Μι.
186 1869 389 1932 nectarco.
412 1868 434 1930 l.
467 1869 622 1932 Hatdulu.
646 1869 685 1930 ad
706 1871 790 1932 Plin.
806 1892 833 1934 c.
852 1873 872 1934 l.
907 1872 1083 1940 Hofmann.

37 1979 68 2036 ad
83 1973 234 2038 Oracula
259 1970 372 2050 Sibyll.
395 1968 450 2028 lib.
466 1981 501 2046 5.
527 1989 559 2050 p.
576 1981 660 2046 581.
675 1971 724 2033 etl.
743 1971 877 2042 Gallaei.
910 1974 1084 2054 Spanhem.

38 2079 71 2139 de
87 2077 148 2138 ulu
174 2101 235 2118 -
262 2070 333 2134 Vol.
349 2091 377 2132 ι.
391 2068 457 2129 diff.
469 2070 502 2134 6.
517 2091 548 2150 p.
565 2089 609 2132 m.
624 2071 707 2148 296.
735 2071 859 2134 Wellel.
874 2073 912 2134 ad
929 2070 1085 2142 Antonin.

38 2199 65 2260 p.
79 2181 141 2253 67.
188 2172 314 2251 Neque
329 2185 435 2232 tamen
451 2169 569 2236 Barcen
584 2169 652 2250 poll
667 2171 858 2234 divisronem
874 2189 980 2238 auctae
999 2178 1087 2242 urbia

37 2281 187 2362 nouum
204 2271 318 2343 tuille,
344 2293 382 2333 ex
398 2273 617 2332 monumentis
632 2271 811 2334 docuerunt
824 2275 1034 2354 spanhemius
1053 2289 1087 2342 et

38 2375 286 2458 lllelIelingiue.
337 2370 562 2434 Celebritetem
582 2371 789 2434 Ptolemaidie
812 2373 948 2436 declarat
967 2379 1087 2443 adiecta

40 2481 67 2540 in
87 2479 294 2542 Ptolemaeo
315 2492 379 2535 vox
401 2467 563 2560 ἐπίσημος.
606 2473 648 2535 H.
670 2471 830 2534 Tolometa
852 2473 872 2537 l.
894 2477 1086 2546 Ptolometa.

39 2581 84 2642 (ll.
104 2581 222 2640 Brnce
241 2572 358 2635 Reilen
376 2593 409 2654 p.
428 2583 485 2651 38.
502 2572 706 2656 Einleitung‚
732 2571 789 2634 ubi
808 2575 921 2638 rudera
940 2575 1011 2642 lulio
1034 2583 1087 2643 ad·

36 2680 98 2744 huc
120 2673 304 2758 conspicua
325 2671 479 2736 describit.

108 2867 328 2970 Arsinoe)
378 2868 478 2936 Gell'tt
501 2887 534 2936 et
557 2874 634 2938 haec
656 2875 734 2936 olim
759 2876 845 2938 aliud
870 2897 1008 2954 nomen,
1038 2884 1089 2946 uti

39 2983 174 3044 tradunt
202 2977 318 3040 strabo
339 2991 393 3052 ²7·
417 2997 449 3056 p.
473 2987 557 3054 575·
578 2974 599 3038 s.
614 2987 699 3054 857·
733 2976 870 3040 Ptolem.
890 2989 925 3058 4.
947 2991 982 3060 4.
1018 2983 1087 3046 ste·

39 3085 138 3164 phan.
158 3081 199 3140 h.
218 3099 252 3140 v.
276 3091 309 3140 et
332 3070 523 3163 Ταύχειρά,
551 3075 634 3140 Plin.
653 3089 685 3153 5,
710 3089 743 3154 5.
779 3078 926 3143 Martian.
950 3082 1027 3164 Cap.
1049 3087 1084 3149 6.

40 3204 70 3264 p.
90 3197 185 3254 217.
215 3177 273 3240 etti
295 3191 439 3238 auctores
460 3177 495 3238 hi
516 3179 631 3258 aliique
647 3177 680 3238 in
702 3175 848 3259 scriptura
866 3183 934 3242 eiua
952 3185 1084 3248 variant.

41 3284 175 3365 Nempe
202 3273 372 3364 Τεύχειρα
400 3278 528 3349 Strabo,
553 3279 612 3362 (ex
644 3279 772 3340 emend.
796 3279 949 3366 Calaub.)
982 3285 1089 3348 Ptole·

40 3405 170 3452 maeno,
211 3381 350 3442 Diodor.
377 3389 431 3456 ιθ,
454 3395 512 3442 eo.
553 3379 749 3459 Lycophron
772 3400 804 3440 v.
829 3394 912 3458 377.
948 3383 1086 3470 Procop.

44 3485 81 3546 tle
102 3483 236 3547 aedilic.
262 3481 315 3550 16.
340 3494 375 3540 2.
409 3481 551 3552 Plinius.
575 3478 770 3548 Martianue.
798 3481 915 3564 Geogr.
939 3485 1086 3552 Ravenn.

46 3596 129 3664 Μ,
158 3595 199 3662 5,
223 3583 260 3646 6.
303 3579 458 3642 llntonin.
480 3581 551 3642 itin.
571 3600 603 3660 p.
621 3581 679 3653 67.
711 3580 873 3644 Hieroclen
892 3584 926 3642 in
949 3587 1088 3663 Synecd.

43 3703 72 3764 p.
93 3701 188 3769 753.
222 3681 332 3744 Schol.
357 3679 486 3741 Pindari
507 3682 545 3742 ad
565 3681 662 3760 Pyth.
683 3688 718 3759 4,
744 3683 802 3746 26.
828 3717 873 3731 -
914 3681 1090 3777 Ταύχειρα

45 3787 109 3857 atii,
146 3789 190 3847 in
221 3781 339 3863 quibua
364 3781 520 3844 Herotlot.
543 3791 578 3860 4,
606 3797 686 3856 ι7ι.
721 3781 902 3862 Stephanue
924 3805 967 3848 cc.
992 3788 1024 3848 ll.
1056 3801 1092 3852 et

47 3883 98 3948 [ub
117 3909 154 3950 v.
182 3877 400 3970 Χερῥόνησος,
417 3943 420 3952 ,
435 3881 539 3942 tabula
563 3881 744 3964 Peutinger.
764 3883 853 3946 V111.
874 3885 914 3945 D.
948 3899 980 3948 et
1002 3889 1092 3969 quocl

48 3991 200 4050 crincere
216 3985 366 4044 videatur
382 3997 473 4043 vetus
488 3995 736 4044 monumentum
751 3984 971 4064 apudlleinel.
982 3999 1014 4065 8,
1029 3999 1091 4070 34.

45 4087 93 4150 De
113 4103 263 4170 utroque
283 4101 421 4148 numero
443 4095 476 4146 et
494 4101 612 4170 genere
630 4083 761 4146 monuit
781 4084 878 4150 etiam
893 4085 1095 4174 Stephanm

677 4181 706 4245 0
736 4199 758 4247 n
