2764 4958
326 399 388 464 nn
595 385 758 446 1101111
799 385 1123 446 exnonumtu,

326 559 432 624 ‹lolfue
453 558 489 622 ln
513 573 723 624 commentar.
746 559 817 624 ltili.
840 557 990 642 Aethiop.
1012 581 1046 643 p.
1073 567 1155 644 ¹45·
1207 559 1271 626 seu
1290 579 1360 624 cum

325 664 387 726 loto
406 660 465 724 full
485 659 620 732 fuerint,
653 663 708 723 vix
732 663 805 723 onio
829 661 985 724 limitibus
1007 662 1135 724 illorum
1159 660 1249 724 ledes
1265 663 1360 724 conti·

326 765 397 826 ueri
417 762 529 846 potest.
582 765 632 824 De
656 762 802 825 moribus
824 763 923 825 multu
942 764 1164 826 Artemidorus
1180 763 1265 844 apud
1282 763 1360 824 Stra·

324 865 404 929 bon.
426 862 480 928 16.
496 884 528 945 p.
547 875 630 944 553.
648 862 669 926 l.
690 875 775 941 755.
801 877 833 926 et
850 864 981 926 Diodot.
998 882 1024 925 c.
1046 865 1068 926 l.
1122 863 1240 926 Omisit
1260 863 1359 926 noller

326 986 366 1030 ex
388 965 574 1036 Herodem.
607 985 702 1046 quem
724 965 777 1026 hic
795 978 901 1032 notat.
929 965 1084 1049 iniignem
1100 966 1226 1045 pedum
1246 965 1358 1026 veloci·

324 1080 442 1136 tutem,
476 1083 536 1146 qua
557 1079 590 1127 et
613 1085 711 1148 equos
737 1064 880 1148 superare
901 1067 998 1127 trudit
1019 1067 1144 1130 Plinius
1161 1079 1196 1140 7,
1214 1079 1249 1128 9.
1270 1077 1303 1128 et
1323 1065 1359 1126 de

325 1166 388 1230 luit
405 1167 522 1228 Hunno
539 1185 566 1228 c.
585 1165 607 1228 l.
644 1163 695 1230 Cf.
714 1167 811 1228 etiem
829 1167 995 1228 Heliodor.
1010 1187 1037 1228 c.
1052 1167 1074 1228 l.
1102 1167 1204 1230 Solio.
1222 1185 1290 1248 cap.
1304 1167 1359 1229 6ο.

325 1265 347 1330 l.
368 1269 428 1344 56.
466 1267 570 1329 Iidem
587 1285 664 1328 ueto
681 1271 777 1330 etiam
792 1269 944 1328 videntur
959 1268 1037 1330 dicti
1053 1267 1112 1330 elle
1127 1264 1259 1329 Erembt'
1280 1265 1360 1350 opud

326 1369 507 1431 Homerum
526 1366 635 1447 onyu.
651 1377 686 1446 4,
700 1378 760 1448 84.
788 1368 844 1430 ubi
863 1367 969 1432 Schol.
991 1369 1128 1452 explicet
1149 1362 1242 1456 παρὰ
1265 1361 1304 1430 τὸ
1321 1364 1360 1440 εἰς

325 1464 386 1554 τὴν
407 1464 484 1556 ἐραν
511 1457 631 1540 δύνειν,
659 1469 771 1530 Strabo
791 1487 822 1534 1.
838 1489 871 1551 p.
890 1481 947 1547 98.
966 1467 986 1532 l.
1002 1479 1063 1548 49.
1091 1483 1124 1531 et
1145 1467 1201 1533 16.
1227 1489 1260 1552 p.
1277 1481 1357 1546 539.

325 1567 349 1632 l.
366 1579 450 1648 784.
476 1562 542 1632 cinti
563 1567 624 1634 τοῦ
649 1568 692 1644 εἰς
711 1563 770 1656 τὴν
790 1564 867 1658 ἐραν
888 1563 1069 1658 ἐμβαίνειν,
1100 1570 1157 1630 ubi
1179 1567 1307 1652 copiose
1322 1569 1359 1628 de

324 1671 388 1733 illio
402 1689 580 1752 eorumque
599 1669 724 1734 [edibus
739 1672 895 1754 disputat.
920 1690 996 1753 quet
1011 1673 1045 1732 in
1062 1671 1174 1734 Arabia
1189 1670 1357 1733 constituit.

323 1772 430 1854 Prope
451 1772 621 1854 Aethiopas
642 1773 792 1854 producit
815 1777 912 1834 etiem
935 1773 1049 1834 Avien.
1069 1792 1102 1836 v.
1121 1787 1207 1848 971.
1234 1786 1269 1834 et
1288 1771 1359 1832 hino

325 1874 434 1958 nigros
456 1886 559 1935 vocat.
612 1871 663 1937 Cf.
684 1875 781 1935 etiam
797 1871 940 1936 Eulleth.
959 1874 998 1934 nd
1013 1869 1148 1953 Dionys.
1171 1894 1206 1936 v.
1227 1885 1306 1950 ¹8⁰·
1328 1881 1358 1931 et

325 1975 461 2036 Tzetzee
482 1975 520 2034 ed
543 1973 750 2056 Lyoophron.
772 1995 806 2037 v.
830 1987 916 2053 897.
966 1974 1122 2038 Ceterum
1153 1993 1256 2056 prope
1280 1971 1358 2035 Aria·

324 2095 423 2146 num.
456 2075 490 2135 in
511 2076 628 2138 ducatu
649 2075 850 2146 ferrarienli,
882 2076 1005 2156 aliquot
1024 2075 1198 2136 hominum
1221 2074 1306 2135 milio
1326 2074 1357 2131 iu

323 2177 421 2238 nutrit
438 2171 572 2238 iulioffie
596 2177 781 2240 etiamnunc
799 2176 957 2248 habitere.
990 2165 1122 2248 itinera.
1152 2177 1259 2239 veluti
1279 2175 1357 2236 Zim-

322 2277 518 2347 mermenni,
544 2289 682 2340 nutant.

389 2474 601 2569 strident)
651 2477 752 2563 Quod
769 2478 906 2542 Ovidius
921 2479 1035 2542 Fauor.
1055 2480 1089 2548 6.
1114 2486 1197 2561 ¹4⁰·
1220 2475 1355 2542 attribuit

313 2573 473 2670 strigibus
488 2579 541 2638 olii
560 2569 843 2670 vespertilionibus.
862 2582 921 2642 elii
936 2581 1075 2662 denique
1090 2570 1301 2672 struentibus,
1320 2589 1354 2636 ut

320 2680 479 2760 adpareat.
496 2680 639 2761 undique
652 2683 810 2764 ingratum
827 2679 917 2744 inille
932 2681 1024 2744 illum
1038 2681 1213 2763 strepitum.
1241 2701 1263 2744 1.
1281 2695 1354 2740 otto·

324 2797 451 2844 ttovtvt
470 2779 546 2842 MS.
599 2783 649 2843 De
672 2779 868 2864 serpentibus
887 2783 954 2844 vid.
971 2781 1136 2844 Drakenb.
1156 2785 1197 2844 ed
1218 2783 1272 2846 sit.
1291 2777 1350 2840 lttl.

325 2895 360 2950 9,
379 2893 463 2959 537.
514 2883 564 2942 De
579 2883 618 2944 iit
637 2895 671 2945 et
690 2881 968 2966 vespertilionibus
984 2887 1128 2964 proprie.
1152 2903 1234 2965 quae
1249 2880 1351 2943 bestiae

322 2992 448 3042 tuntum
462 2983 497 3042 id
517 2982 656 3063 poliunt.
707 2986 856 3046 Attamen
870 2998 902 3046 et
916 2987 954 3046 ed
970 2985 1044 3046 eliae
1062 2983 1258 3054 innitentur,
1281 3003 1312 3043 v.
1326 2997 1350 3038 c·

320 3073 447 3172 anstites
470 3083 623 3164 (Pettou.
644 3085 745 3164 Satyr.
775 3087 856 3164 136.
880 3082 936 3169 4.)
957 3077 1029 3175 [rues
1052 3085 1155 3168 (Plin.
1175 3099 1211 3163 8,
1233 3085 1286 3164 9.)
1306 3103 1351 3122 ···

319 3195 409 3244 etex
425 3186 662 3265 comparatione
672 3187 712 3248 de
725 3186 828 3266 71111161
843 3185 941 3250 ovid.
956 3187 991 3246 in
1006 3187 1042 3248 A.
1057 3187 1094 3250 A.
1112 3199 1144 3266 5.
1158 3201 1241 3272 939.
1255 3173 1349 3276 sonat

321 3303 462 3354 raucum,
485 3284 698 3369 quiddomque
714 3284 886 3348 inamabile
896 3285 1030 3378 stridet.
1079 3289 1129 3348 De
1146 3289 1176 3348 T
1178 3283 1347 3370 rogtodytis

319 3383 434 3446 nolluit
456 3385 611 3448 Herodot.
633 3398 667 3465 4,
690 3401 771 3466 135.
798 3386 984 3474 τετρίγασι,
1017 3381 1171 3475 καθάπερ
1195 3387 1227 3450 ul
1248 3403 1348 3448 νυκτε·

322 3479 414 3571 piiss.
456 3485 540 3548 Plln.
557 3499 590 3563 5.
608 3499 641 3565 8.
655 3485 793 3579 stridor,
820 3509 882 3550 nou
895 3509 981 3561 vox,·
1008 3487 1158 3550 Mertien.
1179 3487 1300 3570 Capella
1316 3481 1345 3542 6.

301 3602 355 3666 .p.
374 3597 458 3663 218·
465 3585 626 3678 stridunt.
649 3591 759 3668 potins
773 3610 869 3672 quum
888 3589 1068 3671 loquuntur.
1107 3590 1201 3654 Teleo
1219 3583 1345 3673 popt¹l⁰⁸

321 3682 441 3748 Africae
453 3688 576 3748 audivit
592 3687 652 3750 elle
665 3687 789 3752 Febabo
802 3703 836 3752 et
851 3690 952 3770 Birgu
966 3689 1190 3757 Homemtnn.
1225 3687 1292 3754 illd.
1306 3683 1343 3742 ti·

321 3784 413 3849 nette
429 3787 510 3848 noch
525 3787 669 3850 Murzuk
688 3811 721 3872 p.
744 3802 824 3872 143.

386 3978 537 4078 specus
553 3981 761 4082 subeunt)
796 3993 935 4057 Pliniutt
954 3985 1072 4085 specus
1087 4005 1255 4058 excavant.
1277 3983 1343 4050 Hae

320 4085 584 4156 lindoinum
610 4089 751 4156 subeunt
770 4110 854 4179 apte.
893 4095 945 4160 Sic
962 4096 1063 4162 ovid.
1081 4096 1214 4162 Metam.
1229 4105 1340 4169 12121·
