2764 4954
159 413 205 472 ru
231 410 367 468 rotat.
396 411 505 468 urar„
547 411 628 466 ur.
670 409 775 473 cuc
818 411 896 488 t9.
983 423 1045 488 321

50 581 170 646 disertum
187 583 345 646 Plutarchi
367 583 585 646 testimonium
603 583 690 646 idem
710 583 771 647 effe
790 585 923 657 volunt,
957 585 1046 668 quod

49 686 99 746 aliia
119 686 156 748 cll
181 685 367 748 Yaatiticnm.
429 683 559 746 Nomen
585 685 674 747 dedit
703 686 805 748 Taulr
826 687 919 754 urba.
951 707 1047 768 quam

47 785 162 874 μεγάλην
178 803 268 850 vocat
288 787 399 850 Strabo
415 805 442 847 c.
459 785 480 846 1.
504 805 576 846 eoru
594 787 766 868 Stephano.
808 788 992 851 Harduinua
1007 789 1047 850 ad

48 885 109 950 Plin.
122 911 144 952 c.
157 891 175 950 l.
189 911 273 952 ntruc
287 888 346 950 elle
362 887 548 970 putatBras
562 886 601 946 de
618 889 749 962 Taceri‚·
773 889 933 951 d’rlnville
944 911 975 971 p.
985 902 1046 969 94.

47 989 109 1050 urbia
126 992 264 1072 antiquae
287 989 415 1072 vestigia
435 987 548 1050 servari
573 989 651 1048 dicit
671 1009 768 1070 prope
792 991 895 1052 lacum
922 991 1046 1062 Teutria,

48 1109 154 1173 eamque
170 1094 275 1154 locum
290 1090 438 1171 adpellari
456 1090 532 1158 Sara,
554 1109 618 1172 quo
632 1088 773 1152 referunt
790 1093 896 1154 ludaei
915 1091 1047 1154 Alexan·

47 1191 107 1250 drini
125 1193 202 1274 apud
226 1190 339 1256 Mosen
355 1201 389 1271 4,
413 1203 467 1269 13.
494 1205 554 1267 23.
575 1192 678 1254 Ζοαη.
729 1193 779 1254 De
802 1191 868 1272 ipso
892 1195 960 1254 lacu
982 1213 1048 1254 am·

45 1291 153 1370 plillrmo
180 1295 329 1376 quidem,
369 1311 448 1374 quae
474 1307 638 1353 narrarunt
663 1295 872 1362 recentiores.
906 1296 1049 1378 conlegit

45 1392 188 1456 llanmann
208 1396 246 1456 ad
269 1393 382 1455 Edrllii
400 1391 537 1454 Africam
559 1414 589 1474 p.
613 1407 694 1474 355.
748 1395 940 1476 Plerumque
965 1415 1050 1458 nuuc

44 1509 145 1556 vocator
163 1495 347 1564 Melaenae,
378 1514 442 1576 quo
458 1497 641 1557 Taniticum
659 1509 691 1556 et
708 1495 907 1558 Mendesium
926 1497 1051 1570 ostium,

44 1593 99 1656 illud
119 1597 148 1660 h.
166 1597 276 1659 Onam·
289 1597 438 1688 Faredje,
466 1597 528 1658 hoc
547 1595 674 1666 Didae,
701 1600 783 1677 quod
807 1618 845 1660 ex
868 1601 1052 1660 narrationi·

44 1693 85 1757 bur
109 1699 378 1783 Francogallorum
405 1701 445 1758 de
478 1717 597 1778 nupera
629 1698 833 1780 expeditione
862 1701 1051 1782 Aegyptiace

12 1761 14 1820 ἱ
45 1800 254 1880 wmprobator,
282 1820 355 1860 cum
376 1800 456 1860 mari
477 1800 687 1860 coniunctum
708 1799 761 1862 ett.
814 1800 943 1862 Potiora
964 1801 1051 1864 exhi·

12 1891 13 1952 l
43 1895 96 1959 huit
107 1904 257 1986 interpret
271 1902 310 1962 ad
327 1900 466 1963 Souniui
485 1897 601 1962 Reisen
618 1903 716 1964 Tom.
731 1916 764 1964 Ω.
783 1921 815 1983 p.
832 1910 919 1981 477·

12 2107 14 2204 p
95 2097 381 2194 Pelusiacum)
431 2103 485 2166 Sic
506 2117 538 2164 et
557 2101 669 2166 Strabo
688 2121 715 2166 c.
739 2103 760 2166 l.
789 2103 914 2166 Plinius
935 2117 968 2166 et
989 2104 1052 2167 alii.

12 2211 13 2292 J
44 2199 131 2281 Sulca
152 2204 259 2268 tamen
282 2225 314 2286 p.
335 2215 396 2283 43.
416 2202 518 2265 Hudl.
554 2206 711 2266 llerodot.
732 2219 763 2274 a,
788 2220 841 2278 17.
866 2199 1052 2290 Πηλούσιον

12 2363 13 2398 ἶ
43 2320 148 2378 taranta
172 2322 347 2386 utrumque
362 2317 453 2368 notat
467 2305 647 2386 Stephanus
663 2303 683 2365 l.
703 2325 735 2368 v.
753 2295 950 2390 Πηλούσιον.
988 2304 1054 2366 No·

42 2409 180 2470 mentulit
200 2409 240 2470 ab
256 2407 353 2477 urbe,
381 2406 421 2468 de
442 2426 501 2488 qua
519 2405 743 2488 supradictum
765 2406 817 2469 est.
868 2408 1055 2470 Secundum

42 2501 237 2570 Ptolemaeum
254 2528 283 2570 c.
304 2508 326 2570 l.
349 2507 498 2570 efferebat
520 2509 554 2568 iu
580 2527 666 2569 utute
690 2506 890 2568 Bubasticum
914 2527 1055 2572 amnem.

42 2605 105 2670 Com
120 2611 285 2694 Canopico
300 2609 379 2670 olim
400 2610 603 2692 praecipuum
624 2609 690 2670 Nili
711 2606 771 2668 fuit
793 2607 917 2672 ollium.
959 2609 1056 2670 Nunc

12 2789 13 2794 ἵ
43 2711 160 2783 elidem,
186 2711 277 2794 quod
295 2710 363 2781 alia,
391 2707 522 2773 subinde
538 2709 668 2772 luccellu
686 2722 881 2791 temporum,
907 2712 1056 2782 mutatio,-

43 2828 98 2871 utm
116 2813 225 2884 subiit,
260 2825 299 2872 ut
319 2831 356 2874 ex
378 2811 448 2874 lacu
468 2813 524 2874 illo
549 2811 733 2881 Meumleh,
763 2831 826 2891 quo
848 2812 967 2894 priores
990 2812 1057 2880 duo

12 2973 13 2992 p
44 2910 113 2988 alvei,
126 2914 322 2986 mentetua,
338 2914 546 2977 etTaniticue
561 2913 773 2996 excipiuntur,
789 2914 825 2976 in
839 2933 924 2978 mare
938 2909 1057 2978 effluat

418 3182 565 3249 ctu.
624 3183 665 3250 Χ.

333 3349 744 3401 Auente.

119 3520 302 3606 Arabia)
353 3523 408 3586 Gr.
427 3517 578 3609 Ἀραβία.
629 3521 813 3604 Quaesitum
830 3521 881 3592 eli.
909 3540 947 3583 an
963 3519 1061 3584 etiam

44 3619 311 3696 contradicatur,
337 3625 391 3688 vel
409 3625 474 3686 dici
489 3637 574 3686 recte
596 3618 702 3704 pellit.
747 3618 894 3710 Αῤῥαβίη
911 3637 994 3684 certe
1010 3641 1062 3682 ex·

44 3719 83 3782 ltat
104 3727 135 3788 iu
167 3725 307 3808 Dionys.
340 3747 376 3789 v.
400 3735 486 3805 925.
539 3723 691 3788 Arrabius
723 3738 840 3802 pontus
878 3725 913 3784 in
945 3723 1064 3790 Avieni

46 3827 139 3911 perieg.
156 3829 242 3908 865.
279 3825 331 3892 ef.
345 3829 523 3888 Burmann.
545 3827 583 3887 ad
606 3828 751 3908 Propert.
771 3841 802 3896 a,
819 3839 852 3904 3,
871 3839 927 3886 20.
967 3823 1066 3882 Metti

45 3921 68 3980 id
80 3928 159 3990 caula
177 3932 246 3992 lieri
261 3945 393 4011 putant,
419 3928 475 3991 etsr
491 3928 525 3987 in
541 3927 742 4008 polysyllabis
763 3941 913 4012 cognatae
930 3924 1066 3986 nornine

45 4039 122 4089 tooea
135 4032 249 4092 eadem
265 4030 443 4092 diversitate
460 4027 676 4096 observantur,
704 4043 740 4088 ut
760 4030 792 4088 in
810 4027 922 4094 ltalia,
946 4027 1063 4096 Italos,

47 4123 165 4205 Sicattr'o,
192 4132 344 4202 Sicanos,
370 4130 511 4202 Siculus,
538 4127 755 4190 Sicelides-
791 4115 854 4192 Sed
879 4141 912 4190 et
936 4127 971 4188 in
992 4145 1064 4209 pro·

80 4244 163 4324 Pomp.
183 4249 279 4307 Mela.
301 4250 417 4324 Exaget.
435 4247 472 4304 L·
492 4247 515 4302 Ι.
768 4229 799 4290 Χ
