2852 4946
212 343 219 355 ·
345 353 411 426 454
614 342 775 402 noran
814 347 1118 410 exacurrcau

350 519 466 584 urbem
487 515 542 580 bic
561 517 718 598 quondam
740 516 849 581 dirill'e
871 535 966 584 notat
983 517 1125 595 Volllue.
1152 523 1240 586 etde
1260 521 1369 586 diversi·

352 623 429 686 taur
452 620 538 682 illiue
553 619 650 681 causae
671 619 751 680 baec
774 619 893 684 adfert:
926 624 1098 686 Phaseliea
1116 627 1222 706 Lyciis
1237 627 1307 686 olim
1321 623 1370 683 suit

355 725 519 792 habitata,
554 721 735 801 Lyciaeque
770 724 932 785 adtributa
964 728 1125 808 primitus.
1194 725 1371 807 Pamphyliit

354 845 434 889 vero
450 824 513 885 late
529 841 619 883 oraru
636 823 833 884 maritimam
849 829 1045 898 tenentibus,
1069 827 1276 910 Pamphyliae
1290 829 1372 886 adnu-

243 920 251 942 '
357 939 480 991 ruerata
500 921 563 984 suit
580 923 730 994 urbibus,
754 925 829 988 licet
848 928 973 991 incolae
989 927 1087 990 essent
1103 929 1207 1009 Lycii.
1250 927 1374 990 Postmo-

358 1030 437 1092 dum
454 1026 696 1107 obportunitate
714 1025 786 1087 litua
803 1027 918 1089 adlecti
932 1045 965 1092 et
979 1031 1109 1092 invitati
1125 1051 1144 1090 a
1161 1029 1317 1116 Cilicibut.
1330 1026 1374 1108 ipb

359 1147 486 1213 quoque
509 1129 658 1208 piraticae
679 1122 708 1187 se
732 1127 968 1210 adplicuerunt,
999 1145 1057 1192 aut
1082 1130 1194 1192 saitem
1216 1131 1376 1212 piraticae·

356 1229 522 1312 captacula
538 1226 643 1297 suere,
669 1226 790 1288 deserta
805 1233 970 1292 communi
985 1232 1161 1312 Lyciorum
1174 1213 1319 1293 societate
1333 1227 1376 1288 vel

358 1332 412 1394 sua
431 1329 558 1412 sponte.
586 1328 640 1389 vel
662 1327 756 1389 eiecti
775 1329 815 1390 ab
838 1331 910 1396 illia.
959 1335 1048 1394 Tum
1063 1334 1205 1398 Cilicum
1227 1334 1306 1394 dicta
1326 1325 1377 1388 suit

354 1433 434 1494 urbe
450 1429 598 1494 Phaselis.
635 1429 725 1491 Haec
749 1450 891 1496 voeetva.
941 1436 992 1498 De
1013 1433 1113 1517 prisco
1131 1436 1249 1516 Lyciae
1269 1431 1377 1494 ambitu

359 1533 451 1617 supra
483 1532 601 1614 aliquid
628 1531 751 1596 notavi.
811 1532 1035 1606 Praedonum‚
1076 1535 1218 1598 Cilicum
1243 1535 1377 1600 maxime.

359 1637 438 1700 olim
453 1633 652 1697 domicilium
670 1628 772 1703 soille,
799 1633 931 1716 adparet
946 1656 985 1697 ex
1002 1635 1161 1700 Cicerone
1176 1657 1205 1698 c.
1222 1635 1243 1698 l.
1262 1649 1293 1696 et
1306 1635 1377 1696 Stra·

359 1737 404 1800 bo
419 1747 472 1818 td.
488 1735 616 1818 paida.
627 1729 646 1794 s.
659 1735 744 1806 671.
764 1749 881 1805 narrat.
903 1736 1099 1808 Zenlcetum.
1121 1740 1179 1817 (ε)
1201 1716 1290 1798 illulu
1304 1751 1377 1817 prae·

360 1840 484 1902 donum
505 1836 630 1904 ducem.
656 1832 855 1898 Phaselidem
871 1849 904 1898 et
920 1857 1072 1922 magnam
1090 1837 1303 1921 Pamphyliae
1319 1853 1377 1918 par·

360 1954 427 2002 tem
450 1935 622 2020 possedisse.
674 1935 843 1998 Dorienses
865 1939 1046 2002 conditoree
1065 1937 1143 2002 sacit
1162 1939 1338 2002 Herodotus
1352 1947 1378 2001 a,

366 2052 446 2118 ²78·
477 2033 582 2102 Πόλιν
602 2025 777 2120 ἂέιέλογον
793 2052 889 2101 vocat
902 2038 1016 2102 strabo
1038 2053 1093 2120 14.
1115 2063 1150 2124 p.
1166 2053 1253 2120 453.
1268 2037 1287 2100 t
1305 2035 1376 2102 666.

361 2155 394 2205 et
408 2139 509 2204 tribue
531 2139 674 2222 portibus
694 2137 877 2200 instructam
894 2137 982 2202 suilse
999 2142 1100 2203 addit.
1156 2143 1271 2224 Neque
1287 2139 1323 2200 lic
1339 2155 1376 2195 re·

360 2254 484 2324 pugnat
499 2241 644 2299 Lucanae
656 2249 689 2315 8.
700 2251 784 2316 251.
807 2240 859 2300 cui
876 2241 918 2302 ost
933 2237 1006 2302 urbs
1020 2263 1134 2322 paruo.
1158 2242 1283 2310 scilicet,
1303 2233 1375 2320 quod

362 2340 524 2422 sequentia
547 2340 721 2406 declarant,
745 2341 819 2418 quia
834 2359 922 2402 raroe
942 2341 1084 2404 babebat
1100 2359 1179 2405 tunc
1197 2342 1313 2404 incolat
1331 2337 1376 2398 do·

360 2459 496 2520 musque
515 2437 644 2520 populis
667 2451 757 2497 erant
777 2439 957 2504 exhaustae.
1010 2443 1059 2506 dd
1081 2465 1154 2506 earu
1175 2446 1264 2508 enim
1283 2437 1375 2502 condi·

360 2541 483 2600 tionem
498 2535 710 2620 redigebatur,
721 2557 801 2598 ,cum
813 2539 967 2605 Servilius
983 2517 1145 2615 isauricub.
1163 2547 1258 2608 victie
1273 2539 1375 2626 piratis

359 2656 432 2700 eam
457 2638 556 2696 etiam
582 2637 756 2707 evertiffet,
795 2639 843 2699 uti
873 2655 959 2706 recte
992 2646 1152 2727 explicant
1185 2648 1231 2707 ibi
1263 2642 1374 2708 Ouden-

360 2737 490 2818 dorpiue
506 2750 539 2798 et
557 2735 611 2798 bic
632 2733 765 2802 Volliur.
804 2736 856 2802 Cs.
879 2741 919 2803 de
941 2763 975 2806 re
991 2744 1103 2808 Cicero
1125 2750 1159 2809 in
1180 2749 1269 2810 Verr.
1286 2742 1316 2813 6.
1332 2757 1373 2804 to·

359 2837 495 2918 Eutrop.
511 2838 545 2908 6,
564 2851 597 2916 3.
648 2840 698 2900 De
715 2839 772 2900 sliu
788 2839 884 2904 baec:
910 2843 1023 2908 Liviue
1038 2847 1104 2910 c.l.
1127 2849 1162 2909 in
1182 2849 1282 2910 altum
1302 2839 1376 2926 peni·

358 2950 411 2997 tue
432 2939 613 3020 prominere
634 2937 747 3012 refert,
776 2942 877 3004 itaut
897 2947 1007 3025 procul
1033 2950 1167 3010 narium
1190 2945 1375 3031 prospectum

358 3037 550 3120 praebuerit.
603 3039 688 3102 Hinc
707 3055 741 3104 et
762 3042 863 3106 arduo
886 3045 954 3108 eiua
977 3059 1064 3109 tecta
1090 3051 1255 3132 praedicat
1275 3045 1375 3110 trien·

359 3158 393 3202 v.
415 3153 520 3214 ²⁰¹7·
548 3153 581 3202 et
599 3131 796 3232 ἠνεμόεσσαν
818 3159 914 3207 vocat
935 3147 1068 3230 Dionys.
1089 3171 1120 3214 v.
1138 3163 1226 3229 355.
1248 3151 1268 3210 i.
1289 3167 1316 3208 e.
1336 3131 1376 3204 tri

359 3233 441 3327 ὁρῶν
462 3237 620 3328 κειμένην,
646 3255 683 3303 ut
700 3246 739 3306 ad
756 3245 935 3308 Homerum
953 3247 991 3310 11.
1009 3263 1041 3322 a,
1057 3251 1141 3313 606.
1164 3252 1301 3334 explicat
1316 3259 1377 3306 earu

358 3359 475 3403 vocem
501 3341 693 3408 Eullatbiur.
743 3345 848 3427 Prope
871 3347 960 3408 illam
985 3351 1026 3410 ad
1050 3371 1137 3413 mare
1157 3345 1377 3436 angantrude

359 3439 464 3502 scribit
489 3444 603 3506 Strabo
626 3463 654 3506 c.
675 3445 697 3508 l.
735 3464 792 3526 per
824 3465 902 3528 quae
929 3449 1107 3513 Alexander
1130 3455 1302 3515 exercitum
1326 3459 1376 3506 tra·

359 3543 463 3604 duxit.
518 3541 717 3605 Maritimam
741 3565 853 3609 omnee
877 3546 1015 3624 saciunt;
1046 3553 1145 3635 aliqui
1168 3556 1266 3614 etiam
1289 3569 1324 3612 ex
1344 3561 1375 3605 ⁰²

358 3633 556 3734 phaselomm
576 3647 711 3706 narium
731 3648 890 3730 originem
913 3665 1077 3732 repetunt.
1109 3655 1210 3718 veluti
1226 3643 1374 3718 Scholiall.

358 3743 481 3805 Lucani
499 3743 537 3804 ad
557 3765 584 3808 c.
601 3745 622 3810 l.
650 3747 705 3808 etsi
726 3747 930 3830 Campanum
952 3755 1119 3838 navigium
1143 3769 1240 3818 vocat
1261 3751 1375 3814 Noniut

359 3843 489 3908 Marcel.
506 3865 575 3928 cap.
598 3861 650 3926 13,
669 3863 702 3924 7.
754 3849 790 3908 ln
814 3851 921 3912 numia
940 3855 1069 3932 quidem
1091 3857 1263 3938 adponitur
1284 3845 1373 3914 navit·

358 3947 443 4028 quod
467 3964 591 4027 praeter
610 3969 679 4010 rem
703 3951 900 4012 maritimam
924 3953 963 4012 ad
985 3957 1152 4040 navigium
1173 3960 1268 4020 etiam
1291 3945 1374 4012 resert

357 4043 482 4110 Ecltbel
505 4049 538 4110 iu
558 4049 659 4114 doctr.
684 4071 776 4117 num.
801 4050 841 4118 P.
863 4073 894 4116 a.
918 4053 990 4118 Vol.
1008 4070 1041 4138 3.
1063 4077 1137 4158 pag.
1153 4057 1186 4126 6.
1219 4056 1291 4122 telle
1313 4045 1374 4114 ulus
