2892 4950
251 350 307 410 ru
334 351 473 412 noua.
502 351 611 410 unt.
651 353 732 411 ut.
775 351 909 414 extr.
950 350 1030 422 te·
1104 340 1167 424 4⁶9

117 519 303 606 sepulcrum
319 521 510 595 describunt.
531 525 585 592 vel
606 523 737 588 laudant
749 525 872 608 ploret.
898 541 979 606 quot
995 520 1165 585 nominant

117 623 293 686 Peuaeliua
315 625 355 686 ad
375 625 522 688 strabon.
539 625 611 688 Vol.
636 637 670 706 3.
692 637 853 708 p.1897.
885 619 1106 687 Hemllerhul.
1121 620 1162 682 ad

118 725 255 788 Lucian.
271 743 298 786 e.
321 725 344 788 l.
371 725 627 810 magnitudinem
646 727 716 789 eiue
733 729 840 810 operia
860 739 894 788 et
911 723 1161 808 pulcritudinem

118 825 295 908 diligenter
319 827 354 886 in
382 828 494 908 primia
515 827 671 890 enarravit
691 827 818 890 Pliniue
838 829 895 907 56.
914 836 950 906 4.
968 824 989 888 l.
1008 838 1040 904 5.
1069 823 1159 886 cuiue

117 925 231 990 locum
252 946 327 988 cum
345 940 404 1006 37.
428 927 520 990 MSS.
542 929 705 990 conlatum
728 927 906 991 inlustravit
926 927 1044 1008 Caylut
1062 923 1111 986 lut
1127 924 1159 986 le

117 1026 278 1092 tombeao
294 1027 334 1088 de
352 1025 492 1090 Mausolo
512 1029 545 1088 in
563 1029 736 1091 Memoirer
752 1059 801 1074 -
824 1031 864 1092 de
879 1029 966 1092 Paria
983 1029 1080 1090 Tom.
1097 1021 1157 1090 26.

118 1147 153 1209 p.
171 1141 256 1207 323.
307 1129 394 1190 Hinc
409 1147 485 1190 cum
502 1127 587 1192 Mela
603 1131 638 1192 in
655 1145 687 1204 7.
707 1131 769 1193 illie
786 1130 945 1192 miraculia
959 1141 1094 1211 ponunt,
1121 1127 1157 1188 in

117 1245 259 1310 quorum
273 1227 402 1290 recensu
421 1226 513 1290 suum
529 1232 626 1292 etiam
642 1231 688 1292 illi
704 1231 810 1294 locum
827 1231 915 1293 dedit
930 1230 1025 1292 Philo
1037 1229 1157 1307 Byzan·

116 1329 220 1391 tinut.
272 1329 359 1392 Hinc
381 1343 416 1391 et
440 1331 581 1394 Romani
609 1333 774 1416 magnifica
800 1345 1011 1396 monumenta
1033 1349 1073 1392 eo
1099 1346 1156 1390 no·

117 1429 209 1492 mine
233 1429 458 1502 distinxerunt,
491 1444 529 1492 ut
551 1430 664 1494 diserte
688 1446 778 1496 notat
796 1431 961 1498 Pausanias
979 1443 1013 1510 8.
1040 1431 1095 1502 td,
1120 1441 1155 1509 3.

117 1529 252 1592 Patebat
276 1545 401 1603 autem,
428 1531 504 1595 telle
527 1531 651 1604 Plinio.
682 1533 721 1596 ab
744 1533 847 1597 austro
874 1547 906 1595 et
931 1531 1154 1616 septemtrione

117 1629 291 1716 sexagenoe
310 1647 418 1696 ternoa
438 1633 551 1716 pedet,
581 1643 651 1698 toto
674 1636 807 1698 circuitu
827 1635 924 1716 pedet
938 1645 982 1714 41
994 1654 1024 1697 ι.
1050 1646 1084 1694 et
1102 1631 1155 1694 ad·

118 1733 291 1795 tollebatur
313 1735 348 1794 in
368 1733 571 1797 altitudinem
594 1747 641 1812 25
664 1737 795 1808 cubitia.
828 1737 971 1798 cinctum
995 1747 1154 1818 praeterea

118 1835 281 1896 columnia
303 1831 361 1914 56.
395 1832 446 1898 Cf.
462 1838 558 1896 etiam
574 1836 720 1920 Hyginus
735 1835 797 1900 tab.
814 1851 899 1916 235.
923 1837 979 1918 qui
995 1835 1089 1897 latina
1100 1851 1167 1895 ειν

117 1935 243 2006 tendit,
279 1935 447 1997 circuitum
477 1931 552 1997 lacit
582 1937 702 2020 pedum
732 1947 837 2018 ¹54⁰·
863 1937 1065 1998 altitudinem
1089 1945 1149 2012 uo.

119 2035 190 2118 Qui
203 2055 244 2098 ex
260 2036 490 2098 recentioribus
509 2037 549 2100 tle
569 2055 610 2099 eo
625 2035 856 2122 exposuerunt,
882 2035 957 2098 tunt
976 2035 1153 2100 Arenariua

117 2138 153 2196 in
175 2134 245 2199 diff.
266 2136 307 2198 de
328 2137 490 2200 Artemita
509 2149 542 2199 et
559 2137 722 2204 Mausoleo
745 2133 910 2203 oecallone'
925 2140 1037 2208 numi,
1065 2131 1151 2218 Ltpt.

122 2245 233 2316 t7t4.
254 2247 291 2316 4.
326 2237 460 2316 Caylue‚
488 2257 583 2320 quem
611 2254 701 2302 antea
725 2238 882 2309 indicavi,
911 2238 1026 2301 additia
1051 2237 1151 2300 etiam

116 2337 244 2422 figuris.
269 2337 419 2402 Choileul
433 2337 575 2402 Goulfier
590 2339 682 2405 Belle
698 2341 802 2404 durch
818 2337 1070 2410 Griechenland,
1092 2335 1151 2398 ubi

117 2439 159 2500 de
185 2457 225 2500 eo
247 2439 489 2502 memorabilem
514 2440 646 2522 protulit
669 2445 901 2512 coniecturam,
934 2441 1051 2524 quibua
1075 2436 1167 2500 addi·

115 2537 246 2622 poliunt
258 2541 310 2601 alii
324 2541 359 2602 in
373 2539 519 2604 Meulelii
535 2541 683 2608 hiblioth.
700 2543 804 2606 hillor.
818 2545 889 2607 Vol.
902 2559 935 2607 2.
948 2544 986 2606 P.
1001 2563 1031 2605 a.
1044 2561 1077 2624 p.
1088 2549 1149 2619 89·
1165 2599 1168 2608 ,

117 2642 261 2725 Quidam
286 2642 382 2704 etiam
407 2643 683 2716 numeniacum,
722 2646 756 2706 in
788 2645 905 2726 quibua
935 2637 1151 2710 Muuoultuou

116 2741 281 2824 adpareat,
307 2739 360 2804 led
377 2741 472 2804 dubia
493 2743 569 2806 fide.
609 2742 660 2810 ΟΕ.
683 2745 807 2808 Eckhel
828 2749 928 2810 doctr.
948 2765 1038 2808 num.
1061 2743 1099 2806 P.
1119 2761 1150 2804 a.

116 2843 191 2906 Vol.
206 2858 241 2905 u.
262 2864 294 2925 p.
311 2855 395 2922 597.
446 2843 517 2906 Hoc
537 2856 643 2908 tamen
670 2849 788 2908 mirum
811 2847 955 2908 videatur
976 2849 1011 2906 in
1028 2843 1149 2912 numia.

116 2943 205 3025 quod
232 2957 340 3006 contra
366 2943 533 3026 scripturae
563 2943 789 3011 Μαυσσολλου
815 2947 1002 3010 obtrudunt.
1053 2946 1151 3008 Forte

115 3045 282 3126 posteriori
301 3064 381 3108 aevo
396 3047 475 3108 editi
492 3043 580 3120 lunt,
606 3049 663 3111 etll
683 3043 796 3132 paffim
815 3049 1022 3132 diacrepantia
1036 3063 1151 3111 numo·

115 3165 191 3210 mm
206 3159 240 3210 et
253 3145 408 3209 librorum
423 3144 620 3214 observatur.

195 3361 492 3412 monumentum
501 3348 521 3432 )
566 3353 619 3416 Ile
638 3350 782 3435 sepulcro
795 3351 869 3422 diei,
888 3313 1006 3416 notum
1023 3349 1078 3416 est.
1110 3345 1153 3412 At

117 3469 188 3516 non
220 3450 416 3533 impliciter,
457 3449 510 3514 led
541 3453 629 3536 quod
661 3453 696 3514 in
728 3455 918 3518 memoriam
948 3467 1153 3516 mortuorum

119 3555 286 3636 adparatur
313 3566 346 3614 et
376 3551 561 3626 exstruitur,
595 3573 689 3636 quate
717 3569 750 3624 et
773 3555 885 3619 Cicero
913 3553 1007 3618 Tttlc.
1036 3554 1165 3640 quaest.-

113 3676 156 3848 ἱ,
178 3664 235 3733 ι4.
259 3667 294 3716 et
315 3651 425 3736 Nepos
446 3655 482 3716 in
504 3655 611 3718 Dione
633 3675 686 3720 to.
704 3653 727 3720 l.
749 3657 899 3721 dixerunt
918 3674 1153 3727 invitamentum

136 3754 268 3840 epulcn‘.

196 3955 319 4039 illa)
368 3954 453 4021 Aliae
472 3956 517 4020 ln
541 3959 678 4025 notanda
706 3957 921 4050 progredione
951 3981 985 4032 et
1007 3971 1154 4058 proxima

121 4079 230 4125 rerum
252 4057 329 4124 ferie
355 4059 436 4124 daeo
458 4057 538 4144 pont
562 4059 652 4126 [olet.
