2852 4946
169 391 527 452 talvolta-Mlti.
569 389 649 450 ur.
691 387 811 450 uxr.
852 388 931 458 cr.
1006 393 1070 464 tle

26 590 45 632 a
56 557 296 662 septemtrione
307 557 477 652 §stansque
494 552 677 653 immensum
693 563 754 626 iter
766 562 901 646 quaerit.
940 557 1071 642 Nempe

27 674 112 734 inter
125 669 251 752 aliquot
265 667 360 728 rnaria
379 665 513 729 flexibur
528 677 702 746 torquetur,
728 663 782 728 led
801 665 836 726 in
852 663 978 726 nullum
994 665 1071 734 ertit,

26 774 82 834 nili
101 773 140 834 in
158 771 296 850 Lycium
314 765 370 831 [eu
385 767 625 852 Pamphylium.

103 985 226 1040 torar
251 983 297 1032 ut
318 1002 360 1018 -
375 967 396 1052 )
444 973 496 1033 De
512 969 629 1034 honrnr
643 969 817 1034 verborum
833 981 867 1034 et
883 968 1021 1031 lectione
1039 977 1074 1030 et

28 1073 119 1138 lensu
147 1071 231 1142 latia,
263 1073 390 1154 opinor,
423 1072 600 1155 expolitum
622 1071 666 1134 eil
688 1073 723 1134 in
748 1073 835 1133 notia
858 1071 975 1132 criticla
1000 1089 1084 1158 pag.

30 1187 103 1256 472
121 1173 187 1257 [qq.
222 1173 295 1236 Hoc
311 1192 413 1234 unum
428 1175 573 1234 adiiciam
588 1173 658 1244 lrio,
680 1173 768 1256 quod
786 1173 928 1234 lluetiua
941 1173 975 1232 iu
990 1170 1074 1234 libro

30 1277 99 1341 hill.
124 1278 173 1337 du
194 1293 374 1338 commerce
396 1293 462 1356 cap.
480 1276 538 1352 56.
562 1293 594 1356 p.
616 1283 702 1352 403.
725 1275 767 1334 ita
791 1273 957 1336 emendatt
992 1270 1075 1334 idern

31 1391 138 1440 mrtem
166 1389 199 1438 et
225 1375 323 1438 Torus
345 1377 367 1436 i.
394 1395 424 1440 e.
446 1377 586 1448 Tauma3
626 1373 696 1438 latia
722 1376 841 1458 lepide.
904 1377 955 1438 De
980 1373 1077 1440 varii·

9 1541 13 1550 ,
31 1495 141 1542 autem
156 1478 256 1538 Tauri
276 1476 464 1539 nominibus
478 1490 511 1540 et
525 1475 642 1540 linibua
661 1489 829 1559 exponunt
845 1479 940 1539 etiarn
955 1491 1077 1560 praeter

31 1581 179 1642 Plinium
194 1590 228 1656 5,
246 1593 305 1652 27.
339 1578 469 1640 Solinur
486 1597 552 1660 eap.
570 1587 632 1658 41.
649 1575 669 1640 l.
689 1589 748 1656 38.
782 1579 912 1643 Orofiur
930 1598 959 1651 a,
977 1594 1012 1646 a.
1036 1578 1078 1642 lic

31 1696 67 1744 nt
87 1681 145 1743 elii
169 1679 258 1764 plura
277 1676 422 1742 adierant
440 1681 590 1751 nomina,
616 1679 674 1742 alia
691 1681 847 1763 pauciora.

107 1881 313 1946 Hemodos
327 1913 376 1932 -
385 1879 405 1964 )
455 1881 580 1946 Omnor
605 1881 666 1946 lrae
689 1883 914 1966 appellationes
939 1883 1079 1946 veniunt

32 2004 70 2047 ex
94 1985 307 2068 expeditione
329 1983 497 2046 Alexandri
513 1983 560 2046 M.
593 1985 681 2048 uude
701 1987 844 2068 primum
865 1985 977 2048 Graeci
997 1986 1079 2046 banc

33 2086 276 2148 dillinctiouem
294 2085 492 2157 didicerunt,
518 2087 553 2148 in
572 2105 633 2167 qua
653 2088 796 2168 primurn
815 2105 938 2150 nornen
954 2085 997 2148 est
1014 2084 1079 2146 He·
1188 2075 1190 2079 ¹

34 2187 144 2248 modes
160 2183 184 2248 l.
200 2189 331 2257 Imaus,
362 2188 417 2268 qui
436 2200 552 2252 tractna
573 2201 747 2250 montanus
768 2187 893 2250 indiam
914 2187 1080 2271 distinguit

35 2308 51 2350 a
66 2287 218 2368 Scythia,
245 2301 344 2370 prout
358 2289 454 2350 etiam
477 2278 643 2378 Caucasus
656 2302 688 2352 et
703 2279 936 2382 Paropam'sur,
959 2309 998 2350 ex
1012 2288 1081 2370 qui·

36 2389 96 2452 bue
117 2379 284 2479 (iuncosus
299 2407 366 2451 non
383 2391 515 2472 ponitur
530 2388 583 2452 luo
598 2389 681 2454 loco.
709 2389 793 2452 Nam
808 2409 875 2452 non
888 2390 949 2453 elle
965 2409 1080 2453 verum

35 2488 214 2556 &nerium
227 2491 368 2572 antiquie
380 2491 484 2573 poetic
498 2491 702 2563 celebratum,
721 2511 777 2573 per
791 2491 981 2554 Promethea
995 2503 1083 2576 patet

36 2613 74 2654 err
97 2593 178 2661 litu,
212 2610 310 2673 quem
331 2611 399 2674 cap.
423 2611 478 2672 t9,
503 2606 558 2672 13.
582 2591 710 2675 praebet
731 2592 887 2658 Caucaliir
903 2594 1081 2665 montibua,

36 2711 73 2756 nt
94 2693 219 2754 idcireo
239 2692 324 2756 Mela
348 2692 514 2756 indulserit
536 2691 757 2778 appellationi,
790 2713 885 2776 quarn
909 2696 1083 2757 creduntur

39 2795 237 2857 Macedones
266 2793 413 2856 indidiffe
443 2795 488 2856 illi
516 2795 629 2858 tractui
659 2809 814 2858 montano
840 2796 878 2856 ad
905 2797 1083 2858 iactantiam

38 2896 257 2979 expeditionis
281 2895 451 2958 Alexandri
472 2895 519 2958 Μ.
546 2895 696 2982 gloriam,
716 2897 812 2978 ‚quast
835 2896 886 2956 illa
915 2893 946 2957 le
974 2909 1083 2958 exten·

39 2997 132 3060 dillet
162 2996 205 3057 ad
231 3015 344 3058 rerum
371 2996 556 3062 Caucasum.
598 3017 623 3061 r.
649 3015 846 3062 oaoncvrvr
869 2995 947 3060 MS.
1007 2993 1080 3062 viu.

39 3100 212 3182 deincept,
238 3111 273 3160 et
287 3099 328 3160 de
341 3095 485 3160 Hemoda
498 3099 538 3162 ad
555 3111 588 3180 3,
606 3113 639 3178 7,
657 3099 692 3164 6.

118 3289 345 3394 Caucasus
350 3296 370 3382 )
418 3301 472 3365 Sic
494 3301 598 3366 dictur
619 3299 681 3364 luit
700 3321 718 3364 a
735 3301 879 3372 Graecia,
904 3319 1006 3384 quum
1028 3319 1084 3364 ve·

40 3405 201 3469 rumeins
220 3421 342 3466 nornen
357 3400 433 3464 ellet
448 3395 641 3495 Graucusnr,
664 3403 727 3466 hoc
743 3403 797 3473 ell,
822 3405 900 3466 nivo
919 3401 1095 3466 madidus.

40 3509 105 3574 Sed
123 3505 253 3570 Graecia
276 3497 476 3568 notiffimum
493 3517 559 3568 erat
574 3503 700 3568 cauno
721 3505 843 3568 montir
857 3523 977 3567 nornen
1000 3503 1085 3566 iuter

41 3609 215 3672 Euxinum
230 3621 263 3668 et
276 3605 427 3690 Caspium
441 3625 530 3668 mare
551 3603 610 3676 itti,
634 3619 667 3668 et
685 3605 760 3668 ideo
775 3607 809 3668 in
825 3604 1003 3675 Orientem,
1026 3603 1084 3666 ubi

41 3709 190 3776 neminie
210 3727 295 3790 pene
313 3707 476 3778 eiusdem,
507 3707 562 3770 vel
589 3721 674 3769 certe
698 3708 855 3789 proximi,
889 3708 1085 3769 invenerunt

42 3824 213 3882 montem,
246 3811 485 3872 transtulerunt.
532 3807 614 3871 Vide
646 3807 831 3871 Salmasrum
864 3809 906 3871 ad
935 3808 1084 3872 Soliuum

42 3934 76 3996 p.
93 3923 181 3991 733.
204 3905 247 3998 [l.
263 3903 370 3996 554]
398 3923 432 3972 et
452 3929 506 3972 ure
527 3910 562 3970 in
584 3907 699 3972 Curtio
713 3909 876 3972 vindicato
896 3930 928 3991 p.
953 3923 1029 3988 137.
1052 3920 1086 3970 et

50 4029 132 4095 157.
157 4012 216 4074 ubi
238 4025 273 4074 et
292 4015 333 4074 de
347 4008 552 4094 Paropamilo
567 4010 619 4095 egi
637 4008 774 4073 studiose
792 4023 825 4074 et
846 4011 887 4074 de
902 4009 1083 4093 Paropami-

46 4115 122 4182 ladia
137 4115 174 4180 in
192 4127 308 4180 monte
323 4113 381 4180 illo
404 4108 622 4180 habinnribua
641 4131 674 4197 p.
698 4123 780 4193 154.
797 4125 832 4177 et
845 4107 909 4195 iqq.
944 4129 1086 4178 rantzo-
