<?xml version="1.0" encoding="UTF-8"?>
<!DOCTYPE html PUBLIC "-//W3C//DTD XHTML 1.0 Transitional//EN"
    "http://www.w3.org/TR/xhtml1/DTD/xhtml1-transitional.dtd">
<html xmlns="http://www.w3.org/1999/xhtml" xml:lang="en" lang="en">
 <head>
  <title>
</title>
<meta http-equiv="Content-Type" content="text/html;charset=utf-8" />
  <meta name='ocr-system' content='tesseract 3.04.00' />
  <meta name='ocr-capabilities' content='ocr_page ocr_carea ocr_par ocr_line ocrx_word'/>
</head>
<body>
  <div class='ocr_page' id='page_1' title='image "./pomponiimelaede06melagoog_0072.png"; bbox 0 0 2828 4966; ppageno 0'>
   <div class='ocr_carea' id='block_1_1' title="bbox 333 385 1113 458">
    <p class='ocr_par' dir='ltr' id='par_1_1' title="bbox 333 385 1113 458">
     <span class='ocr_line' id='line_1_1' title="bbox 333 385 1113 458; baseline 0 -3"><span class='ocrx_word' id='word_1_1' title='bbox 333 394 375 456; x_wconf 73' lang='grc' dir='ltr'>σι</span> <span class='ocrx_word' id='word_1_2' title='bbox 606 397 768 455; x_wconf 76' lang='lat' dir='ltr'>Norae</span> <span class='ocrx_word' id='word_1_3' title='bbox 810 385 1113 458; x_wconf 74' lang='lat' dir='ltr'>exeoa‘rrct&#39;a</span> 
     </span>
    </p>
   </div>
   <div class='ocr_carea' id='block_1_2' title="bbox 330 570 1393 1648">
    <p class='ocr_par' dir='ltr' id='par_1_2' title="bbox 330 570 1393 1648">
     <span class='ocr_line' id='line_1_2' title="bbox 331 570 1390 643; baseline 0 -11"><span class='ocrx_word' id='word_1_4' title='bbox 331 583 365 632; x_wconf 89' lang='lat' dir='ltr'>et</span> <span class='ocrx_word' id='word_1_5' title='bbox 383 571 468 632; x_wconf 78' lang='lat' dir='ltr'>Altae</span> <span class='ocrx_word' id='word_1_6' title='bbox 491 571 642 643; x_wconf 85' lang='lat' dir='ltr'>collocat;</span> <span class='ocrx_word' id='word_1_7' title='bbox 671 570 710 632; x_wconf 90' lang='lat' dir='ltr'>ab</span> <span class='ocrx_word' id='word_1_8' title='bbox 733 572 818 634; x_wconf 86' lang='lat' dir='ltr'>olliis</span> <span class='ocrx_word' id='word_1_9' title='bbox 835 587 940 634; x_wconf 87' lang='lat' dir='ltr'>autem</span> <span class='ocrx_word' id='word_1_10' title='bbox 963 572 1032 636; x_wconf 87' lang='lat' dir='ltr'>Nili</span> <span class='ocrx_word' id='word_1_11' title='bbox 1052 593 1137 636; x_wconf 86' lang='lat' dir='ltr'>mate</span> <span class='ocrx_word' id='word_1_12' title='bbox 1158 573 1320 637; x_wconf 85' lang='lat' dir='ltr'>nostrum</span> <span class='ocrx_word' id='word_1_13' title='bbox 1353 595 1390 632; x_wconf 74' lang='lat' dir='ltr'>ru</span> 
     </span>
     <span class='ocr_line' id='line_1_3' title="bbox 331 673 1391 756; baseline 0 -24"><span class='ocrx_word' id='word_1_14' title='bbox 331 693 393 754; x_wconf 85' lang='lat' dir='ltr'>qne</span> <span class='ocrx_word' id='word_1_15' title='bbox 415 675 452 734; x_wconf 84' lang='lat' dir='ltr'>atl</span> <span class='ocrx_word' id='word_1_16' title='bbox 472 674 625 744; x_wconf 79' lang='lat' dir='ltr'>Tanaim,</span> <span class='ocrx_word' id='word_1_17' title='bbox 651 688 683 734; x_wconf 88' lang='lat' dir='ltr'>et</span> <span class='ocrx_word' id='word_1_18' title='bbox 703 673 799 738; x_wconf 79' lang='lat' dir='ltr'>huius</span> <span class='ocrx_word' id='word_1_19' title='bbox 821 677 886 756; x_wconf 88' lang='lat' dir='ltr'>ripa</span> <span class='ocrx_word' id='word_1_20' title='bbox 902 677 1062 756; x_wconf 85' lang='lat' dir='ltr'>Europam</span> <span class='ocrx_word' id='word_1_21' title='bbox 1079 675 1118 736; x_wconf 84' lang='lat' dir='ltr'>ab</span> <span class='ocrx_word' id='word_1_22' title='bbox 1135 677 1200 736; x_wconf 84' lang='lat' dir='ltr'>llsra</span> <span class='ocrx_word' id='word_1_23' title='bbox 1225 675 1391 756; x_wconf 63' lang='lat' dir='ltr'>separant</span> 
     </span>
     <span class='ocr_line' id='line_1_4' title="bbox 332 775 1386 858; baseline 0.003 -24"><span class='ocrx_word' id='word_1_24' title='bbox 332 775 445 854; x_wconf 81' lang='lat' dir='ltr'>Capite</span> <span class='ocrx_word' id='word_1_25' title='bbox 472 787 579 837; x_wconf 88' lang='lat' dir='ltr'>tamen</span> <span class='ocrx_word' id='word_1_26' title='bbox 605 789 636 853; x_wconf 76' lang='lat'>3.</span> <span class='ocrx_word' id='word_1_27' title='bbox 665 796 753 835; x_wconf 83' lang='lat' dir='ltr'>orant</span> <span class='ocrx_word' id='word_1_28' title='bbox 780 791 874 836; x_wconf 85' lang='lat' dir='ltr'>vocat</span> <span class='ocrx_word' id='word_1_29' title='bbox 904 777 1062 837; x_wconf 88' lang='lat' dir='ltr'>ambitum</span> <span class='ocrx_word' id='word_1_30' title='bbox 1091 779 1188 840; x_wconf 74' lang='lat' dir='ltr'>totius</span> <span class='ocrx_word' id='word_1_31' title='bbox 1215 779 1386 858; x_wconf 71' lang='lat' dir='ltr'>Europae</span> 
     </span>
     <span class='ocr_line' id='line_1_5' title="bbox 334 875 1385 940; baseline -0.003 -1"><span class='ocrx_word' id='word_1_32' title='bbox 334 895 533 940; x_wconf 74' lang='lat' dir='ltr'>uvuuusrva.</span> <span class='ocrx_word' id='word_1_33' title='bbox 586 875 653 937; x_wconf 72' lang='lat' dir='ltr'>ora</span> <span class='ocrx_word' id='word_1_34' title='bbox 680 876 732 936; x_wconf 91' lang='lat' dir='ltr'>bic</span> <span class='ocrx_word' id='word_1_35' title='bbox 759 881 993 938; x_wconf 62' lang='lat' dir='ltr'>extremitatem</span> <span class='ocrx_word' id='word_1_36' title='bbox 1017 891 1049 939; x_wconf 87' lang='lat' dir='ltr'>et</span> <span class='ocrx_word' id='word_1_37' title='bbox 1074 882 1246 938; x_wconf 86' lang='lat' dir='ltr'>terminum</span> <span class='ocrx_word' id='word_1_38' title='bbox 1279 895 1385 938; x_wconf 78' lang='lat' dir='ltr'>norat</span> 
     </span>
     <span class='ocr_line' id='line_1_6' title="bbox 332 975 1380 1065; baseline -0.001 -26"><span class='ocrx_word' id='word_1_39' title='bbox 332 991 371 1039; x_wconf 87' lang='lat' dir='ltr'>ut</span> <span class='ocrx_word' id='word_1_40' title='bbox 394 977 477 1058; x_wconf 90' lang='lat' dir='ltr'>apud</span> <span class='ocrx_word' id='word_1_41' title='bbox 501 977 689 1040; x_wconf 79' lang='lat' dir='ltr'>Ciceronem</span> <span class='ocrx_word' id='word_1_42' title='bbox 715 979 770 1059; x_wconf 87' lang='lat' dir='ltr'>lib.</span> <span class='ocrx_word' id='word_1_43' title='bbox 793 994 824 1040; x_wconf 77' lang='lat'>¹2.</span> <span class='ocrx_word' id='word_1_44' title='bbox 848 981 888 1040; x_wconf 88' lang='lat' dir='ltr'>de</span> <span class='ocrx_word' id='word_1_45' title='bbox 912 979 1027 1041; x_wconf 80' lang='lat' dir='ltr'>finibus</span> <span class='ocrx_word' id='word_1_46' title='bbox 1048 975 1094 1065; x_wconf 88' lang='lat' dir='ltr'>[c.</span> <span class='ocrx_word' id='word_1_47' title='bbox 1116 975 1193 1065; x_wconf 66' lang='lat' dir='ltr'>on]</span> <span class='ocrx_word' id='word_1_48' title='bbox 1223 981 1380 1057; x_wconf 64' lang='lat' dir='ltr'>regione!</span> 
     </span>
     <span class='ocr_line' id='line_1_7' title="bbox 332 1079 1386 1162; baseline 0.002 -24"><span class='ocrx_word' id='word_1_49' title='bbox 332 1099 466 1162; x_wconf 83' lang='lat' dir='ltr'>quarum</span> <span class='ocrx_word' id='word_1_50' title='bbox 485 1079 574 1139; x_wconf 81' lang='lat' dir='ltr'>nulla</span> <span class='ocrx_word' id='word_1_51' title='bbox 596 1099 668 1148; x_wconf 83' lang='lat' dir='ltr'>orn,</span> <span class='ocrx_word' id='word_1_52' title='bbox 703 1079 792 1140; x_wconf 80' lang='lat' dir='ltr'>nulla</span> <span class='ocrx_word' id='word_1_53' title='bbox 816 1081 1011 1144; x_wconf 79' lang='lat' dir='ltr'>extremitas.</span> <span class='ocrx_word' id='word_1_54' title='bbox 1063 1082 1116 1142; x_wconf 90' lang='lat' dir='ltr'>Sic</span> <span class='ocrx_word' id='word_1_55' title='bbox 1137 1100 1204 1161; x_wconf 90' lang='lat' dir='ltr'>cap.</span> <span class='ocrx_word' id='word_1_56' title='bbox 1226 1079 1324 1160; x_wconf 86' lang='lat' dir='ltr'>sequ.</span> <span class='ocrx_word' id='word_1_57' title='bbox 1356 1085 1386 1140; x_wconf 68' lang='grc' dir='ltr'>ιι</span> 
     </span>
     <span class='ocr_line' id='line_1_8' title="bbox 333 1171 1392 1270; baseline 0.002 -28"><span class='ocrx_word' id='word_1_58' title='bbox 333 1182 479 1262; x_wconf 78' lang='lat' dir='ltr'><strong>Europa:</strong></span> <span class='ocrx_word' id='word_1_59' title='bbox 515 1179 582 1240; x_wconf 83' lang='lat' dir='ltr'>Ora</span> <span class='ocrx_word' id='word_1_60' title='bbox 608 1182 674 1240; x_wconf 84' lang='lat' dir='ltr'>eius</span> <span class='ocrx_word' id='word_1_61' title='bbox 701 1201 723 1239; x_wconf 86' lang='lat' dir='ltr'>a</span> <span class='ocrx_word' id='word_1_62' title='bbox 754 1179 856 1242; x_wconf 81' lang='lat' dir='ltr'>Tanai</span> <span class='ocrx_word' id='word_1_63' title='bbox 881 1180 925 1240; x_wconf 85' lang='lat' dir='ltr'>ad</span> <span class='ocrx_word' id='word_1_64' title='bbox 949 1171 1198 1270; x_wconf 79' lang='lat' dir='ltr'>Hellespontum.</span> <span class='ocrx_word' id='word_1_65' title='bbox 1238 1201 1392 1244; x_wconf 71' lang='lat' dir='ltr'>ciacc&lt;</span> 
     </span>
     <span class='ocr_line' id='line_1_9' title="bbox 332 1280 1392 1362; baseline 0.002 -18"><span class='ocrx_word' id='word_1_66' title='bbox 332 1301 418 1344; x_wconf 80' lang='lat' dir='ltr'>utve.</span> <span class='ocrx_word' id='word_1_67' title='bbox 472 1281 571 1342; x_wconf 85' lang='lat' dir='ltr'>Recte</span> <span class='ocrx_word' id='word_1_68' title='bbox 596 1283 636 1342; x_wconf 90' lang='lat' dir='ltr'>de</span> <span class='ocrx_word' id='word_1_69' title='bbox 660 1283 858 1344; x_wconf 81' lang='lat' dir='ltr'>extremitate</span> <span class='ocrx_word' id='word_1_70' title='bbox 878 1294 910 1343; x_wconf 87' lang='lat' dir='ltr'>et</span> <span class='ocrx_word' id='word_1_71' title='bbox 936 1281 1054 1344; x_wconf 74' lang='lat' dir='ltr'>linibus</span> <span class='ocrx_word' id='word_1_72' title='bbox 1076 1280 1164 1342; x_wconf 88' lang='lat' dir='ltr'>sensu</span> <span class='ocrx_word' id='word_1_73' title='bbox 1186 1283 1278 1344; x_wconf 84' lang='lat' dir='ltr'>verbi</span> <span class='ocrx_word' id='word_1_74' title='bbox 1310 1305 1392 1362; x_wconf 77' lang='lat' dir='ltr'>pro</span> 
     </span>
     <span class='ocr_line' id='line_1_10' title="bbox 331 1383 1393 1467; baseline 0 -23"><span class='ocrx_word' id='word_1_75' title='bbox 331 1383 420 1466; x_wconf 78' lang='lat' dir='ltr'>prio,</span> <span class='ocrx_word' id='word_1_76' title='bbox 456 1383 505 1441; x_wconf 88' lang='lat' dir='ltr'>nti</span> <span class='ocrx_word' id='word_1_77' title='bbox 529 1383 624 1443; x_wconf 87' lang='lat' dir='ltr'>etiam</span> <span class='ocrx_word' id='word_1_78' title='bbox 648 1385 782 1464; x_wconf 85' lang='lat' dir='ltr'>explicat</span> <span class='ocrx_word' id='word_1_79' title='bbox 798 1383 928 1444; x_wconf 73' lang='lat' dir='ltr'>Servius</span> <span class='ocrx_word' id='word_1_80' title='bbox 951 1384 990 1444; x_wconf 88' lang='lat' dir='ltr'>ad</span> <span class='ocrx_word' id='word_1_81' title='bbox 1007 1384 1117 1467; x_wconf 81' lang='lat' dir='ltr'>virgil.</span> <span class='ocrx_word' id='word_1_82' title='bbox 1135 1385 1213 1446; x_wconf 72' lang='lat' dir='ltr'>Aen.</span> <span class='ocrx_word' id='word_1_83' title='bbox 1232 1403 1266 1464; x_wconf 82' lang='lat'>9.</span> <span class='ocrx_word' id='word_1_84' title='bbox 1292 1399 1313 1458; x_wconf 74' lang='lat'>:3</span> <span class='ocrx_word' id='word_1_85' title='bbox 1327 1397 1393 1462; x_wconf 71' lang='lat'>23</span> 
     </span>
     <span class='ocr_line' id='line_1_11' title="bbox 331 1483 1393 1568; baseline 0.005 -23"><span class='ocrx_word' id='word_1_86' title='bbox 331 1485 424 1564; x_wconf 80' lang='lat' dir='ltr'>Ripa</span> <span class='ocrx_word' id='word_1_87' title='bbox 456 1497 564 1544; x_wconf 86' lang='lat' dir='ltr'>autem</span> <span class='ocrx_word' id='word_1_88' title='bbox 595 1485 707 1546; x_wconf 82' lang='lat' dir='ltr'>eedem</span> <span class='ocrx_word' id='word_1_89' title='bbox 739 1487 863 1546; x_wconf 87' lang='lat' dir='ltr'>ratione</span> <span class='ocrx_word' id='word_1_90' title='bbox 892 1485 932 1546; x_wconf 90' lang='lat' dir='ltr'>ad</span> <span class='ocrx_word' id='word_1_91' title='bbox 968 1483 1099 1556; x_wconf 89' lang='lat' dir='ltr'>Nilum,</span> <span class='ocrx_word' id='word_1_92' title='bbox 1137 1505 1198 1566; x_wconf 87' lang='lat' dir='ltr'>qua</span> <span class='ocrx_word' id='word_1_93' title='bbox 1231 1487 1305 1568; x_wconf 85' lang='lat' dir='ltr'>post</span> <span class='ocrx_word' id='word_1_94' title='bbox 1353 1509 1393 1550; x_wconf 78' lang='lat' dir='ltr'>at</span> 
     </span>
     <span class='ocr_line' id='line_1_12' title="bbox 330 1587 479 1648; baseline 0.007 -1"><span class='ocrx_word' id='word_1_95' title='bbox 330 1587 479 1648; x_wconf 82' lang='lat' dir='ltr'>Tattaim.</span> 
     </span>
    </p>
   </div>
   <div class='ocr_carea' id='block_1_3' title="bbox 274 1733 1396 3946">
    <p class='ocr_par' dir='ltr' id='par_1_3' title="bbox 274 1733 1396 3946">
     <span class='ocr_line' id='line_1_13' title="bbox 306 1733 1394 1819; baseline 0.002 -21"><span class='ocrx_word' id='word_1_96' title='bbox 306 1751 311 1762; x_wconf 92' lang='grc'><em>·</em></span> <span class='ocrx_word' id='word_1_97' title='bbox 408 1757 490 1798; x_wconf 87' lang='lat' dir='ltr'>cum</span> <span class='ocrx_word' id='word_1_98' title='bbox 516 1733 661 1819; x_wconf 83' lang='lat' dir='ltr'>alveo)</span> <span class='ocrx_word' id='word_1_99' title='bbox 712 1733 842 1800; x_wconf 78' lang='lat' dir='ltr'>Sensus:</span> <span class='ocrx_word' id='word_1_100' title='bbox 877 1735 941 1798; x_wconf 88' lang='lat' dir='ltr'>Ora</span> <span class='ocrx_word' id='word_1_101' title='bbox 965 1735 1084 1800; x_wconf 75' lang='lat' dir='ltr'>Africae</span> <span class='ocrx_word' id='word_1_102' title='bbox 1108 1735 1282 1800; x_wconf 84' lang='lat' dir='ltr'>secuudum</span> <span class='ocrx_word' id='word_1_103' title='bbox 1307 1738 1394 1800; x_wconf 41' lang='lat' dir='ltr'>Nili</span> 
     </span>
     <span class='ocr_line' id='line_1_14' title="bbox 274 1835 1393 1923; baseline -0.002 -21"><span class='ocrx_word' id='word_1_104' title='bbox 274 1845 277 1858; x_wconf 92' lang='lat'>&#39;</span> <span class='ocrx_word' id='word_1_105' title='bbox 332 1839 459 1902; x_wconf 85' lang='lat' dir='ltr'>alveum</span> <span class='ocrx_word' id='word_1_106' title='bbox 479 1839 556 1921; x_wconf 85' lang='lat' dir='ltr'>ripie</span> <span class='ocrx_word' id='word_1_107' title='bbox 578 1839 611 1898; x_wconf 91' lang='lat' dir='ltr'>in</span> <span class='ocrx_word' id='word_1_108' title='bbox 636 1840 763 1923; x_wconf 82' lang='lat' dir='ltr'>pelagus</span> <span class='ocrx_word' id='word_1_109' title='bbox 786 1835 958 1901; x_wconf 85' lang='lat' dir='ltr'>descendit.</span> <span class='ocrx_word' id='word_1_110' title='bbox 1012 1839 1095 1900; x_wconf 87' lang='lat' dir='ltr'>Nam</span> <span class='ocrx_word' id='word_1_111' title='bbox 1116 1841 1275 1900; x_wconf 83' lang='lat' dir='ltr'>inertum</span> <span class='ocrx_word' id='word_1_112' title='bbox 1303 1860 1393 1919; x_wconf 78' lang='lat' dir='ltr'>por·</span> 
     </span>
     <span class='ocr_line' id='line_1_15' title="bbox 332 1937 1394 2024; baseline -0.001 -22"><span class='ocrx_word' id='word_1_113' title='bbox 332 1955 414 2002; x_wconf 87' lang='lat' dir='ltr'>recta</span> <span class='ocrx_word' id='word_1_114' title='bbox 438 1940 537 2020; x_wconf 85' lang='lat' dir='ltr'>Libya</span> <span class='ocrx_word' id='word_1_115' title='bbox 557 1941 594 2001; x_wconf 87' lang='lat' dir='ltr'>ad</span> <span class='ocrx_word' id='word_1_116' title='bbox 613 1941 723 2001; x_wconf 85' lang='lat' dir='ltr'>Nilum</span> <span class='ocrx_word' id='word_1_117' title='bbox 746 1943 828 2024; x_wconf 84' lang='lat' dir='ltr'>ripas</span> <span class='ocrx_word' id='word_1_118' title='bbox 848 1937 936 2012; x_wconf 85' lang='lat' dir='ltr'>facit,</span> <span class='ocrx_word' id='word_1_119' title='bbox 963 1940 1041 2002; x_wconf 86' lang='lat' dir='ltr'>sicut</span> <span class='ocrx_word' id='word_1_120' title='bbox 1060 1961 1076 2000; x_wconf 91' lang='lat' dir='ltr'>a</span> <span class='ocrx_word' id='word_1_121' title='bbox 1099 1939 1333 2022; x_wconf 79' lang='lat' dir='ltr'>septemtrione</span> <span class='ocrx_word' id='word_1_122' title='bbox 1357 1957 1394 2002; x_wconf 84' lang='lat' dir='ltr'>et</span> 
     </span>
     <span class='ocr_line' id='line_1_16' title="bbox 333 2040 1392 2122; baseline -0.001 -17"><span class='ocrx_word' id='word_1_123' title='bbox 333 2040 460 2112; x_wconf 80' lang='lat' dir='ltr'>occasu,</span> <span class='ocrx_word' id='word_1_124' title='bbox 495 2045 573 2102; x_wconf 87' lang='lat' dir='ltr'>mari</span> <span class='ocrx_word' id='word_1_125' title='bbox 601 2045 783 2112; x_wconf 87' lang='lat' dir='ltr'>terminata,</span> <span class='ocrx_word' id='word_1_126' title='bbox 819 2043 903 2102; x_wconf 79' lang='lat' dir='ltr'>litus.</span> <span class='ocrx_word' id='word_1_127' title='bbox 952 2061 1139 2104; x_wconf 73' lang='lat' dir='ltr'>ramanus.</span> <span class='ocrx_word' id='word_1_128' title='bbox 1213 2044 1392 2122; x_wconf 84' lang='lat' dir='ltr'>Loquitur</span> 
     </span>
     <span class='ocr_line' id='line_1_17' title="bbox 332 2141 1395 2227; baseline 0.001 -23"><span class='ocrx_word' id='word_1_129' title='bbox 332 2147 436 2226; x_wconf 90' lang='lat' dir='ltr'>paullo</span> <span class='ocrx_word' id='word_1_130' title='bbox 459 2143 656 2213; x_wconf 79' lang='lat' dir='ltr'>indistincte,</span> <span class='ocrx_word' id='word_1_131' title='bbox 689 2145 760 2224; x_wconf 89' lang='lat' dir='ltr'>quia</span> <span class='ocrx_word' id='word_1_132' title='bbox 785 2155 916 2204; x_wconf 81' lang='lat' dir='ltr'>noverat</span> <span class='ocrx_word' id='word_1_133' title='bbox 939 2141 1145 2227; x_wconf 82' lang='lat' dir='ltr'>Geograplroa</span> <span class='ocrx_word' id='word_1_134' title='bbox 1168 2144 1208 2204; x_wconf 87' lang='lat' dir='ltr'>de</span> <span class='ocrx_word' id='word_1_135' title='bbox 1229 2159 1395 2208; x_wconf 72' lang='lat' dir='ltr'>accurator</span> 
     </span>
     <span class='ocr_line' id='line_1_18' title="bbox 333 2241 1395 2312; baseline -0.005 -7"><span class='ocrx_word' id='word_1_136' title='bbox 333 2245 533 2306; x_wconf 86' lang='lat' dir='ltr'>distinctione</span> <span class='ocrx_word' id='word_1_137' title='bbox 553 2245 637 2306; x_wconf 83' lang='lat' dir='ltr'>Astae</span> <span class='ocrx_word' id='word_1_138' title='bbox 666 2243 704 2304; x_wconf 93' lang='lat' dir='ltr'>ab</span> <span class='ocrx_word' id='word_1_139' title='bbox 731 2241 830 2305; x_wconf 79' lang='lat' dir='ltr'>rlsrica</span> <span class='ocrx_word' id='word_1_140' title='bbox 855 2241 1035 2312; x_wconf 81' lang='lat' dir='ltr'>dissentire,</span> <span class='ocrx_word' id='word_1_141' title='bbox 1067 2245 1135 2304; x_wconf 85' lang='lat' dir='ltr'>aliie</span> <span class='ocrx_word' id='word_1_142' title='bbox 1157 2243 1395 2308; x_wconf 51' lang='lat' dir='ltr'>statuentibus</span> 
     </span>
     <span class='ocr_line' id='line_1_19' title="bbox 334 2338 1393 2428; baseline 0.003 -24"><span class='ocrx_word' id='word_1_143' title='bbox 334 2345 434 2406; x_wconf 90' lang='lat' dir='ltr'>smum</span> <span class='ocrx_word' id='word_1_144' title='bbox 452 2338 629 2414; x_wconf 82' lang='lat' dir='ltr'>Arabicum,</span> <span class='ocrx_word' id='word_1_145' title='bbox 656 2347 724 2407; x_wconf 83' lang='lat' dir='ltr'>aliie</span> <span class='ocrx_word' id='word_1_146' title='bbox 743 2345 865 2413; x_wconf 82' lang='lat' dir='ltr'>Nilum.</span> <span class='ocrx_word' id='word_1_147' title='bbox 889 2346 956 2406; x_wconf 86' lang='lat' dir='ltr'>aliie</span> <span class='ocrx_word' id='word_1_148' title='bbox 977 2345 1114 2426; x_wconf 85' lang='lat' dir='ltr'>deniqne</span> <span class='ocrx_word' id='word_1_149' title='bbox 1134 2347 1289 2428; x_wconf 77' lang='lat' dir='ltr'>integram</span> <span class='ocrx_word' id='word_1_150' title='bbox 1313 2347 1393 2407; x_wconf 80' lang='lat' dir='ltr'>Ae-</span> 
     </span>
     <span class='ocr_line' id='line_1_20' title="bbox 331 2443 1396 2531; baseline 0.005 -28"><span class='ocrx_word' id='word_1_151' title='bbox 331 2461 467 2531; x_wconf 78' lang='lat' dir='ltr'>gyptum</span> <span class='ocrx_word' id='word_1_152' title='bbox 493 2444 702 2527; x_wconf 79' lang='lat' dir='ltr'>separantibus</span> <span class='ocrx_word' id='word_1_153' title='bbox 724 2459 756 2506; x_wconf 90' lang='lat' dir='ltr'>et</span> <span class='ocrx_word' id='word_1_154' title='bbox 776 2445 813 2505; x_wconf 87' lang='lat' dir='ltr'>ab</span> <span class='ocrx_word' id='word_1_155' title='bbox 839 2443 940 2507; x_wconf 82' lang='lat' dir='ltr'>Africa</span> <span class='ocrx_word' id='word_1_156' title='bbox 959 2461 991 2508; x_wconf 89' lang='lat' dir='ltr'>et</span> <span class='ocrx_word' id='word_1_157' title='bbox 1010 2445 1048 2506; x_wconf 92' lang='lat' dir='ltr'>ab</span> <span class='ocrx_word' id='word_1_158' title='bbox 1070 2445 1147 2508; x_wconf 81' lang='lat' dir='ltr'>Alia.</span> <span class='ocrx_word' id='word_1_159' title='bbox 1188 2465 1214 2508; x_wconf 89' lang='lat' dir='ltr'>r.</span> <span class='ocrx_word' id='word_1_160' title='bbox 1238 2465 1396 2508; x_wconf 76' lang='lat' dir='ltr'>ottono-</span> 
     </span>
     <span class='ocr_line' id='line_1_21' title="bbox 332 2545 1391 2627; baseline 0.006 -21"><span class='ocrx_word' id='word_1_161' title='bbox 332 2567 410 2608; x_wconf 85' lang='lat' dir='ltr'>vtre</span> <span class='ocrx_word' id='word_1_162' title='bbox 435 2547 510 2609; x_wconf 82' lang='lat' dir='ltr'>MS.</span> <span class='ocrx_word' id='word_1_163' title='bbox 540 2568 568 2608; x_wconf 89' lang='grc' dir='ltr'>ι.</span> <span class='ocrx_word' id='word_1_164' title='bbox 620 2547 704 2609; x_wconf 84' lang='lat' dir='ltr'>Altae</span> <span class='ocrx_word' id='word_1_165' title='bbox 723 2545 902 2627; x_wconf 82' lang='lat' dir='ltr'>rssricaeque</span> <span class='ocrx_word' id='word_1_166' title='bbox 925 2549 1078 2610; x_wconf 83' lang='lat' dir='ltr'>terminos</span> <span class='ocrx_word' id='word_1_167' title='bbox 1100 2567 1172 2608; x_wconf 88' lang='lat' dir='ltr'>cum</span> <span class='ocrx_word' id='word_1_168' title='bbox 1193 2545 1299 2608; x_wconf 89' lang='lat' dir='ltr'>noslro</span> <span class='ocrx_word' id='word_1_169' title='bbox 1317 2547 1391 2612; x_wconf 85' lang='lat' dir='ltr'>hic</span> 
     </span>
     <span class='ocr_line' id='line_1_22' title="bbox 333 2647 1387 2732; baseline 0 -24"><span class='ocrx_word' id='word_1_170' title='bbox 333 2649 370 2708; x_wconf 83' lang='lat' dir='ltr'>arl</span> <span class='ocrx_word' id='word_1_171' title='bbox 391 2647 500 2708; x_wconf 86' lang='lat' dir='ltr'>Nilum</span> <span class='ocrx_word' id='word_1_172' title='bbox 523 2647 628 2710; x_wconf 82' lang='lat' dir='ltr'>ssatnit</span> <span class='ocrx_word' id='word_1_173' title='bbox 650 2651 745 2709; x_wconf 88' lang='lat' dir='ltr'>etiam</span> <span class='ocrx_word' id='word_1_174' title='bbox 764 2649 886 2708; x_wconf 77' lang='lat' dir='ltr'>Plinius</span> <span class='ocrx_word' id='word_1_175' title='bbox 904 2661 937 2724; x_wconf 77' lang='lat'>5,</span> <span class='ocrx_word' id='word_1_176' title='bbox 961 2669 988 2710; x_wconf 93' lang='grc' dir='ltr'>ι.</span> <span class='ocrx_word' id='word_1_177' title='bbox 1016 2663 1048 2708; x_wconf 91' lang='lat' dir='ltr'>et</span> <span class='ocrx_word' id='word_1_178' title='bbox 1064 2647 1262 2732; x_wconf 83' lang='lat' dir='ltr'>Agathemer.</span> <span class='ocrx_word' id='word_1_179' title='bbox 1285 2667 1316 2716; x_wconf 86' lang='grc' dir='ltr'>ι,</span> <span class='ocrx_word' id='word_1_180' title='bbox 1347 2671 1387 2713; x_wconf 85' lang='grc' dir='ltr'>ι.</span> 
     </span>
     <span class='ocr_line' id='line_1_23' title="bbox 333 2747 1387 2831; baseline 0 -20"><span class='ocrx_word' id='word_1_181' title='bbox 333 2749 531 2831; x_wconf 84' lang='lat' dir='ltr'>Canopicum</span> <span class='ocrx_word' id='word_1_182' title='bbox 561 2751 629 2811; x_wconf 80' lang='lat' dir='ltr'>eiua</span> <span class='ocrx_word' id='word_1_183' title='bbox 659 2749 771 2810; x_wconf 85' lang='lat' dir='ltr'>ostium</span> <span class='ocrx_word' id='word_1_184' title='bbox 796 2748 974 2810; x_wconf 86' lang='lat' dir='ltr'>Marcianue</span> <span class='ocrx_word' id='word_1_185' title='bbox 996 2769 1027 2830; x_wconf 87' lang='lat' dir='ltr'>p.</span> <span class='ocrx_word' id='word_1_186' title='bbox 1054 2765 1086 2823; x_wconf 85' lang='lat'>7.</span> <span class='ocrx_word' id='word_1_187' title='bbox 1114 2747 1212 2810; x_wconf 84' lang='lat' dir='ltr'>Huds.</span> <span class='ocrx_word' id='word_1_188' title='bbox 1237 2749 1387 2811; x_wconf 73' lang='lat' dir='ltr'>Alexan-</span> 
     </span>
     <span class='ocr_line' id='line_1_24' title="bbox 334 2849 1384 2932; baseline -0.004 -21"><span class='ocrx_word' id='word_1_189' title='bbox 334 2852 446 2921; x_wconf 83' lang='lat' dir='ltr'>driam,</span> <span class='ocrx_word' id='word_1_190' title='bbox 469 2851 554 2931; x_wconf 90' lang='lat' dir='ltr'>quod</span> <span class='ocrx_word' id='word_1_191' title='bbox 572 2853 702 2932; x_wconf 81' lang='lat' dir='ltr'>perinde</span> <span class='ocrx_word' id='word_1_192' title='bbox 719 2849 769 2918; x_wconf 87' lang='lat' dir='ltr'>est,</span> <span class='ocrx_word' id='word_1_193' title='bbox 792 2850 843 2910; x_wconf 91' lang='lat' dir='ltr'>alii</span> <span class='ocrx_word' id='word_1_194' title='bbox 860 2849 933 2910; x_wconf 85' lang='lat' dir='ltr'>telle</span> <span class='ocrx_word' id='word_1_195' title='bbox 949 2849 1054 2911; x_wconf 90' lang='lat' dir='ltr'>Hirtio</span> <span class='ocrx_word' id='word_1_196' title='bbox 1069 2851 1108 2912; x_wconf 87' lang='lat' dir='ltr'>de</span> <span class='ocrx_word' id='word_1_197' title='bbox 1121 2850 1159 2912; x_wconf 85' lang='lat' dir='ltr'>B.</span> <span class='ocrx_word' id='word_1_198' title='bbox 1170 2851 1257 2911; x_wconf 83' lang='lat' dir='ltr'>Alex.</span> <span class='ocrx_word' id='word_1_199' title='bbox 1267 2869 1295 2911; x_wconf 89' lang='lat' dir='ltr'>c.</span> <span class='ocrx_word' id='word_1_200' title='bbox 1313 2867 1384 2929; x_wconf 65' lang='lat'>¹4·</span> 
     </span>
     <span class='ocr_line' id='line_1_25' title="bbox 334 2949 1385 3032; baseline 0 -22"><span class='ocrx_word' id='word_1_201' title='bbox 334 2951 385 3016; x_wconf 83' lang='lat' dir='ltr'>Cf.</span> <span class='ocrx_word' id='word_1_202' title='bbox 410 2955 505 3013; x_wconf 86' lang='lat' dir='ltr'>etiam</span> <span class='ocrx_word' id='word_1_203' title='bbox 529 2953 650 3013; x_wconf 89' lang='lat' dir='ltr'>Pliniue</span> <span class='ocrx_word' id='word_1_204' title='bbox 667 2963 699 3028; x_wconf 84' lang='lat'>5,</span> <span class='ocrx_word' id='word_1_205' title='bbox 722 2970 755 3030; x_wconf 84' lang='lat'>9.</span> <span class='ocrx_word' id='word_1_206' title='bbox 774 2949 794 3013; x_wconf 88' lang='lat' dir='ltr'>s.</span> <span class='ocrx_word' id='word_1_207' title='bbox 809 2961 843 3030; x_wconf 74' lang='lat'>4.</span> <span class='ocrx_word' id='word_1_208' title='bbox 873 2953 906 3020; x_wconf 85' lang='lat'>6.</span> <span class='ocrx_word' id='word_1_209' title='bbox 925 2963 982 3027; x_wconf 77' lang='lat'>58.</span> <span class='ocrx_word' id='word_1_210' title='bbox 1003 2949 1022 3013; x_wconf 86' lang='lat' dir='ltr'>s.</span> <span class='ocrx_word' id='word_1_211' title='bbox 1043 2965 1100 3031; x_wconf 83' lang='lat'>53.</span> <span class='ocrx_word' id='word_1_212' title='bbox 1152 2953 1202 3012; x_wconf 90' lang='lat' dir='ltr'>De</span> <span class='ocrx_word' id='word_1_213' title='bbox 1224 2951 1385 3032; x_wconf 78' lang='lat' dir='ltr'>pluribus</span> 
     </span>
     <span class='ocr_line' id='line_1_26' title="bbox 335 3052 1380 3136; baseline 0.001 -23"><span class='ocrx_word' id='word_1_214' title='bbox 335 3055 368 3113; x_wconf 89' lang='lat' dir='ltr'>in</span> <span class='ocrx_word' id='word_1_215' title='bbox 383 3055 529 3136; x_wconf 80' lang='lat' dir='ltr'>Aegypto</span> <span class='ocrx_word' id='word_1_216' title='bbox 553 3055 697 3114; x_wconf 83' lang='lat' dir='ltr'>terminis</span> <span class='ocrx_word' id='word_1_217' title='bbox 718 3054 857 3135; x_wconf 82' lang='lat' dir='ltr'>disputat</span> <span class='ocrx_word' id='word_1_218' title='bbox 880 3052 1063 3114; x_wconf 87' lang='lat' dir='ltr'>Herodotus</span> <span class='ocrx_word' id='word_1_219' title='bbox 1081 3069 1113 3123; x_wconf 79' lang='lat' dir='ltr'>o,</span> <span class='ocrx_word' id='word_1_220' title='bbox 1136 3055 1187 3122; x_wconf 79' lang='lat' dir='ltr'>ro,</span> <span class='ocrx_word' id='word_1_221' title='bbox 1211 3067 1264 3125; x_wconf 83' lang='lat'>17.</span> <span class='ocrx_word' id='word_1_222' title='bbox 1303 3053 1380 3115; x_wconf 79' lang='lat' dir='ltr'>Alii</span> 
     </span>
     <span class='ocr_line' id='line_1_27' title="bbox 336 3151 1379 3236; baseline -0.002 -22"><span class='ocrx_word' id='word_1_223' title='bbox 336 3155 457 3216; x_wconf 84' lang='lat' dir='ltr'>islltmie</span> <span class='ocrx_word' id='word_1_224' title='bbox 473 3153 557 3216; x_wconf 81' lang='lat' dir='ltr'>orbis</span> <span class='ocrx_word' id='word_1_225' title='bbox 570 3167 718 3214; x_wconf 86' lang='lat' dir='ltr'>terrarum</span> <span class='ocrx_word' id='word_1_226' title='bbox 736 3166 837 3235; x_wconf 85' lang='lat' dir='ltr'>partes</span> <span class='ocrx_word' id='word_1_227' title='bbox 854 3151 1002 3234; x_wconf 87' lang='lat' dir='ltr'>separant,</span> <span class='ocrx_word' id='word_1_228' title='bbox 1024 3167 1056 3214; x_wconf 85' lang='lat' dir='ltr'>et</span> <span class='ocrx_word' id='word_1_229' title='bbox 1073 3155 1124 3214; x_wconf 92' lang='lat' dir='ltr'>bic</span> <span class='ocrx_word' id='word_1_230' title='bbox 1139 3166 1264 3236; x_wconf 89' lang='lat' dir='ltr'>ponunt</span> <span class='ocrx_word' id='word_1_231' title='bbox 1278 3171 1379 3226; x_wconf 80' lang='lat' dir='ltr'>eunt,</span> 
     </span>
     <span class='ocr_line' id='line_1_28' title="bbox 335 3255 1380 3342; baseline -0.002 -26"><span class='ocrx_word' id='word_1_232' title='bbox 335 3258 390 3338; x_wconf 89' lang='lat' dir='ltr'>qni</span> <span class='ocrx_word' id='word_1_233' title='bbox 405 3257 447 3317; x_wconf 88' lang='lat' dir='ltr'>est</span> <span class='ocrx_word' id='word_1_234' title='bbox 461 3257 542 3315; x_wconf 87' lang='lat' dir='ltr'>inter</span> <span class='ocrx_word' id='word_1_235' title='bbox 556 3255 722 3316; x_wconf 79' lang='lat' dir='ltr'>Arabicum</span> <span class='ocrx_word' id='word_1_236' title='bbox 739 3255 838 3314; x_wconf 85' lang='lat' dir='ltr'>finum</span> <span class='ocrx_word' id='word_1_237' title='bbox 854 3267 886 3314; x_wconf 86' lang='lat' dir='ltr'>et</span> <span class='ocrx_word' id='word_1_238' title='bbox 901 3256 1093 3340; x_wconf 80' lang='lat' dir='ltr'>Aegyptum,</span> <span class='ocrx_word' id='word_1_239' title='bbox 1110 3257 1216 3342; x_wconf 22' lang='lat' dir='ltr'>&#39;ueluti</span> <span class='ocrx_word' id='word_1_240' title='bbox 1234 3255 1371 3332; x_wconf 84' lang='lat' dir='ltr'>Dionys</span> <span class='ocrx_word' id='word_1_241' title='bbox 1368 3303 1380 3322; x_wconf 86' lang='lat'><strong>.</strong></span> 
     </span>
     <span class='ocr_line' id='line_1_29' title="bbox 334 3357 1378 3440; baseline -0.003 -21"><span class='ocrx_word' id='word_1_242' title='bbox 334 3380 367 3419; x_wconf 83' lang='lat' dir='ltr'>v.</span> <span class='ocrx_word' id='word_1_243' title='bbox 388 3369 445 3438; x_wconf 75' lang='lat'>24.</span> <span class='ocrx_word' id='word_1_244' title='bbox 473 3357 586 3437; x_wconf 89' lang='lat' dir='ltr'>aliique</span> <span class='ocrx_word' id='word_1_245' title='bbox 609 3357 682 3418; x_wconf 85' lang='lat' dir='ltr'>teste</span> <span class='ocrx_word' id='word_1_246' title='bbox 698 3357 906 3440; x_wconf 76' lang='lat' dir='ltr'>Agatbemero</span> <span class='ocrx_word' id='word_1_247' title='bbox 930 3377 957 3424; x_wconf 86' lang='grc' dir='ltr'>ι,</span> <span class='ocrx_word' id='word_1_248' title='bbox 981 3377 1009 3418; x_wconf 86' lang='grc' dir='ltr'>ι.</span> <span class='ocrx_word' id='word_1_249' title='bbox 1060 3357 1175 3418; x_wconf 88' lang='lat' dir='ltr'>Sinum</span> <span class='ocrx_word' id='word_1_250' title='bbox 1199 3375 1272 3416; x_wconf 84' lang='lat' dir='ltr'>vero</span> <span class='ocrx_word' id='word_1_251' title='bbox 1292 3357 1378 3416; x_wconf 79' lang='lat' dir='ltr'>tlra·</span> 
     </span>
     <span class='ocr_line' id='line_1_30' title="bbox 334 3457 1374 3536; baseline -0.004 -16"><span class='ocrx_word' id='word_1_252' title='bbox 334 3459 443 3520; x_wconf 88' lang='lat' dir='ltr'>bicnrn</span> <span class='ocrx_word' id='word_1_253' title='bbox 464 3459 576 3520; x_wconf 88' lang='lat' dir='ltr'>melius</span> <span class='ocrx_word' id='word_1_254' title='bbox 599 3460 771 3520; x_wconf 88' lang='lat' dir='ltr'>terminum</span> <span class='ocrx_word' id='word_1_255' title='bbox 797 3457 862 3518; x_wconf 86' lang='lat' dir='ltr'>steri</span> <span class='ocrx_word' id='word_1_256' title='bbox 885 3457 1039 3517; x_wconf 84' lang='lat' dir='ltr'>exlllimat</span> <span class='ocrx_word' id='word_1_257' title='bbox 1061 3457 1173 3520; x_wconf 88' lang='lat' dir='ltr'>Strabo</span> <span class='ocrx_word' id='word_1_258' title='bbox 1197 3477 1226 3518; x_wconf 91' lang='grc' dir='ltr'>ι.</span> <span class='ocrx_word' id='word_1_259' title='bbox 1250 3477 1281 3536; x_wconf 92' lang='lat' dir='ltr'>p.</span> <span class='ocrx_word' id='word_1_260' title='bbox 1305 3467 1374 3536; x_wconf 67' lang='lat'>24.</span> 
     </span>
     <span class='ocr_line' id='line_1_31' title="bbox 336 3557 1374 3636; baseline 0 -16"><span class='ocrx_word' id='word_1_261' title='bbox 336 3557 357 3620; x_wconf 90' lang='lat' dir='ltr'>s.</span> <span class='ocrx_word' id='word_1_262' title='bbox 378 3572 435 3636; x_wconf 80' lang='lat'>55.</span> <span class='ocrx_word' id='word_1_263' title='bbox 480 3557 562 3620; x_wconf 82' lang='lat' dir='ltr'>lusto</span> <span class='ocrx_word' id='word_1_264' title='bbox 585 3581 612 3630; x_wconf 89' lang='grc' dir='ltr'>ι,</span> <span class='ocrx_word' id='word_1_265' title='bbox 631 3571 662 3636; x_wconf 80' lang='lat'>8,</span> <span class='ocrx_word' id='word_1_266' title='bbox 683 3575 714 3622; x_wconf 81' lang='lat' dir='ltr'>o.</span> <span class='ocrx_word' id='word_1_267' title='bbox 739 3557 842 3620; x_wconf 80' lang='lat' dir='ltr'>noller</span> <span class='ocrx_word' id='word_1_268' title='bbox 865 3557 1098 3621; x_wconf 80' lang='lat' dir='ltr'>Catabathmon</span> <span class='ocrx_word' id='word_1_269' title='bbox 1125 3557 1243 3618; x_wconf 81' lang='lat' dir='ltr'>Africae</span> <span class='ocrx_word' id='word_1_270' title='bbox 1266 3557 1374 3620; x_wconf 83' lang='lat' dir='ltr'>finem</span> 
     </span>
     <span class='ocr_line' id='line_1_32' title="bbox 336 3659 1373 3744; baseline -0.002 -24"><span class='ocrx_word' id='word_1_271' title='bbox 336 3661 423 3722; x_wconf 87' lang='lat' dir='ltr'>dicit.</span> <span class='ocrx_word' id='word_1_272' title='bbox 457 3659 507 3723; x_wconf 84' lang='lat' dir='ltr'>Cf.</span> <span class='ocrx_word' id='word_1_273' title='bbox 529 3661 648 3723; x_wconf 84' lang='lat' dir='ltr'>Sallnsl.</span> <span class='ocrx_word' id='word_1_274' title='bbox 668 3663 735 3744; x_wconf 85' lang='lat' dir='ltr'>lug.</span> <span class='ocrx_word' id='word_1_275' title='bbox 755 3679 781 3721; x_wconf 85' lang='lat' dir='ltr'>c.</span> <span class='ocrx_word' id='word_1_276' title='bbox 806 3678 859 3738; x_wconf 83' lang='lat'>19.</span> <span class='ocrx_word' id='word_1_277' title='bbox 887 3659 1038 3721; x_wconf 85' lang='lat' dir='ltr'>Cellarius</span> <span class='ocrx_word' id='word_1_278' title='bbox 1058 3661 1091 3719; x_wconf 88' lang='lat' dir='ltr'>in</span> <span class='ocrx_word' id='word_1_279' title='bbox 1115 3660 1231 3743; x_wconf 82' lang='lat' dir='ltr'>Geogr.</span> <span class='ocrx_word' id='word_1_280' title='bbox 1249 3671 1312 3727; x_wconf 80' lang='lat' dir='ltr'>ant.</span> <span class='ocrx_word' id='word_1_281' title='bbox 1339 3683 1373 3732; x_wconf 81' lang='grc' dir='ltr'>ι,</span> 
     </span>
     <span class='ocr_line' id='line_1_33' title="bbox 341 3755 1372 3850; baseline 0.001 -28"><span class='ocrx_word' id='word_1_282' title='bbox 341 3783 394 3832; x_wconf 89' lang='grc' dir='ltr'>ιι,</span> <span class='ocrx_word' id='word_1_283' title='bbox 414 3776 445 3836; x_wconf 82' lang='lat'>3.</span> <span class='ocrx_word' id='word_1_284' title='bbox 479 3775 510 3824; x_wconf 88' lang='lat' dir='ltr'>et</span> <span class='ocrx_word' id='word_1_285' title='bbox 531 3783 608 3842; x_wconf 85' lang='lat' dir='ltr'>quae</span> <span class='ocrx_word' id='word_1_286' title='bbox 626 3763 663 3822; x_wconf 91' lang='lat' dir='ltr'>ad</span> <span class='ocrx_word' id='word_1_287' title='bbox 688 3783 715 3832; x_wconf 83' lang='grc' dir='ltr'>ι,</span> <span class='ocrx_word' id='word_1_288' title='bbox 733 3779 765 3840; x_wconf 83' lang='grc'>9.</span> <span class='ocrx_word' id='word_1_289' title='bbox 785 3763 829 3820; x_wconf 89' lang='lat' dir='ltr'>in.</span> <span class='ocrx_word' id='word_1_290' title='bbox 851 3762 971 3822; x_wconf 89' lang='lat' dir='ltr'>notavi.</span> <span class='ocrx_word' id='word_1_291' title='bbox 1011 3755 1186 3850; x_wconf 75' lang='lat' dir='ltr'>Descendit</span> <span class='ocrx_word' id='word_1_292' title='bbox 1208 3759 1273 3842; x_wconf 84' lang='lat' dir='ltr'>post</span> <span class='ocrx_word' id='word_1_293' title='bbox 1291 3774 1372 3842; x_wconf 85' lang='lat' dir='ltr'>apte</span> 
     </span>
     <span class='ocr_line' id='line_1_34' title="bbox 335 3859 1230 3946; baseline 0.001 -22"><span class='ocrx_word' id='word_1_294' title='bbox 335 3880 462 3946; x_wconf 87' lang='lat' dir='ltr'>propter</span> <span class='ocrx_word' id='word_1_295' title='bbox 480 3883 662 3925; x_wconf 77' lang='lat' dir='ltr'>connexum</span> <span class='ocrx_word' id='word_1_296' title='bbox 683 3883 754 3923; x_wconf 86' lang='lat' dir='ltr'>cum</span> <span class='ocrx_word' id='word_1_297' title='bbox 776 3863 918 3924; x_wconf 81' lang='lat' dir='ltr'>fluminis</span> <span class='ocrx_word' id='word_1_298' title='bbox 934 3859 1108 3924; x_wconf 79' lang='lat' dir='ltr'>delabentis</span> <span class='ocrx_word' id='word_1_299' title='bbox 1129 3861 1230 3925; x_wconf 84' lang='lat' dir='ltr'>cursu.</span> 
     </span>
    </p>
   </div>
   <div class='ocr_carea' id='block_1_4' title="bbox 337 4009 1372 4200">
    <p class='ocr_par' dir='ltr' id='par_1_4' title="bbox 337 4009 1372 4200">
     <span class='ocr_line' id='line_1_35' title="bbox 412 4009 1372 4096; baseline -0.001 -21"><span class='ocrx_word' id='word_1_300' title='bbox 412 4013 595 4096; x_wconf 77' lang='lat' dir='ltr'>incedit)</span> <span class='ocrx_word' id='word_1_301' title='bbox 642 4013 689 4074; x_wconf 83' lang='lat' dir='ltr'>Ab</span> <span class='ocrx_word' id='word_1_302' title='bbox 712 4015 897 4074; x_wconf 84' lang='lat' dir='ltr'>occidentali</span> <span class='ocrx_word' id='word_1_303' title='bbox 921 4013 998 4075; x_wconf 85' lang='lat' dir='ltr'>ostio</span> <span class='ocrx_word' id='word_1_304' title='bbox 1022 4013 1089 4074; x_wconf 89' lang='lat' dir='ltr'>Nili</span> <span class='ocrx_word' id='word_1_305' title='bbox 1115 4013 1152 4074; x_wconf 89' lang='lat' dir='ltr'>ad</span> <span class='ocrx_word' id='word_1_306' title='bbox 1177 4015 1276 4074; x_wconf 77' lang='lat' dir='ltr'>sanum</span> <span class='ocrx_word' id='word_1_307' title='bbox 1298 4009 1372 4074; x_wconf 83' lang='lat' dir='ltr'>lsti-</span> 
     </span>
     <span class='ocr_line' id='line_1_36' title="bbox 337 4114 1371 4200; baseline -0.001 -20"><span class='ocrx_word' id='word_1_308' title='bbox 337 4136 428 4190; x_wconf 85' lang='lat' dir='ltr'>cunt;</span> <span class='ocrx_word' id='word_1_309' title='bbox 462 4137 566 4198; x_wconf 85' lang='lat' dir='ltr'>neque</span> <span class='ocrx_word' id='word_1_310' title='bbox 591 4119 725 4180; x_wconf 84' lang='lat' dir='ltr'>omnino</span> <span class='ocrx_word' id='word_1_311' title='bbox 747 4114 873 4178; x_wconf 82' lang='lat' dir='ltr'>adversa</span> <span class='ocrx_word' id='word_1_312' title='bbox 893 4117 1005 4200; x_wconf 82' lang='lat' dir='ltr'>pelago</span> <span class='ocrx_word' id='word_1_313' title='bbox 1029 4115 1151 4176; x_wconf 86' lang='lat' dir='ltr'>obiacet</span> <span class='ocrx_word' id='word_1_314' title='bbox 1167 4130 1246 4178; x_wconf 87' lang='lat' dir='ltr'>terra</span> <span class='ocrx_word' id='word_1_315' title='bbox 1263 4137 1371 4197; x_wconf 85' lang='lat' dir='ltr'>neque</span> 
     </span>
    </p>
   </div>
   <div class='ocr_carea' id='block_1_5' title="bbox 0 0 1423 4966">
    <p class='ocr_par' dir='ltr' id='par_1_5' title="bbox 0 0 1423 4966">
     <span class='ocr_line' id='line_1_37' title="bbox 0 0 1423 4966; baseline 0 0"><span class='ocrx_word' id='word_1_316' title='bbox 0 0 1423 4966; x_wconf 95' lang='lat' dir='ltr'> </span> 
     </span>
    </p>
   </div>
  </div>
 </body>
</html>
