2764 4954
344 409 406 474 530
613 395 774 496 retorta
813 395 1115 455 axncnrrctc

345 569 426 632 mari
447 568 591 652 paullum
608 566 697 631 inille
713 581 886 641 remotam,
913 567 964 632 sed
986 583 1118 654 portum
1141 563 1270 630 habuiffe
1286 563 1351 627 eiur-

346 673 421 733 dem
435 672 586 740 nominis,
609 669 696 752 quod
713 683 747 732 et
760 670 812 730 alii
829 669 1053 744 observarunt3
1080 671 1266 733 Gazaeomm
1279 664 1351 725 hinc

344 773 528 834 habendum
544 785 672 852 portum
687 769 747 833 elle
763 771 845 852 apud
860 771 1080 834 Ptolemaeum
1098 784 1130 849 3,
1146 772 1199 834 16.
1223 766 1353 830 existimat

345 874 506 935 Mannert.
524 873 641 956 Geogr.
650 872 721 934 Vol.
731 871 763 935 6.
781 872 817 933 P.
835 892 863 934 r.
878 893 911 954 p.
924 871 1006 937 262.
1041 875 1088 934 lta
1099 891 1176 934 vero
1192 871 1270 932 Mela
1284 868 1353 928 hunc

345 987 476 1058 portum
496 971 680 1035 intellexiffe
696 973 841 1044 videtur,
868 974 923 1035 ctsr
938 975 1074 1036 omnino
1095 974 1295 1058 posteriorum
1314 966 1356 1028 ali·

344 1079 416 1158 qui,
445 1088 482 1136 ut
498 1075 696 1158 Epiphanius
720 1074 760 1136 de
783 1075 858 1136 vitis
879 1077 1061 1156 prophetar.
1086 1096 1118 1157 p.
1136 1075 1219 1154 946.
1240 1073 1357 1133 Azotum

343 1179 423 1240 mari
438 1177 617 1258 adponunt.
660 1175 767 1237 Hodie
782 1175 820 1236 ab
837 1175 991 1239 Arabibue
1007 1178 1106 1247 locor.
1128 1175 1186 1236 ubi
1200 1175 1272 1236 olim
1285 1169 1357 1236 redit.

343 1299 433 1341 nunc
452 1298 569 1360 pagus,
594 1289 727 1340 vocatur
743 1275 860 1338 Erant
877 1275 898 1338 i.
915 1278 1032 1342 Atzud.
1085 1276 1237 1340 Reddidit
1258 1271 1359 1334 Melam

342 1380 512 1442 Boccatiue
533 1376 555 1442 1.
572 1399 603 1442 v.
627 1377 798 1440 Arabicum
820 1399 918 1442 mare.
970 1382 1020 1441 De
1041 1379 1144 1440 Azoto
1165 1391 1267 1438 autem
1286 1373 1360 1456 plura

344 1480 466 1542 dabunt
487 1480 647 1542 Relandue
668 1480 702 1540 in
723 1479 893 1541 Palaestina
912 1501 944 1563 p.
966 1499 1011 1543 m.
1027 1490 1101 1559 459
1117 1478 1160 1560 tq.
1195 1477 1317 1560 Mignot
1332 1473 1360 1532 in

342 1582 518 1643 Mernoirea
535 1611 583 1624 -
602 1583 642 1643 de
659 1580 746 1642 Pario
760 1582 858 1644 Toni.
875 1592 933 1660 34.
950 1602 982 1663 p.
1002 1582 1073 1660 336
1088 1579 1151 1663 qu.
1176 1591 1209 1643 et
1220 1575 1361 1641 Bachiene

342 1701 410 1747 von
426 1681 594 1745 Palaestina
611 1683 680 1746 Vol.
698 1697 731 1746 2.
749 1681 786 1744 Ρ.
803 1697 837 1761 3.
858 1701 890 1765 p.
908 1694 955 1760 58
974 1681 1037 1766 l'qq.

416 1897 571 1971 quarta
601 1883 782 1968 vigilia)
840 1887 866 1947 1.
893 1905 921 1948 e.
950 1885 1028 1950 hora
1062 1888 1168 1950 noctis
1193 1902 1291 1954 nona,
1319 1875 1363 1940 vel

341 1990 433 2054 tertia
454 2002 526 2051 anto
547 1989 669 2058 lucem,
696 2007 776 2070 quae
797 1988 900 2050 noctis
919 1987 1032 2050 divido
1055 1988 1089 2049 in
1106 1997 1143 2068 4.
1165 1987 1286 2072 vigiliae
1300 1991 1364 2042 nott

342 2091 386 2153 ell
406 2111 445 2152 ex
462 2088 637 2153 Censorino
657 2090 697 2151 de
718 2089 770 2150 die
792 2090 886 2150 natali
907 2109 973 2172 cap.
991 2103 1049 2168 23.
1079 2103 1113 2152 et
1135 2087 1268 2173 Vegetio
1286 2085 1323 2145 de
1336 2099 1363 2140 re

341 2191 471 2254 militari
488 2205 520 2270 3,
538 2203 573 2268 3.
610 2188 1262 2269 0111919111»Λά51119191191489.
1310 2183 1363 2244 Pro

341 2311 381 2355 eo
396 2295 583 2354 Ammianus
599 2291 775 2354 Marcellin.
793 2307 851 2361 99,
871 2302 925 2371 14.
941 2293 1018 2353 dicit
1029 2282 1184 2383 secundis
1196 2285 1362 2371 galliciniis,

341 2413 420 2474 quae
445 2392 515 2453 lunt
530 2393 640 2454 medio
659 2393 744 2452 inter
762 2382 973 2480 μεσονύκτιον
995 2406 1029 2455 et
1044 2411 1191 2454 auroram
1208 2389 1312 2474 ipatio.
1334 2394 1364 2442 ui

341 2494 451 2558 multia
474 2494 583 2554 docuit
601 2491 749 2554 Bochart.
770 2494 803 2553 in
827 2495 956 2557 Hieroz.
980 2495 1017 2558 P.
1040 2509 1073 2556 9.
1097 2493 1155 2556 lib.
1179 2513 1208 2556 r.
1233 2511 1298 2574 cap.
1317 2499 1363 2558 ¹7·

341 2586 583 2680 Τριφύλακτον
603 2606 733 2655 noctem
752 2591 827 2655 facit
847 2595 979 2659 Homer.
996 2596 1035 2658 ll.
1059 2613 1113 2666 to.
1135 2607 1222 2675 253.
1247 2598 1364 2654 notante

342 2698 438 2760 etiam
453 2695 499 2756 ibi
515 2694 657 2757 Bulleth.
677 2715 710 2776 p.
724 2715 769 2757 m.
788 2710 871 2771 720.
889 2706 951 2776 4ι.
999 2695 1126 2778 Nempe
1143 2696 1255 2758 Graeci
1270 2702 1365 2754 contra

340 2811 404 2861 tres
421 2810 544 2858 tantum
560 2795 719 2858 habebant
739 2799 841 2860 noctis
862 2798 1002 2882 vigiliae,
1028 2799 1076 2858 uti
1092 2797 1213 2859 docent
1228 2797 1366 2874 interprt·

341 2913 391 2961 tea
407 2898 543 2980 Nepotis
562 2898 599 2958 ad
615 2899 796 2958 Eumenem
815 2918 842 2961 c.
860 2917 894 2980 9,
917 2912 950 2978 3.
971 2900 1097 2980 aliique.
1123 2918 1207 2979 qnos
1222 2899 1366 2958 memorat

341 3002 478 3084 Ruperti
493 3001 529 3061 ad
548 2999 662 3062 Silium
681 2999 749 3060 ltal.
770 3014 802 3073 7,
826 3010 906 3082 154.
959 3001 1059 3062 Recte
1080 3012 1189 3060 autem
1210 2995 1367 3080 reprehen-

342 3104 424 3164 dunt
440 3102 569 3170 Melam.
593 3101 649 3182 qui
664 3099 753 3162 caco
773 3101 902 3162 Arabiae
919 3099 939 3163 1.
955 3101 1093 3184 Aegypti
1110 3100 1269 3170 tribuerit,
1291 3090 1366 3178 qnod

229 3249 234 3258 ·
341 3217 468 3266 tanturn
486 3200 947 3280 cafirrssyriaefibivindicatt
1000 3201 1106 3284 Quare
1121 3201 1249 3264 Plinius
1264 3199 1366 3276 aliique

342 3306 462 3367 Melam
484 3301 703 3371 deseruerunt.
731 3315 823 3383 atque
841 3305 873 3364 id
894 3303 987 3378 unice
1003 3304 1043 3365 de
1058 3303 1166 3382 Syriae
1184 3302 1276 3365 Casto
1295 3309 1367 3360 retu·

341 3407 456 3470 lerunt.
508 3405 561 3467 Sic
582 3405 669 3464 enim
687 3405 727 3464 de
747 3403 810 3466 ltoc
832 3405 955 3466 Plinius
971 3416 1004 3480 5,
1031 3416 1085 3482 ιδ.
1103 3401 1122 3466 1.
1142 3419 1202 3466 99.
1228 3403 1308 3464 Eius
1324 3415 1368 3457 ex·

342 3499 424 3598 celsa
444 3504 585 3568 altitudo
604 3517 721 3587 quarta
741 3505 856 3586 vigilia
875 3507 1023 3566 orientem
1045 3524 1101 3585 per
1120 3501 1266 3565 tenebras
1278 3492 1367 3593 solem

342 3600 494 3699 adspicit.
546 3606 646 3668 Solin.
670 3625 697 3668 c.
721 3620 779 3684 39.
797 3605 817 3666 1.
837 3609 895 3685 36.
920 3607 1010 3667 cuius
1025 3627 1041 3666 e
1055 3606 1171 3667 vertice
1188 3605 1299 3686 vigilia
1318 3595 1366 3659 ad·

342 3711 403 3770 lrrrc
424 3719 543 3792 quarto
567 3697 762 3797 conspicitur
781 3705 894 3788 globus
908 3698 1001 3798 solis.
1028 3735 1078 3750 -
1131 3705 1220 3767 Talis
1240 3727 1257 3764 e
1281 3693 1367 3790 Casto

336 3801 470 3902 specula
486 3806 539 3899 ss,
566 3820 603 3868 ut
620 3809 716 3869 lucem
735 3811 824 3885 prius
841 3808 963 3879 videas.
987 3828 1081 3891 qnam
1099 3797 1281 3897 auspicetur
1297 3801 1367 3862 dics.

343 3909 395 3975 cf.
413 3909 559 3970 Martian.
583 3907 708 3990 Capella
732 3909 765 3970 6.
789 3930 820 3990 p.
839 3925 922 3973 220.
951 3912 1085 3970 variatae
1108 3909 1261 3970 orationis
1281 3899 1368 3968 cauit·

343 4026 377 4076 et
398 4011 437 4072 de
455 4009 680 4072 sententiarum
695 4007 901 4091 discrepantia
918 4007 1044 4074 Salmas.
1059 4011 1095 4070 ad
1111 4011 1213 4071 Solin.
1234 4028 1299 4088 cap.
1316 4015 1367 4082 37.

343 4113 365 4178 1.
387 4121 446 4194 34.
463 4133 495 4196 p.
514 4131 561 4176 m.
576 4121 662 4196 401.
714 4109 843 4174 Miscuit
856 4114 952 4175 ctiam
969 4113 1004 4173 in
1020 4111 1082 4175 hoc
1098 4125 1269 4190 utrumque
1286 4124 1370 4168 mon·
