2922 4958
186 397 238 457 ru
265 391 405 452 nour.
432 390 541 450 unu.
582 342 665 448 uu
705 387 738 446 n
758 389 838 450 xrx.
873 389 977 464 tn·
1002 398 1050 464 ιε.
1095 395 1155 470 ⁶59

118 568 270 631 Eundem
290 565 459 652 pugnandi
481 583 605 626 morem
624 561 833 646 habitumque
850 563 1008 648 Sagartiie.
1030 564 1155 630 Perssoo

119 671 259 754 populo,
285 668 398 730 tribuit
416 667 600 728 Herodotus
618 680 651 740 7,
669 677 728 742 85.
763 665 913 728 Auchatia
936 667 1036 730 Valet.
1056 667 1156 732 Flacc.
1271 743 1274 750 Ι

121 771 157 840 6,
179 791 191 831 ι
200 785 259 850 32.
285 768 510 852 quaequidem
525 768 587 828 ianr
597 761 720 828 Voffiua
736 765 879 848 exempla
892 767 945 828 hic
958 765 1154 849 adposuerat.

119 871 216 936 Addo
238 871 278 933 de
300 870 515 940 sauromatis,
548 887 627 950 quoa
644 881 677 930 et
695 867 758 929 huc
780 864 889 930 reserri
910 868 995 950 posse
1013 889 1052 930 ex
1071 866 1158 952 supe·

118 973 196 1034 riori
211 986 288 1034 nota
299 971 498 1055 intelligitur,
512 967 642 1054 Pausan.
659 989 688 1049 t,
703 985 762 1039 at,
778 979 811 1046 8.
839 970 895 1050 qui
910 969 952 1032 ob
968 967 1043 1031 ferri
1058 989 1158 1052 penu·

120 1075 201 1136 riam
223 1073 325 1136 hinet
344 1071 499 1134 similibus
520 1071 614 1134 annia
632 1089 686 1133 eoa
701 1071 751 1132 uti
765 1083 888 1134 monet.
937 1070 985 1132 sta
1002 1089 1081 1133 vero
1104 1073 1158 1134 vel

118 1173 235 1256 laqueo
267 1173 319 1235 vel
357 1173 418 1236 reti
456 1169 669 1234 adversarium
707 1171 862 1234 conficere
893 1171 1045 1234 docuerat
1077 1173 1159 1236 olim

117 1274 273 1344 Pittacut.
299 1273 354 1336 etsr
369 1273 408 1336 ab
426 1274 483 1336 islo
498 1273 552 1334 hic
563 1283 705 1360 repetere
719 1291 840 1337 vanum
854 1271 903 1339 sit.
935 1273 1009 1340 viu.
1026 1272 1156 1362 Mena&

116 1377 160 1440 ad
172 1377 313 1460 Diogen.
333 1375 437 1440 Laert.
457 1393 487 1448 t,
505 1383 565 1456 74.

196 1525 360 1610 modus)
410 1525 488 1589 Nou
507 1538 607 1606 aetate
626 1525 768 1598 nubilet,
802 1524 855 1590 sed
877 1522 966 1589 sactis
983 1526 1156 1592 aestimant.

119 1647 298 1693 tenorem.
339 1625 416 1689 Non
437 1627 616 1690 aestimatur
631 1647 789 1692 annorum
807 1646 954 1700 numero.
980 1642 1018 1688 ut
1032 1628 1160 1698 fiebata

117 1729 193 1792 sure
213 1725 364 1790 consultio
381 1729 546 1792 Romania.
582 1747 607 1790 r.
626 1747 824 1792 onouovrva
842 1729 917 1792 MS.
971 1731 1062 1792 Idem
1078 1749 1156 1794 vero

119 1831 162 1894 de
178 1830 391 1902 Sauromatia‚
424 1831 574 1911 quicum
595 1829 809 1893 Amazonibus
830 1830 1022 1900 coaluerant,
1055 1846 1159 1894 narrat

118 1931 307 1995 Herodotus
316 1939 350 2012 4,
365 1945 445 2006 ¹¹7·
469 1943 506 1992 ut
521 1930 560 1994 de
576 1931 734 2003 Sarmatia,
749 1949 829 2014 quoa
843 1927 1021 2013 prorniscue
1037 1931 1158 2004 dicunt.

119 2031 208 2094 Mela
223 2047 257 2113 5,
270 2043 306 2112 4.
320 2030 343 2094 s.
396 2029 483 2096 Cum
502 2031 669 2094 Herodoto
688 2045 720 2096 et
735 2025 819 2094 Mela
836 2029 992 2093 consentit
1008 2031 1158 2096 Nicolaua

119 2132 335 2196 Damascenue
351 2133 384 2195 h.
399 2155 432 2197 v.
449 2133 508 2196 ita:
537 2130 697 2222 rupiliano
713 2131 753 2198 ου’
766 2128 921 2224 πρότερον
943 2129 1158 2220 ouant-aridium

122 2230 204 2324 πρὸς
220 2229 346 2324 γάμον.
372 2227 444 2324 rapio
462 2229 502 2300 dv
524 2231 679 2328 πολέμιον
698 2227 800 2326 ἄνδρα
820 2233 938 2320 κτείνῃ.
976 2231 1163 2302 Numerum

120 2335 261 2398 hostium
277 2337 356 2428 adeo
378 2335 489 2396 definit
504 2335 714 2420 Hippocratae
729 2339 769 2400 de
793 2357 862 2398 aere
878 2355 943 2420 cap.
961 2345 1020 2418 42.
1043 2333 1160 2426 μέχρις

123 2430 183 2507 ἄν.
209 2437 329 2516 inquit,
354 2435 421 2500 ταῖν
435 2431 599 2524 πολεμίων
618 2436 702 2526 τρεῖς
718 2433 941 2504 ἀποκτείνωσι.
979 2437 1103 2500 Similia
1117 2437 1159 2502 do

120 2537 189 2600 aliia
212 2537 351 2598 contulit
369 2535 506 2598 Bochart
527 2539 560 2598 iu
583 2538 711 2624 Phaleg.
730 2553 762 2618 3,
785 2553 839 2620 13.
874 2535 925 2601 Cs.
943 2539 1038 2600 etiam
1054 2533 1158 2606 Tacit.

121 2639 164 2702 ale
181 2639 291 2702 Germ.
308 2657 374 2721 cap.
396 2651 449 2715 ιθ.
475 2650 508 2700 et
522 2651 627 2701 notata
644 2641 682 2702 ad
699 2640 818 2702 Melam
834 2653 866 2721 5,
884 2649 920 2721 4.
937 2635 960 2700 s.

226 2837 229 2842 .
288 2793 319 2870 §.
348 2800 403 2868 aa.
461 2789 638 2871 Tanais)
689 2767 902 2864 oa't'dvau.
942 2791 1160 2873 Olim‚quod

122 2891 220 2954 tradit
233 2891 419 2953 Plutarchus
433 2891 485 2964 ille
500 2891 541 2952 de
554 2888 590 2952 sl.
608 2890 641 2954 h.
652 2911 683 2952 v.
709 2911 830 2954 nomen
848 2886 939 2974 gessit
956 2895 1158 2965 Amazonius.

121 2993 162 3057 ab
179 2994 391 3056 Amazonibus
406 2992 518 3054 accolit
534 3009 611 3052 vero
626 2991 767 3062 similius,
791 3011 883 3072 quum
898 2993 982 3072 quod
1001 2993 1053 3052 alii
1071 2994 1160 3056 iacta·

122 3109 211 3166 rant,
237 3097 276 3155 ab
292 3111 399 3154 aarum
417 3095 450 3152 in
472 3093 526 3154 illo
543 3093 682 3154 lavacris.
733 3093 826 3153 Aliud
852 3110 972 3154 nornen
993 3113 1009 3153 a
1032 3095 1159 3172 Scythia
1288 3101 1296 3112 ·

123 3196 359 3277 frequentatum
383 3192 445 3254 suit
463 3194 549 3264 sitis,
569 3193 666 3272 (Pliu.
685 3194 717 3261 6.
736 3207 769 3266 7.
805 3191 944 3256 Euslath.
962 3195 1000 3254 ad
1024 3194 1156 3274 Dionys.

122 3317 157 3359 v.
178 3297 248 3374 14.)
269 3296 323 3358 etii
335 3295 417 3368 ‚illud
431 3297 558 3377 proprie
573 3296 611 3356 ad
626 3295 765 3356 laxarten
782 3291 876 3356 refert
888 3294 1021 3358 Plinius.
1059 3295 1159 3358 Multi

124 3396 191 3458 sive
207 3397 401 3480 ignorantia,
429 3395 491 3456 sura
513 3397 692 3458 adulatione
716 3415 789 3457 cum
813 3396 979 3458 Alexandri
999 3397 1157 3461 militibua

122 3495 272 3579 Caspium
297 3516 383 3560 mare
407 3496 564 3559 Maeotida
585 3497 732 3578 paludem
754 3498 918 3568 dixerunt,
950 3511 983 3558 et
1003 3499 1157 3573 Iaxarten,

122 3601 180 3682 qui
196 3600 229 3658 in
248 3598 280 3658 id
297 3599 442 3664 elabitur.
461 3595 595 3659 Tanain.
620 3595 685 3675 (Gs.
696 3597 807 3660 Strabo
828 3617 882 3660 tt.
898 3617 929 3679 p.
944 3610 1026 3678 551.
1038 3596 1155 3676 s.5to.

122 3701 246 3764 Arrinn.
269 3699 309 3759 de
327 3697 438 3780 exped.
455 3697 542 3762 Alex.
562 3696 615 3760 lib.
637 3711 670 3778 5.
686 3694 709 3761 s.
743 3697 904 3762 Plutarch.
922 3699 955 3760 iu
975 3700 1063 3762 Alex.
1087 3719 1154 3782 cap.

121 3810 184 3879 45.
202 3799 225 3863 s.
252 3800 364 3862 suidas
380 3797 401 3862 s.
419 3820 451 3862 v.
471 3787 657 3885 Ἰαξάρτης.
683 3813 717 3862 et
735 3819 815 3880 quos
834 3801 979 3862 nominat
994 3798 1156 3887 Sclrweig·

120 3900 261 3966 haeuser.
277 3902 315 3962 ad
332 3899 443 3980 Polyb.
459 3918 513 3972 ιο,
529 3909 588 3978 48.
604 3895 664 3982 in.)
701 3899 728 3962 Δ
745 3919 820 3963 vero
836 3903 935 3964 Tanai
955 3900 1066 3964 diserte
1082 3905 1157 3966 alte·

120 4023 196 4066 rurn
224 4001 387 4086 distinguit
412 4002 532 4064 Arrian.
549 4019 575 4062 c.
593 4000 614 4062 l.
665 4003 883 4064 Det-nomime
908 4000 995 4065 causa
1020 4001 1157 4070 conserti

119 4103 250 4188 possunt
265 4102 601 4166 Pseudo-Plutarchus
616 4121 642 4164 c.
657 4103 679 4166 l.
704 4101 847 4166 Euslath.
863 4103 901 4164 ad
912 4103 1043 4184 Dionys.
1054 4127 1086 4171 v.
1101 4120 1161 4185 14.¹

120 4225 160 4269 ex
177 4203 410 4268 recentioribus
427 4203 582 4287 Uphagen
596 4204 630 4265 in
646 4205 783 4290 parergia
798 4205 906 4272 histor.
926 4225 960 4291 p.
975 4226 1022 4272 ru.
1037 4223 1097 4272 aa.
1123 4223 1160 4278 et
1205 4229 1208 4236 ¹
