2922 4958
317 362 381 432 690
532 363 536 374 '
586 353 747 416 Nom
786 353 1092 414 exactrice!

321 513 492 600 Σινωπεὺς
505 540 540 590 et
552 524 752 614 Σινωπίτης,
778 547 921 614 quorum
934 524 1019 592 illud
1034 521 1135 590 etiam
1147 519 1247 590 'numi
1267 543 1365 610 prae·-

323 627 445 690 ferunt.
492 627 674 702 Σινωπαῐος
698 631 786 713 apud
815 631 926 694 Schol.
959 625 1127 715 Apollonii
1153 629 1194 690 ad
1215 645 1248 700 Ω,
1273 639 1357 708 958.

323 725 509 802 Σινωπικδς
529 749 580 814 ap.
601 732 754 794 Strabon.
777 751 830 794 12.
854 754 886 815 p.
904 747 987 808 373.
1011 730 1032 793 l.
1056 741 1140 809 54ο.
1164 745 1198 792 et
1217 729 1260 790 de
1280 747 1359 812 agro

323 831 518 906 Σινωπῆτις.
551 828 662 893 Latini
680 832 842 911 Sinopeus.
860 847 898 896 ut
913 829 1012 896 Ovid.
1028 853 1068 893 ex
1081 832 1187 894 Ponto
1204 853 1234 902 ι,
1249 845 1283 908 5.
1300 832 1360 904 67.
1444 839 1445 858 ’

325 931 461 1013 Sinopen
478 953 506 993 rs
528 929 564 996 in
587 929 707 1000 numia.
736 933 879 1012 (hasche
895 931 931 996 in
947 935 1025 996 Lex.
1047 953 1138 995 num.
1157 933 1198 994 T.
1212 951 1248 1010 4.
1271 930 1310 992 P.
1330 949 1362 994 a.

325 1052 398 1120 pag.
420 1037 544 1113 1108.)
594 1033 1180 1113 Decaulanominirvid.Scymuus
1200 1029 1308 1096 Chius
1327 1029 1363 1094 in
1445 1063 1446 1068 ¹

326 1133 442 1216 fragm.
457 1155 490 1198 v.
507 1145 589 1211 205.
632 1137 792 1216 Anonym.
815 1133 850 1198 in
872 1135 972 1199 deser.
995 1131 1094 1198 Ponti
1115 1157 1148 1218 p.
1168 1146 1201 1211 8.
1222 1134 1314 1210 (Vol.
1330 1146 1364 1209 5.

328 1235 447 1318 Geogr.
468 1235 588 1315 Hudl.)
629 1235 778 1300 Eudocia
797 1259 829 1320 p.
848 1249 931 1314 375.
954 1251 988 1299 et
1008 1237 1118 1299 Schol.
1136 1231 1304 1319 Apollonii
1323 1233 1364 1294 ad
1446 1240 1447 1316 Ῑ

331 1353 364 1418 2,
385 1345 469 1416 948.
518 1337 640 1400 Urbem
668 1338 826 1400 Graecam
853 1353 950 1400 vocat
978 1360 1011 1422 p.
1033 1358 1078 1398 m.
1103 1352 1161 1414 55.
1196 1331 1365 1398 coloniam

328 1437 531 1499 Graecorum
549 1436 917 1524 ConstantinPorphyr.
935 1439 975 1500 de
991 1439 1091 1500 them.
1113 1462 1142 1509 1,
1159 1453 1192 1511 7.
1218 1433 1365 1498 Milefioa

329 1537 481 1601 nominat
496 1539 612 1602 strabo
633 1557 686 1602 ro.
709 1562 741 1624 p.
758 1542 841 1618 576.
856 1540 877 1602 s.
894 1550 978 1620 545.
1006 1535 1128 1623 aliique
1149 1539 1259 1622 pluree
1275 1535 1367 1620 apud

328 1637 448 1706 Cellar.
470 1635 505 1700 in
528 1641 646 1724 Geogr.
667 1655 732 1703 ant.
750 1655 784 1718 3,
806 1651 840 1717 8,
862 1653 921 1720 55.
972 1637 1133 1704 Coloniae
1150 1637 1365 1700 deducendae
1447 1653 1448 1660 ¹

329 1735 474 1826 praefuit
498 1739 581 1802 sorte
610 1737 729 1804 Critiae
756 1743 863 1814 Cous,
898 1738 993 1804 cuius
1023 1761 1095 1802 eam
1129 1738 1249 1828 κτίσμα
1283 1735 1367 1800 dicit

330 1839 474 1905 Eustalh.
495 1841 535 1904 ad
558 1839 691 1922 Dionys.
707 1864 739 1906 v.
755 1855 838 1921 775.
866 1863 906 1904 ex
928 1861 994 1926 quo
1016 1857 1105 1904 recte
1130 1836 1366 1902 emendantia
1448 1850 1449 1860 ¹

332 1941 500 2026 Stephano
519 1939 673 2006 vitiatum
698 1941 820 2029 κτίσμα
842 1941 1047 2031 Μακριτίου,
1081 1939 1199 2004 nisiex
1222 1941 1366 2020 Scymno

332 2061 361 2110 c.
379 2044 401 2106 l.
427 2059 460 2106 et
477 2063 641 2124 anonymo
657 2041 693 2108 in
707 2045 808 2110 deser.
824 2041 922 2108 Ponti
941 2065 969 2108 c.
990 2046 1010 2106 l.
1032 2043 1208 2126 legendum
1228 2041 1272 2102 eil
1294 2044 1369 2128 ilpr-

331 2141 434 2210 elnon.
474 2146 671 2224 Autolycum
693 2161 802 2208 tamen
822 2142 1029 2208 conditorem
1051 2145 1204 2208 colebant
1224 2139 1366 2204 incolae.

333 2245 504 2324 (Strabo.)
539 2243 801 2333 Antiqrriffimam
821 2263 909 2311 certe
931 2243 1003 2308 eiua
1025 2243 1188 2329 originem
1209 2243 1251 2305 ad
1266 2245 1367 2325 Argo·

331 2361 507 2410 nautarum
523 2361 670 2432 tempora
686 2347 786 2411 refert
800 2349 926 2418 Strabo,
949 2347 1038 2408 unde
1053 2345 1122 2430 post
1136 2341 1253 2408 Mileti
1272 2364 1368 2406 occu-

331 2461 462 2530 parunt.
501 2445 578 2518 Alii.
602 2464 638 2512 ut
654 2451 827 2528 scymnus,
849 2449 1045 2512 Plutarchus
1059 2443 1095 2508 in
1111 2432 1251 2510 Lucullo
1269 2465 1298 2508 c.
1311 2459 1367 2522 25.

331 2543 472 2630 Appian.
490 2543 526 2608 in
545 2545 696 2612 Mithrid.
719 2570 747 2614 c.
766 2559 824 2626 83.
849 2550 912 2612 hac
928 2546 1009 2610 serie
1024 2547 1203 2617 recensent.
1230 2547 1368 2610 Arnaao·

332 2665 409 2718 nea,
436 2647 551 2726 Syros,
579 2649 732 2712 Graecos.
784 2647 873 2713 Hinc
894 2647 993 2712 etiam
1016 2669 1033 2710 a
1055 2645 1179 2731 Sinope
1198 2648 1369 2710 Amazone

333 2765 456 2812 nomen
474 2747 601 2812 ducunt
614 2765 743 2835 praeter
759 2749 940 2836 superiores
957 2751 1105 2834 Apollon.
1116 2747 1223 2812 llbod.
1236 2766 1268 2820 e,
1283 2758 1370 2828 949.

332 2867 410 2912 cum
443 2847 636 2925 Scholiasta,
668 2850 806 2916 Diodor.
829 2863 865 2932 4,
895 2867 954 2927 72.
996 2847 1152 2914 Priscian.
1182 2846 1218 2911 in
1245 2845 1371 2933 perieg.

331 2973 366 3016 v.
382 2961 465 3030 751.
501 2953 655 3015 Geneliue
671 2954 711 3016 de
726 2955 823 3016 rebus
834 2949 1034 3017 Constantio.
1050 2949 1107 3014 lib.
1119 2967 1151 3029 5.
1171 2971 1204 3034 p.
1217 2965 1272 3024 27.
1288 2950 1372 3012 Ven.

335 3067 369 3116 et
390 3074 473 3139 quoe
495 3053 684 3136 producunt
703 3055 828 3118 Well'el.
850 3053 890 3115 ad
905 3050 1045 3115 Diodor.
1062 3071 1090 3115 c.
1110 3053 1131 3114 1.
1157 3067 1191 3113 et
1207 3049 1373 3112 Schrader

333 3153 374 3218 ad
402 3152 516 3218 Avien.
542 3177 574 3219 v.
599 3169 682 3236 953.
740 3151 997 3220 celeberrimam
1028 3154 1146 3216 urbem
1179 3148 1375 3235 praedicant

332 3252 441 3318 multi.
491 3253 581 3320 Olim
601 3255 660 3318 diu
682 3254 747 3318 fuit
767 3254 887 3327 libera,
913 3254 983 3340 poll
999 3268 1182 3337 expugnata
1197 3252 1253 3314 iub
1268 3253 1373 3314 Pbar-

332 3353 424 3420 nucia
446 3355 512 3422 fuit
534 3354 680 3427 ditione,
713 3357 802 3420 unde
826 3355 896 3442 post
916 3351 1162 3426 Mithridatem,
1194 3350 1251 3438 qui
1274 3349 1372 3436 regni

334 3457 443 3522 sedem
476 3455 524 3522 ibi
554 3455 781 3538 constituerat,
814 3453 972 3521 Romania
1000 3455 1098 3520 cessat.
1126 3454 1262 3533 (Strabo
1280 3474 1308 3516 c.
1327 3455 1372 3532 l.)

334 3559 424 3625 Hinc
440 3557 475 3626 in
487 3561 594 3622 Ponto
614 3561 806 3623 conlocatur
823 3577 840 3620 a
857 3560 991 3640 Scylace
1008 3579 1040 3640 p.
1056 3577 1100 3620 m.
1117 3566 1178 3636 4ο.
1202 3556 1372 3637 Stephano

334 3660 368 3727 b.
387 3685 417 3726 v.
444 3658 593 3724 Vitruvio
611 3676 644 3740 7,
660 3675 692 3732 7.
718 3657 828 3724 Plinio
846 3671 904 3738 35,
927 3673 979 3736 15.
995 3657 1016 3721 l.
1034 3659 1067 3722 6.
1095 3691 1141 3706 ·-
1169 3652 1275 3738 magia
1295 3675 1373 3740 pro·

333 3761 407 3852 prie
430 3760 465 3826 io
484 3758 707 3846 Paphlagonia
734 3781 751 3824 a
772 3759 922 3823 Diodoro
945 3770 998 3838 ι4,
1024 3774 1081 3836 5ι.
1132 3759 1282 3840 lmpolita
1305 3753 1373 3818 suit

334 3861 456 3930 cervici
477 3882 582 3947 paene
604 3861 744 3932 insulae,
776 3881 860 3947 quae
881 3863 978 3944 longe
993 3857 1029 3922 in
1045 3879 1135 3922 mare
1150 3855 1372 3942 prominebat,

335 3965 464 4051 dequo
489 3966 548 4026 suu
571 3960 713 4026 maxime
735 3957 926 4027 consulendi
958 3961 1030 4024 [unt
1054 3961 1167 4040 Polyb.
1185 3970 1221 4039 4.
1247 3960 1306 4038 56.
1340 3973 1375 4020 et

335 4067 452 4133 Strabo
468 4083 528 4130 uo.
551 4087 584 4152 p.
599 4066 683 4146 576.
705 4064 729 4130 s.
744 4065 829 4149 546.
860 4060 1022 4128 Marcion.
1044 4081 1119 4150 pag.
1135 4075 1181 4140 72
1199 4059 1245 4150 lq.
1268 4057 1375 4125 uult
