2852 4946
314 355 380 426 aaa
588 347 751 412 norat
789 331 1089 413 uxacarrcaa

316 521 466 584 Isauriam
486 523 570 587 inter
592 523 786 604 Lycaoniam
809 541 842 590 et
864 528 1011 590 Ciliciam
1036 525 1174 590 seorsum
1197 521 1351 608 producit.

317 624 447 688 Ciliciae
473 639 579 687 tamen
597 641 630 688 et
651 628 703 688 alii
725 630 856 710 quidam
878 628 977 691 Isaura
997 627 1018 692 s.
1042 628 1184 690 isaurum
1204 625 1351 692 tribuunt.

245 729 251 750 ⁸
317 741 350 790 et
367 721 617 789 Ciliciae'arcem
636 744 731 791 vocat
753 732 837 794 Flor.
854 746 886 808 3,
905 733 938 802 6,
954 745 988 808 5.
1015 743 1047 792 et
1069 745 1181 791 auctor
1200 727 1351 810 epitomes

317 827 404 889 Livii
423 843 483 908 93.
519 829 555 890 l’.
573 831 742 892 Servilium
760 831 881 894 isauros
898 833 1052 895 incilicia
1069 829 1227 892 domuisse
1243 825 1352 895 scribit,

317 929 373 992 etsr
399 931 504 1012 minua
526 941 664 993 accurate
690 933 722 993 id
748 936 815 996 fieri
833 947 925 1015 potat
947 933 1100 995 Dukerua
1120 933 1159 994 ad
1181 931 1267 994 Flor.
1283 947 1309 988 c.
1330 927 1351 986 l.

316 1031 370 1096 stc
390 1051 467 1093 vero
484 1031 614 1094 Ciliciae
630 1033 783 1096 adnexam
799 1035 858 1098 else
880 1034 986 1096 scribit
1003 1035 1164 1096 dormian.
1188 1041 1245 1110 tlp.
1261 1041 1294 1107 8.
1310 1028 1351 1087 ln·

316 1146 350 1196 et
364 1133 440 1195 dona
457 1133 531 1194 inde
547 1135 726 1217 provinciae
742 1136 825 1198 facit.
871 1137 920 1198 An
934 1157 951 1198 a
968 1137 1086 1198 Latinio
1104 1134 1248 1194 Tracaea
1261 1129 1353 1190 etiam

318 1236 456 1304 dicatur,
487 1234 528 1296 de
550 1255 588 1296 eo
610 1234 740 1298 disserui
761 1239 799 1299 ad
820 1237 1014 1320 Eutropium
1035 1257 1067 1318 p.
1086 1245 1159 1313 5⁰8
1177 1232 1223 1315 sq.
1275 1229 1353 1313 Quia

317 1355 396 1396 vero
417 1351 539 1416 praeter
553 1336 742 1400 Strabonem
757 1335 894 1403 πεδιάδα
910 1343 944 1400 io
962 1341 1032 1400 eiua
1053 1336 1212 1398 divisione
1233 1332 1353 1402 dixerit,

317 1437 447 1521 ignoro.
472 1437 544 1507 etit,
570 1438 634 1499 fine
655 1440 730 1503 telle
748 1453 870 1510 tameo.
896 1440 1062 1504 Salmafiua
1083 1440 1116 1498 in
1138 1437 1246 1499 Solio.
1263 1454 1295 1516 p.
1311 1451 1352 1491 m·

319 1547 402 1617 543·
426 1535 546 1610 scribsi,
572 1533 750 1617 Hairnvain
766 1541 883 1606 Cilicea
904 1543 979 1603 hinc
1000 1542 1118 1606 dictos.
1145 1556 1230 1619 quor
1246 1536 1353 1594 Latine

316 1640 449 1702 reddere
473 1641 565 1702 liceat
589 1641 792 1721 Campanos,
826 1644 913 1704 unde
930 1645 964 1702 io
986 1642 1074 1702 ltalia
1096 1642 1177 1702 adeo
1200 1650 1234 1699 et
1251 1634 1353 1696 Gallo-

317 1740 446 1803 Fraoeia
459 1744 629 1824 regionum
647 1758 721 1806 nota
737 1747 788 1806 illo
801 1747 933 1806 nomina
948 1740 1082 1802 aleriam.
1118 1741 1203 1802 Alias
1221 1737 1353 1800 omnino

317 1844 353 1904 in
374 1842 502 1905 Graecia
522 1836 669 1932 τραχὺς,
694 1859 731 1906 ut
753 1841 850 1934 iptio(
867 1859 900 1908 et
925 1838 1035 1920 πεδιὰς
1056 1846 1095 1905 de
1118 1855 1233 1903 natura
1255 1837 1353 1920 regio·

317 1965 397 2007 num
415 1944 468 2005 sabi
487 1945 607 2027 obponi
624 1943 735 2010 solent.
772 1949 862 2009 Hanc
878 1963 994 2016 tarueo,
1015 1959 1050 2004 ot
1067 1941 1212 2004 recensus
1228 1938 1353 2000 urbium

317 2048 427 2116 docet,
454 2050 588 2129 priorum
605 2061 638 2110 et
653 2047 819 2111 secundam
834 2060 928 2110 avocat
945 2045 1104 2109 Hierocles
1119 2065 1151 2126 p.
1167 2065 1211 2108 m.
1230 2048 1303 2117 704
1314 2035 1351 2115 lq·

318 2149 457 2218 alteram,
482 2148 627 2210 Isauriam
641 2172 674 2233 p.
686 2161 769 2228 708.
804 2148 920 2212 Omissa
936 2149 1091 2210 divisione
1109 2145 1236 2224 Scylax,
1263 2139 1352 2201 llslele·

317 2247 441 2311 l'lioiua
471 2251 615 2312 Ciliciam
646 2253 830 2313 continuam
865 2267 1026 2332 unamque
1057 2270 1072 2317 a
1101 2244 1292 2326 Pamphylia
1316 2236 1351 2298 ad

318 2351 441 2430 Syriam
468 2353 660 2433 producunt.
715 2353 872 2414 Feruntur
893 2365 999 2414 autem
1025 2351 1155 2417 cilices.
1183 2349 1220 2406 ln
1245 2340 1351 2427 primia

238 2480 242 2489 ·
317 2453 370 2531 qoi
388 2449 524 2532 asperam
540 2453 774 2524 inhabitabant,
799 2454 877 2514 booi
894 2468 1025 2517 nautae.
1051 2452 1099 2511 lert
1117 2449 1264 2510 nauticae
1282 2440 1351 2503 artis

318 2549 414 2612 abusu
436 2553 609 2633 praedones
626 2551 716 2623 sacti,
750 2555 835 2616 unde
856 2551 967 2636 passam
988 2554 1102 2617 Cilices
1124 2564 1156 2613 et
1176 2548 1350 2633 praedocet

319 2653 574 2736 coniunguntur.
607 2668 644 2716 ut
664 2656 745 2738 apud
763 2655 911 2720 Ciceron.
928 2657 962 2716 io
979 2657 1101 2716 Verrio.
1119 2663 1152 2730 4,
1177 2671 1233 2714 ιο.
1251 2651 1295 2708 in.
1322 2654 1351 2700 et

319 2752 433 2816 diserte
460 2755 545 2816 Cilix
567 2756 678 2836 pirata
699 2756 813 2818 dlcitor
835 2777 851 2816 a
876 2759 1001 2818 Larcano
1024 2771 1055 2831 3,
1077 2765 1160 2830 228.
1187 2765 1222 2811 et
1248 2765 1350 2830 narpo-

318 2849 402 2918 rtttol
423 2855 452 2919 ol
471 2852 603 2932 Κίλικες
621 2857 660 2919 ab
680 2859 841 2920 Euliathio
856 2859 893 2920 ad
911 2855 1042 2938 Dionys.
1058 2876 1084 2916 c.
1108 2857 1128 2918 l.
1159 2867 1255 2934 atque
1275 2849 1349 2908 adeo

318 2960 481 3041 piraticam
506 2959 539 3018 io
571 2959 664 3020 laude
693 2957 825 3044 posuisse
857 2973 947 3021 notat
973 2961 1086 3021 Sextoe
1112 2957 1294 3036 Empiricos
1318 2947 1348 3005 ln

320 3060 478 3140 l'yrrltoo.
501 3059 658 3142 ltypotyp.
684 3073 715 3140 8,
741 3076 798 3138 2¹4.
827 3061 883 3122 ubi
906 3061 962 3124 alia
985 3059 1071 3120 dabit
1092 3039 1263 3118 Fabricios.
1301 3041 1348 3110 Cf·

320 3164 414 3223 etiam
432 3164 590 3242 Appiaoua
605 3163 637 3220 io
658 3163 834 3224 lllitlrridat.
851 3183 917 3244 cap.
934 3177 993 3244 92.
1034 3160 1140 3222 illorea
1160 3174 1272 3218 eorum
1294 3153 1348 3210 im·

319 3263 411 3344 probi
434 3264 619 3324 nominoio
641 3263 846 3344 proverbium
870 3265 1026 3330 abierant.
1059 3274 1096 3320 ut
1118 3263 1211 3321 docet
1234 3243 1348 3318 notill'r·

320 3363 531 3425 ornaverim:
557 3357 792 3436 Καππάδοκες,
820 3365 961 3451 Κρῆτες,
988 3360 1118 3434 Κίλικες
1137 3355 1212 3446 apio
1235 3349 1346 3419 odora

320 3460 472 3529 κάκιστα.
532 3465 638 3527 locola
663 3452 779 3536 sallas.
809 3466 911 3535 Cilix,
936 3468 1020 3528 uode
1048 3456 1222 3551 (Jiliraieofis
1242 3471 1274 3522 et
1294 3451 1346 3514 alia

320 3589 359 3631 ert
376 3567 497 3628 Lexicia
513 3579 598 3628 nota.
651 3567 791 3648 Quando
808 3569 951 3629 llonrana
971 3566 1135 3650 provincia
1155 3562 1231 3622 sacta
1247 3552 1345 3621 suerit·

321 3669 431 3734 mosoc
445 3664 592 3748 aliaquirlt
609 3665 751 3730 Norilioe
766 3669 798 3728 io
809 3670 989 3753 Ceootaplr.
1002 3667 1103 3728 Pisao.
1121 3663 1188 3725 diss.
1202 3679 1235 3726 Ω.
1253 3681 1279 3722 c.
1296 3671 1345 3716 Η·

321 3797 352 3859 p.
373 3783 443 3849 215
459 3767 520 3850 sqq.
546 3772 701 3850 docetque
721 3769 787 3832 eiua
808 3773 944 3850 aliquam
963 3772 1144 3852 portionem
1163 3762 1275 3826 factam
1290 3751 1343 3818 effe

320 3899 348 3940 a.
365 3893 396 3936 u.
414 3875 459 3947 68
471 3894 497 3931 r.
522 3889 593 3929 cum
610 3867 746 3952 asperam
761 3873 922 3934 tenuerint
937 3873 1062 3954 piratae.
1094 3865 1145 3930 Cf.
1161 3879 1192 3926 et
1203 3859 1344 3949 sigonius

321 3981 361 4040 <le
376 3976 444 4033 iore
461 3971 651 4052 provirrciar.
673 3993 700 4042 ι,
722 3992 776 4036 ιι.
803 3973 860 4033 ubi
875 3973 1063 4036 Ciceronem
1080 3973 1112 4029 io
1129 3967 1236 4028 lllaoil.
1254 3985 1279 4028 c.
1293 3971 1341 4018 ¹⁹·

320 4079 410 4150 lirool
428 4072 569 4184 resototp
591 4073 675 4156 quod
696 4091 713 4134 a
731 4073 890 4160 Pompeio
913 4089 1015 4138 totam
1038 4069 1185 4135 Ciliciam
1204 4069 1342 4146 Romam
