2892 4950
336 379 401 459 474
604 373 763 434 Nom
804 375 1106 436 execramenti

699 549 728 614 C
750 551 778 613 Δ
798 550 838 614 P.
888 551 1008 616 XVII.

587 733 1120 796 tottxt.

460 905 490 982 §.
520 921 565 982 ι.ι
592 903 612 963 1
621 901 746 986 onia)
797 901 852 968 Gr.
868 905 1054 992 plernrnque
1067 901 1183 978 Ἰωνία,
1206 901 1314 969 Strabo
1327 919 1356 982 9.

335 1026 368 1090 p.
387 1019 470 1084 279.
486 1001 508 1067 l.
521 1011 605 1086 404.
631 1005 730 1065 etiam
751 1001 859 1081 ’1,ωνίς.
912 1007 1043 1070 Nomen
1066 1007 1192 1069 ducunt
1214 1005 1253 1068 ab
1277 1007 1356 1073 lone.

334 1107 437 1169 Xuthi
458 1105 524 1168 filio
548 1106 704 1167 Herodot.
732 1121 764 1183 7,
788 1117 849 1186 94.
883 1116 915 1183 8,
937 1118 998 1189 44.
1039 1107 1156 1170 Strabo
1180 1127 1213 1188 9.
1236 1128 1268 1190 p.
1284 1105 1357 1184 264.

335 1207 357 1271 s.
380 1217 463 1288 585.
490 1205 623 1269 Panion.
642 1223 676 1288 7,
699 1228 726 1278 ι,
743 1225 776 1272 o.
805 1229 900 1290 quern
917 1210 1073 1292 Apollinis
1090 1210 1193 1271 filium
1213 1207 1286 1269 iacit
1299 1208 1359 1270 Ste-

333 1309 434 1392 phan.
451 1305 473 1371 l.
488 1329 522 1370 v.
546 1304 648 1370 ’Iovia
655 1327 666 1386 3
702 1329 720 1370 a
741 1311 877 1381 lavane,
911 1311 1036 1392 iapheti
1058 1312 1124 1372 tilio
1147 1313 1273 1374 derivat
1287 1304 1358 1372 lose·

334 1409 417 1492 phua
433 1410 554 1490 antiqu.
572 1410 642 1471 lud.
663 1430 691 1478 ι,
710 1411 744 1473 6.
761 1409 782 1474 i.
802 1427 834 1488 7.
863 1412 914 1472 cui
930 1425 962 1472 et
975 1413 1167 1475 recentiores
1182 1410 1247 1473 iere
1263 1405 1358 1471 adlen-

332 1512 470 1574 tiuntur.
520 1509 582 1572 Seri
606 1508 646 1572 cs.
670 1511 848 1574 Bochartus
869 1514 903 1573 in
923 1512 1043 1598 Phaleg
1062 1528 1094 1592 5.
1112 1525 1145 1591 3.
1181 1513 1291 1575 Potter
1308 1509 1356 1572 Gr.

331 1611 566 1695 Archaeologie
590 1611 658 1689 (ed.
676 1612 873 1693 llambacb.)
895 1613 937 1678 T.
959 1634 989 1678 1.
1013 1634 1045 1697 p.
1065 1629 1085 1690 7
1103 1612 1144 1695 iq.
1174 1616 1282 1698 etqui
1301 1627 1358 1672 me·

331 1726 509 1776 morantur.
563 1713 655 1796 Quae
670 1727 814 1777 auctores
830 1716 961 1776 tradunt
975 1716 1009 1776 in
1027 1713 1185 1776 summam
1207 1725 1357 1778 contracta

331 1815 411 1886 haec
441 1811 531 1876 lunt:
572 1815 633 1877 lon
665 1835 738 1876 cum
766 1817 867 1877 multa
892 1817 1018 1902 egregie
1049 1815 1135 1898 apud
1171 1809 1358 1902 Aegialeniee

330 1914 551 1996 (Athenienses
574 1911 674 1998 prisco
695 1919 842 1996 nornine)
869 1915 1061 1989 instituisset,
1088 1918 1264 2000 imperium
1284 1913 1357 1977 obti-

330 2019 419 2087 nuit.
445 2030 478 2079 et
493 2018 618 2102 regioni
631 2035 752 2080 nomen
768 2017 824 2082 abe
841 2017 870 2081 ie
888 2017 1056 2101 imposuit,
1083 2038 1158 2081 cum
1174 2033 1269 2082 antea
1283 2017 1357 2077 dice·

331 2131 420 2183 retur
440 2119 599 2204 Aegialea.
625 2113 706 2204 (tt.)
752 2119 826 2182 Poll
844 2133 935 2181 aucta
958 2119 1131 2182 hominurn
1157 2118 1356 2182 multitudine

330 2221 460 2283 colonia
485 2221 519 2282 in
545 2219 753 2302 Peloponnesr
784 2231 855 2284 eam
882 2233 1006 2305 partem
1033 2221 1171 2283 deducta
1194 2219 1252 2292 eil,
1283 2235 1355 2301 quae

328 2321 467 2400 Achaiae
491 2323 623 2384 nomine
646 2321 805 2393 innotuit,
836 2336 870 2384 et
892 2337 968 2384 tunc
986 2341 1004 2382 a
1023 2319 1162 2406 Pelasgia
1187 2320 1355 2385 litoralibus

328 2421 545 2494 incolebatur,
571 2417 773 2508 (Αἰγιαλεῖς)
804 2435 836 2485 et
858 2442 876 2483 a
899 2423 1020 2486 colonie
1042 2425 1138 2486 novia
1158 2424 1251 2486 ionia
1271 2439 1355 2484 voca·

328 2523 433 2585 batur.
483 2521 723 2584 Heraclidarum
750 2521 875 2584 incursu
900 2525 994 2586 Iouea
1020 2523 1137 2606 expulit
1165 2525 1201 2585 in
1225 2523 1354 2586 Atticam

327 2623 442 2686 reverli
458 2620 544 2694 lunt.
571 2623 708 2704 denique
726 2623 859 2686 ducibus
875 2623 974 2687 Codri
990 2625 1061 2688 liliis
1076 2627 1110 2685 in
1126 2624 1234 2686 Aliam
1249 2627 1353 2708 migra·

327 2736 404 2786 runt
421 2737 452 2785 et
466 2723 554 2784 iuxta
570 2723 699 2788 Cariam
715 2723 942 2798 consederunt.
969 2725 1026 2788 ubi
1047 2727 1140 2788 Ionia
1155 2725 1261 2788 nostra
1280 2722 1353 2785 iudi·

327 2840 429 2888 catur.
458 2821 507 2888 Cf.
526 2828 713 2909 interpretes
729 2827 839 2905 Velleji
856 2827 895 2888 ad
915 2846 945 2898 t,
962 2836 996 2909 4.
1019 2839 1051 2890 et
1070 2829 1219 2900 omnino,
1246 2823 1352 2910 quide

326 2927 378 2990 hia
395 2939 560 2989 auctorum
577 2926 646 2989 loca
663 2925 748 2998 istit,
780 2929 970 3012 Vinrlingius
986 2929 1019 2988 in
1037 2928 1171 2990 Helleue
1184 2949 1220 3010 p.
1240 2941 1305 3007 150
1315 2923 1352 3006 iq.

326 3037 402 3110 439
418 3027 458 3111 iq.
486 3027 646 3112 (Gronov.
665 3027 742 3092 thei.
758 3029 828 3092 Vol.
844 3050 855 3088 t
870 3028 913 3112 r.)
963 3029 1043 3101 Alia,
1065 3049 1146 3112 quae
1162 3029 1203 3090 ad
1221 3029 1353 3112 Geogra·

326 3129 438 3214 phiam
462 3130 640 3212 pertinent,
666 3129 700 3190 in
717 3127 783 3212 ipsa
803 3131 915 3212 capitio
937 3129 1151 3212 explicatione
1166 3127 1351 3198 adferantur.

324 3232 380 3294 vel
395 3243 472 3293 nota
489 3229 568 3302 lunt,
591 3231 644 3292 rel
660 3231 763 3292 aliena
779 3231 888 3294 nimis.
919 3231 942 3293 F
943 3233 1022 3301 inea,
1040 3231 1155 3294 aMela
1171 3232 1351 3294 constitutor

324 3327 362 3394 in
384 3329 553 3415 conspectu
577 3329 667 3404 sunt.
706 3332 837 3395 artiores
867 3329 944 3393 iacit
965 3331 1101 3394 Ptolem.
1122 3343 1154 3410 5,
1175 3347 1210 3396 2.
1245 3333 1352 3415 quiet

324 3432 478 3496 Miletum
505 3435 539 3494 in
566 3431 659 3496 Caria
690 3433 799 3515 ponit,
838 3447 936 3515 prout
960 3432 1016 3494 illa
1041 3436 1146 3494 variat
1169 3447 1350 3516 temporum

323 3535 419 3597 ratio.
444 3535 555 3596 Ioniae
570 3535 657 3596 enirn
670 3531 783 3597 diserte
798 3533 911 3595 tribuit
921 3533 1102 3596 Herodotus
1117 3536 1217 3595 etiarn
1232 3556 1261 3606 r,
1273 3543 1349 3614 142.

324 3635 451 3716 Nempe
470 3635 560 3696 illum
584 3648 736 3706 tractum,
763 3635 880 3696 olima
903 3634 1039 3697 Caribus
1059 3633 1260 3707 habitatum,
1286 3631 1350 3719 poll

324 3737 420 3798 lones
437 3748 641 3816 occuparunt.
668 3734 799 3814 (Strabo
821 3751 874 3798 ια.
898 3757 929 3817 p.
948 3749 1032 3816 397.
1050 3733 1072 3800 i.
1087 3741 1192 3815 577.)
1227 3736 1348 3800 incolae

318 3827 441 3912 Ἴωνες.
465 3837 551 3898 uude
568 3835 629 3896 alia
644 3835 839 3898 descendunt
852 3858 868 3897 a
883 3837 1048 3919 Stephano
1063 3837 1225 3900 recenfita.
1259 3837 1347 3920 Sepa-

323 3938 419 3998 ratim
441 3949 549 3998 tamen
569 3931 755 4018 'livrowper
770 3957 787 3999 o
803 3938 842 3999 de
866 3936 947 3998 mari
968 3937 1106 4022 posrtum
1128 3939 1231 4010 dedit,
1256 3953 1347 4021 quare

323 4049 358 4106 at
380 4035 496 4127 poetae
525 4038 814 4128 antepenultimam
838 4039 1025 4128 corripiunt.
1065 4035 1118 4106 Gi.
1135 4039 1175 4103 ad
1197 4053 1230 4114 a.
1256 4052 1288 4122 3.
1312 4051 1343 4120 3.
