2764 4954
227 419 248 469 x
305 443 368 508 ,m
577 433 738 491 portu
780 435 1082 492 uxuoarrcts.

306 625 463 669 numerus
480 606 676 668 accumulato
695 605 775 667 limo
795 608 987 671 imminutus
1000 609 1052 671 esi.
1096 607 1226 692 Nempe
1247 601 1338 668 hodie

306 722 441 791 quatuor
458 707 528 778 alii,
553 708 606 768 alii
627 709 702 777 tria.
726 709 792 770 duo
809 710 904 769 etiam
924 711 1054 790 quidam
1071 726 1198 771 tautum
1217 723 1338 777 norunt,

305 809 363 870 ubi
389 807 574 888 llosetta,et
601 810 761 879 Damiata,
797 809 887 870 velut
912 813 1085 874 Theveuot
1111 809 1229 874 Reisen
1251 813 1289 870 T.
1311 831 1337 869 1.

305 933 339 996 p.
363 926 446 991 3¹9·
488 909 638 972 Wansleb
662 908 754 972 Reise
783 909 865 971 nach
885 913 1052 997 Aegypten
1076 933 1107 996 p.
1134 915 1206 990 163
1228 911 1268 992 sq.
1290 913 1339 986 (iu

306 1013 425 1075 Paulus
449 1012 701 1094 Sammlung-
720 1011 756 1072 P.
777 1013 829 1088 3.)
862 1015 917 1092 qui
942 1015 1047 1083 addit,
1083 1016 1218 1074 tertium
1245 1030 1340 1094 prope

305 1113 527 1177 Alexandriam
553 1115 652 1174 rarius
678 1132 756 1194 aqua
780 1113 959 1194 impletum.
1012 1115 1166 1177 Pococke
1192 1116 1289 1175 Tom.
1313 1130 1340 1172 1.

304 1235 337 1298 p.
355 1235 399 1276 m.
420 1227 479 1290 25.
503 1211 671 1275 difficulter
692 1212 811 1294 septem
835 1215 887 1276 illa
906 1207 979 1276 ostia¹
1003 1215 1069 1276 Nili
1090 1235 1179 1278 nunc
1201 1211 1344 1276 constitui

306 1315 391 1400 posse
407 1316 566 1385 adfirmat,
595 1335 669 1376 cum
686 1317 786 1396 aliqua
802 1316 879 1377 limo
901 1317 1038 1378 obducta
1058 1317 1127 1380 stnt.
1156 1315 1221 1377 'Ex
1242 1335 1344 1375 recen·

186 1460 189 1468 .
306 1411 431 1479 tiffimis
455 1417 574 1478 Franco
591 1447 601 1459 ·
620 1415 784 1478 Gallorum
812 1419 1044 1480 narrationibus
1067 1416 1126 1495 (cs.
1143 1419 1183 1479 ad
1208 1415 1344 1478 Sonuini

305 1517 420 1583 Reisen
445 1519 485 1580 T.
511 1534 544 1579 tt.
571 1538 602 1600 p.
619 1527 692 1596 477
711 1516 772 1599 sq.)
801 1519 1006 1602 intelligitur,
1039 1519 1193 1580 Pelusiaci
1222 1533 1344 1578 tanturn

305 1618 434 1704 vestigia
451 1617 594 1702 agnosci,
620 1621 803 1680 Taniticum
819 1633 851 1679 et
865 1619 1066 1682 llleudesmm
1087 1621 1157 1680 lacu
1174 1617 1343 1682 sisenzolelt

305 1719 446 1802 absorpta
468 1719 645 1793 evanuisse;
680 1721 746 1782 duo
763 1721 820 1781 alia
837 1741 904 1782 non
927 1723 1062 1802 amplius
1082 1722 1229 1804 navigari
1244 1716 1344 1801 polse;

304 1821 369 1904 ipse
390 1823 527 1884 Sorruini
549 1823 589 1884 Τ.
612 1842 640 1884 1.
661 1842 693 1903 p.
717 1831 795 1900 224.
821 1819 1022 1905 Canopicum
1043 1841 1110 1884 uon
1130 1823 1187 1883 nisi
1210 1823 1244 1880 in
1268 1817 1344 1879 sum·

305 1925 367 1986 mis
389 1923 456 1983 Nili
479 1923 748 1996 exundationibus
775 1921 944 1985 accrescere
967 1925 1121 1986 adfirmat.
1173 1925 1239 1986 Sed
1262 1937 1344 1980 nuuc

306 2026 347 2086 de
378 2024 507 2108 singulis
537 2025 638 2105 aliqua
671 2024 804 2085 dicenda
832 2022 912 2087 suut.
965 2023 1161 2105 Canopicum
1190 2024 1342 2106 primum,

305 2127 388 2208 quod
410 2127 448 2186 ab
470 2125 547 2188 urbe
569 2127 703 2208 Canopo
728 2131 848 2186 uomen
869 2127 979 2204 traxit,
1013 2127 1052 2187 de
1066 2145 1128 2206 qua
1145 2127 1185 2193 arl
1208 2141 1241 2194 a,
1261 2141 1292 2194 7,
1311 2119 1341 2183 6.

305 2228 416 2288 Graeci
433 2227 543 2289 efferre
559 2225 659 2289 solent
676 2247 732 2308 per
746 2224 783 2304 β,
806 2227 901 2288 etiam
918 2225 1111 2308 posteriores,
1135 2243 1172 2288 ut
1191 2223 1341 2286 Manassae

302 2315 547 2409 in'compentlio
563 2329 685 2390 Chron.
704 2349 737 2410 p.
759 2345 814 2389 21.
835 2330 914 2390 Ven.
945 2329 1109 2408 Eunapius
1126 2329 1159 2387 iu
1177 2329 1255 2388 vitia
1276 2326 1343 2405 phi·

301 2427 433 2509 losoph.
449 2450 480 2509 p.
499 2449 542 2490 m.
562 2443 620 2507 59.
637 2427 696 2493 61.
734 2429 875 2510 Quidam
897 2421 999 2490 etiam'
1012 2429 1269 2490 Heracleoticum
1291 2442 1343 2483 vo·

305 2532 366 2590 cari
381 2527 493 2590 diserte
509 2543 654 2598 monent,
680 2530 846 2610 inquibus
860 2529 971 2592 Strabo
994 2545 1048 2604 17.
1066 2551 1097 2611 p.
1114 2543 1200 2608 542.
1219 2528 1241 2590 s.
1261 2535 1339 2602 788.

300 2631 443 2696 Diodor.
470 2651 499 2701 t,
526 2643 583 2710 53.
606 2631 730 2711 aliique.
760 2627 845 2693 ⁴Vid.
871 2631 994 2692 Politue
1015 2632 1048 2690 in
1070 2627 1280 2691 animadvers.
1304 2623 1340 2684 ad

305 2731 504 2793 Euslathium
521 2733 555 2792 in
572 2729 702 2812 Dionys.
720 2745 752 2800 a,
769 2743 802 2809 8.
819 2753 852 2812 p.
867 2743 948 2810 198.
984 2731 1114 2794 Nomen
1131 2731 1193 2793 hoc
1209 2733 1339 2792 alterum

307 2836 430 2896 ducunt
450 2832 488 2894 ab
505 2833 675 2904 Heracleo,
702 2833 758 2892 ubi
781 2846 846 2893 erat
863 2833 1009 2894 Herculis
1032 2833 1189 2914 templum
1209 2829 1338 2910 (Strabo

311 2953 365 3011 17.
380 2955 412 3016 p.
429 2947 512 3012 551.
534 2931 554 2995 s.
576 2949 659 3012 801.
690 2931 840 2994 Manassen
858 2951 884 2995 c.
899 2933 940 3010 l.)
970 2933 1023 2994 vel
1042 2933 1081 2994 ab
1105 2929 1170 3014 ipso
1194 2929 1338 2994 [terente.

305 3037 362 3118 qui
383 3038 478 3117 raptis
498 3036 587 3096 malis
602 3036 704 3097 aureis
721 3033 784 3094 huc
805 3035 939 3097 venerit.
973 3035 1135 3111 (Euslath.
1152 3035 1191 3094 ad
1208 3023 1339 3108 Dionys.

305 3159 338 3200 v.
366 3141 440 3214 15.)
484 3138 541 3222 ‚An
566 3137 651 3198 idem
672 3135 934 3196 Naucratiticum
951 3155 967 3195 a
987 3135 1095 3196 Plinio
1113 3145 1146 3212 5,
1167 3154 1226 3198 11.
1243 3133 1264 3195 s.
1285 3149 1337 3193 to.

305 3239 488 3321 adpelletur,
515 3257 588 3298 cum
605 3235 783 3300 obscuriora
803 3235 863 3296 lint
878 3235 974 3297 verba
991 3250 1023 3298 et
1041 3236 1256 3318 impeditiora,
1282 3231 1339 3291 dit·

305 3353 452 3423 putatur,
484 3339 523 3400 de
543 3357 605 3420 quo
623 3339 689 3401 vid.
711 3350 834 3418 praeter
853 3339 1039 3418 interpretes
1057 3351 1090 3399 et
1113 3335 1285 3398 Cellarium
1307 3333 1338 3390 in

307 3441 424 3524 Geogr.
441 3453 505 3502 ant.
521 3451 555 3519 4,
576 3461 605 3509 t,
624 3441 657 3504 si.
676 3459 708 3520 p.
719 3459 763 3500 m.
776 3450 858 3515 775.
887 3439 1053 3500 Salmasius
1070 3438 1108 3499 ad
1126 3437 1228 3498 Sosin.
1245 3458 1271 3498 c.
1284 3441 1337 3511 55·

306 3541 328 3606 s.
344 3557 401 3621 32.
420 3562 451 3624 p.
471 3561 514 3602 m.
534 3553 616 3620 588.
645 3554 677 3602 et
695 3541 820 3602 Politus
840 3537 879 3600 ad
902 3539 1041 3601 Eustatlr.
1056 3540 1090 3600 in
1107 3537 1237 3618 Dionys.
1258 3552 1289 3603 a.
1305 3544 1336 3608 8·

307 3655 339 3704 et
355 3661 388 3721 9.
410 3663 443 3724 p.
463 3661 530 3722 ¹99
548 3641 610 3723 sqq.
640 3641 843 3702 Ptolemaeus
866 3659 922 3720 per
941 3623 1113 3702 id‘ottinm
1131 3639 1197 3700 Nili
1213 3641 1336 3700 alveum

306 3763 409 3804 unum
425 3744 571 3812 deducit,
596 3761 692 3823 quem
714 3733 843 3824 ἀγαθὸν
858 3736 995 3829 δαίμονα
1014 3755 1124 3810 vocat,
1155 3741 1334 3802 Herodorus

308 3845 489 3925 simpliciter
521 3843 747 3905 occidentalem
780 3841 848 3901 Nili
878 3841 970 3902 dirisi
1003 3860 1142 3903 amnem.
1208 3843 1250 3903 At
1279 3852 1336 3898 tur·

307 3947 397 4016 bant,
428 3965 506 4025 quae
522 3945 556 4005 in
572 3945 755 4006 Ptolemaeo
773 3943 890 4003 adicem
910 3940 1092 4024 sequuntur.
1144 3943 1233 4004 Dicit
1255 3939 1335 4002 enim

308 4065 460 4131 magnum
475 4045 613 4107 llurium
632 4046 741 4114 illum,
767 4037 896 4126 ἀγαθὸν
919 4039 1073 4132 δαίμονα,
1101 4063 1262 4106 excurrere
1283 4052 1334 4120 per

309 4147 564 4211 Heracleoticum
582 4145 697 4211 ollium
714 4147 748 4208 in
765 4163 893 4207 amuem
910 4143 1143 4218 Buballiacum,
1169 4147 1227 4228 qui
1242 4137 1335 4208 effluit
