2892 4950
205 383 257 442 ru
286 385 423 445 tour.
452 359 558 443 mut.
597 385 679 446 ct.
721 383 852 451 cm
893 387 973 460 te·
1046 396 1108 467 tra

61 561 103 626 P.
123 581 157 625 ι.
178 579 213 644 p.
236 575 342 623 rouo.
384 559 524 622 Parrum
547 559 703 644 oppidum
725 559 831 633 fuisse.
856 581 896 626 ex
916 579 957 627 eo
971 561 1109 648 adparet.
1216 591 1219 598 ·

62 663 159 746 quod
175 663 340 744 Diogenee
351 659 490 740 Cynicue
503 681 576 723 cum
591 657 766 735 accessisset,
785 663 908 748 magnit
922 665 993 728 eiue
1007 667 1109 750 portia

63 762 178 826 inlusit
186 784 206 836 3-
218 765 232 840 (
239 763 402 846 Diogenea
421 763 522 824 Laert.
540 764 573 834 6.
591 765 671 841 57.)
697 763 780 827 bene
801 777 908 860 tamen
924 761 1013 829 suilla
1037 785 1108 829 mu·

63 869 185 934 nitam,
207 865 302 925 docet
317 863 487 926 Alexandri
501 863 548 927 M.
563 865 737 947 expeditio.
760 865 847 948 quod
862 867 967 949 primo
982 868 1108 950 impetu

61 967 149 1028 illud
173 985 286 1048 capere
306 983 374 1026 nou
397 977 538 1046 poteret,
572 963 624 1028 sed
647 964 773 1030 insectie
795 966 890 1032 rebut
909 966 995 1032 abite
1016 987 1108 1056 coge·
1148 1001 1155 1010 ·

61 1066 173 1130 batur.
198 1065 339 1147 (Anien.
355 1085 383 1128 c.
398 1067 441 1146 l.)
477 1067 519 1128 H.
537 1065 671 1130 Mendes
689 1066 710 1132 s.
728 1059 883 1161 Mentefi.

146 1231 443 1318 caryanda)
494 1235 550 1300 Gr.
583 1226 775 1324 chtloodo.
827 1235 965 1328 Insulam
990 1251 1108 1304 vocant

62 1335 182 1400 Strabo
204 1345 259 1416 14.
275 1355 308 1417 p.
325 1345 410 1414 452.
429 1333 449 1399 s.
467 1338 551 1415 658.
571 1351 604 1400 et
618 1339 730 1417 Scylax
744 1359 775 1421 p.
795 1339 970 1420 39.Huds.
996 1341 1053 1404 obi
1067 1342 1108 1404 lic

61 1457 123 1521 pro
147 1427 296 1523 Kptit‘adc
316 1439 444 1519 reponit
457 1437 496 1500 ad
513 1457 540 1502 c.
557 1438 579 1502 l.
616 1435 751 1511 Volsrua,
781 1443 836 1522 qui
858 1454 966 1504 temen
985 1455 1107 1506 arttttatt

60 1537 196 1621 pristina
218 1529 371 1600 sententia
391 1538 431 1599 ad
455 1539 597 1602 nolltum
620 1540 727 1602 locutu
748 1543 820 1602 vult
842 1537 1012 1608 Koltludc.
1062 1543 1107 1606 At

61 1639 143 1701 haec
171 1641 206 1700 in
227 1638 354 1718 Scylace
376 1637 419 1702 eu
447 1635 622 1728 lirilupua.
662 1638 713 1704 Cs.
738 1641 865 1704 Berkel.
889 1643 929 1706 ad
950 1644 1105 1728 Stephon.

60 1761 94 1822 p.
113 1748 206 1820 44ο.
243 1739 280 1800 ln
294 1738 406 1802 insulia
420 1759 496 1802 cum
511 1743 632 1824 oppido
647 1744 834 1828 cognomini
851 1743 991 1808 recenset
1007 1746 1105 1810 etiam
1197 1747 1204 1756 ’

61 1842 149 1904 Plin.
168 1852 209 1928 5.
229 1841 287 1920 56.
304 1839 325 1904 s.
344 1853 404 1920 31.
453 1841 575 1904 Urbem
592 1855 700 1906 nmen
721 1845 756 1906 in
777 1845 973 1908 continentie
995 1845 1106 1912 cratae

60 1943 159 2006 litore
192 1941 326 2024 politam
357 1939 464 2015 suiffe,
502 1944 690 2028 intelligitur
713 1963 753 2006 ex
779 1943 945 2009 Strabone.
996 1947 1041 2010 Et
1063 1946 1104 2010 lic

60 2044 192 2106 Pliniue
208 2055 243 2120 5,
263 2060 321 2122 29.
341 2043 409 2106 aliie
435 2043 544 2108 Cariae
569 2044 702 2108 urbibue
726 2045 888 2132 adiungit,
924 2046 1105 2131 Stephanue

60 2147 162 2208 etiam
186 2143 366 2225 simpliciter
386 2137 483 2208 πόλιν
502 2159 535 2206 et
558 2141 674 2234 λιμένα
696 2145 782 2210 dicit.
835 2147 882 2208 lta
903 2164 1021 2232 nempe
1042 2167 1102 2230 pro
1128 2209 1138 2225 ,

62 2241 184 2336 λίμνην
214 2245 260 2304 ibi
284 2243 424 2328 reposuit
443 2245 614 2310 Berkeliue
636 2267 676 2309 ex
696 2248 842 2328 Scylace.
876 2248 984 2330 itaque
1003 2249 1102 2314 etiam

60 2346 178 2430 reponi
196 2345 268 2406 vult
283 2347 315 2406 in
332 2346 496 2417 Strabone.
511 2346 563 2410 cui
577 2345 750 2411 adsentitur
763 2347 915 2412 Cellariue
931 2350 965 2412 in
982 2349 1102 2437 Geogt.

60 2461 129 2512 ant.
147 2460 181 2528 3.
200 2461 233 2516 o.
250 2459 310 2525 25.
345 2448 382 2509 ld
399 2449 530 2531 quidem
547 2467 587 2510 ex
602 2449 719 2512 vicinia
739 2450 935 2520 continentie
954 2451 1102 2536 explicari

59 2549 178 2620 dubet,
211 2559 245 2608 ut
266 2549 301 2609 in
322 2549 378 2610 lest
398 2549 456 2610 situ
472 2562 505 2611 et
526 2549 691 2614 Leucadia.
726 2547 933 2632 Cs.adtt.3,
953 2569 1009 2618 to.
1048 2553 1101 2616 ln·

59 2650 175 2712 claruit
200 2662 308 2710 autem
329 2649 404 2712 urbe
417 2650 561 2730 Scylace,
594 2671 691 2734 quem
711 2652 786 2714 ideo
803 2647 995 2740 Καρυανδέα
1019 2653 1122 2734 (Ιιοολ

58 2753 151 2814 enim
174 2751 296 2834 gentile
310 2749 494 2836 usurpatur)
515 2767 632 2816 vocant
646 2753 833 2830 Herodotua
848 2766 885 2834 4.
899 2763 960 2840 44.
987 2753 1116 2820 scibo

59 2867 92 2916 et
114 2850 311 2934 Stephanae.

136 3017 373 3102 Neapolis)
422 3018 573 3105 Neapolie
591 3023 625 3086 in
644 3021 734 3087 Caria
754 3023 850 3086 etiem
875 3043 892 3086 a
912 3023 1099 3089 Ptolemaeo

59 3136 93 3204 5,
111 3137 148 3186 2.
171 3135 309 3191 notatur.
333 3119 383 3184 sed
397 3140 437 3184 ex
453 3121 510 3184 litu
524 3122 564 3185 ad
578 3122 786 3186 Maeandrum
800 3143 899 3207 prope
917 3123 1099 3188 Orthosiam
1209 3170 1216 3176 -

58 3227 93 3286 in
120 3222 363 3285 mediterraneie
386 3221 531 3306 adparet,
563 3243 582 3286 a
606 3223 709 3288 nostra
729 3225 822 3310 plane
845 3224 906 3288 eise
931 3223 1097 3290 diversam.

56 3325 208 3390 Eandem
241 3325 338 3385 etiam
363 3323 501 3410 adtingit
527 3325 690 3390 Hierociee
711 3348 742 3410 p.
761 3327 845 3412 688.
880 3323 931 3392 sed
959 3325 1097 3390 nostram

56 3427 189 3492 Plinius
206 3437 240 3504 5,
262 3439 320 3510 29.
352 3443 449 3508 quare
468 3427 580 3490 minue
606 3441 689 3490 recte
721 3428 899 3491 Ptolemaei
924 3424 1096 3511 Neapolim

58 3530 128 3590 ltuc
142 3524 240 3590 resert
255 3526 447 3592 Harduinua.
480 3526 632 3590 Marmore
651 3549 684 3612 p.
703 3539 786 3608 248.
808 3544 842 3592 et
856 3527 974 3590 Melam
989 3541 1023 3590 et
1035 3527 1097 3590 Pli-

55 3632 154 3693 nium
174 3625 283 3690 erralle
304 3625 425 3698 censet.
454 3640 488 3691 et
506 3627 675 3712 Neapolim
698 3630 736 3690 ad
758 3628 855 3713 ipsam
874 3629 1035 3709 Myndum
1052 3630 1096 3691 ita

55 3728 166 3800 refert.
190 3740 228 3789 nt
243 3725 423 3811 obponatur
439 3728 635 3812 Astypalaeae
651 3727 672 3792 s.
689 3731 882 3815 Palaeopoli.
918 3729 1014 3794 Certe
1028 3731 1097 3794 Ste-

55 3833 184 3916 phanue
194 3821 221 3892 s.
234 3849 266 3893 v.
284 3823 417 3905 Mu'udor
434 3843 468 3892 et
483 3830 645 3896 Pliniuec.
659 3831 680 3894 l.
696 3827 947 3915 Palaemyndum
963 3843 1094 3896 norunt.

132 3999 158 4061 1
162 4019 185 4059 a
184 3987 216 4089 s
214 3997 228 4058 i
235 4017 255 4058 o
262 3995 282 4080 )
331 3997 419 4061 Haec
442 3996 546 4062 rursue
571 3999 741 4084 appellatio
767 3998 903 4064 ostendit
927 3999 973 4062 ibi
1004 3997 1095 4062 strilse

55 4099 174 4166 orbern
197 4087 314 4192 Iason,
352 4117 432 4186 quae
454 4101 618 4166 interdum
647 4100 723 4166 huic
746 4101 826 4166 linui
849 4120 970 4166 nomen
994 4102 1093 4168 dedit.
