2892 4950
346 424 409 489 55⁰
616 411 780 474 noran
819 413 1122 474 axaeertoaa
1252 429 1257 436 ·

351 611 369 652 a
397 587 593 668 Bebryeibna
617 589 731 650 incolis
756 589 835 650 olim
862 588 1054 670 adpellatum
1077 585 1167 650 inille
1188 586 1311 652 Charon
1330 585 1374 646 ad·

352 693 454 755 firmat
474 712 523 773 ap.
538 691 644 754 Schol.
663 691 767 772 Apoll.
784 692 821 750 ad
841 708 873 761 ω.
894 705 927 753 2.
979 693 1029 754 De
1045 691 1265 752 conditoribus
1281 703 1310 751 et
1326 703 1375 747 no·

352 794 441 854 mine
464 794 622 874 deinceps.
673 793 786 870 Scylax
809 813 839 874 p.
858 804 916 872 85.
933 789 1032 854 lindi.
1057 794 1091 853 in
1115 792 1269 876 Phrygia,
1294 805 1375 872 quam

352 895 564 972 alihyndaco
581 893 616 958 ss.
631 907 663 954 et
682 893 804 973 Myrlea
825 895 861 954 ad
878 893 1027 972 Abydum
1049 891 1186 974 profert.
1210 893 1318 975 ponit;
1347 891 1376 948 in

354 993 561 1076 Hellesponto
577 997 690 1059 Cicero
707 999 740 1056 in
760 999 843 1057 Verr.
867 1016 895 1066 ι,
915 1007 973 1074 94.
1000 995 1114 1058 Strabo
1133 1015 1161 1057 c.
1177 995 1200 1056 1.
1225 983 1376 1075 εὐλίμενον

294 1087 297 1094 ’
350 1091 410 1176 ¹uari
437 1085 631 1184 ἀξιόλογον.
665 1091 720 1159 καὶ
743 1093 852 1172 καλῶς
879 1093 1103 1184 συμμὲνουσαν
1121 1107 1233 1168 voeat;
1271 1087 1377 1157 εὔοινον

352 1197 550 1278 Stephanna.
579 1194 838 1263 πολυοινότατον
860 1198 1069 1277 Thucydides
1090 1219 1118 1266 ι.
1145 1207 1225 1278 138.
1258 1209 1291 1259 et
1310 1211 1376 1275 quat

355 1293 597 1386 ἀμπελόφυτον
625 1294 741 1386 χώραν
768 1293 896 1384 πολλὴν
918 1300 1062 1360 habuerit
1086 1302 1225 1360 Diodor.
1249 1300 1310 1361 sic.
1332 1315 1376 1363 ¹¹·

354 1409 415 1476 57.
431 1397 452 1460 i.
480 1402 595 1481 quade
613 1399 699 1462 eausa
715 1403 811 1462 etiam
827 1401 1032 1463 Themistocli
1055 1403 1134 1463 olim
1158 1402 1197 1462 ab
1223 1403 1379 1462 Artaxerxe

353 1500 442 1563 dono
458 1501 527 1562 deta
543 1499 612 1570 fun,
635 1515 672 1562 ut
687 1503 805 1565 constat
820 1523 858 1564 ex
873 1502 1065 1581 Thucydide
1081 1523 1106 1564 c.
1118 1503 1139 1564 l.
1167 1501 1321 1564 Strabone
1335 1509 1379 1576 ¹3·

352 1621 388 1684 p.
404 1611 490 1684 494.
508 1601 529 1664 l.
546 1616 631 1681 587.
657 1605 831 1687 Stephano.
855 1603 984 1685 Nepote
1007 1606 1039 1665 in
1054 1603 1210 1666 Themill.
1234 1623 1260 1666 e.
1284 1619 1336 1668 to.
1352 1611 1380 1674 3.

352 1715 387 1764 et
405 1703 574 1766 Ammiano
586 1721 645 1774 22.
663 1717 697 1783 8.
724 1706 844 1767 Locum
861 1702 963 1788 ipsum
979 1693 1166 1792 εὖᾶμπελον
1182 1701 1381 1788 Gergethium

354 1805 478 1864 dictum
512 1806 655 1867 adfirmat
685 1807 798 1869 Strabo
821 1821 875 1884 13.
906 1827 939 1889 p.
962 1819 1034 1886 405
1064 1805 1085 1870 l.
1111 1819 1193 1886 589.
1247 1803 1381 1867 Obiceno

353 1903 459 1987 Priapi
475 1911 563 1969 cultu
578 1909 715 1970 maxime
729 1911 882 1979 innotuit,
908 1909 947 1969 de
963 1927 1027 1988 qno
1043 1909 1225 1970 Athenaeus
1248 1929 1276 1976 t,
1294 1919 1347 1983 23.
1362 1897 1380 1962 f·

354 2009 499 2090 p.3o.l.
523 2021 631 2090 ι,54.
665 2011 720 2092 qui
748 2009 906 2072 Bacchum
941 2009 1080 2070 eundem
1107 2009 1166 2070 elle
1199 2011 1297 2072 addit.
1337 2000 1381 2064 Cl.

356 2109 455 2170 Ovld.
474 2109 584 2174 Fastor.
606 2113 639 2182 6.
659 2122 742 2191 845.
768 2111 860 2173 Trill.
877 2131 906 2182 ι,
927 2131 980 2180 ιο.
1000 2109 1057 2174 26.
1084 2109 1215 2173 Panlan.
1233 2129 1267 2191 9.
1285 2121 1338 2189 31,
1355 2123 1381 2166 a.

356 2230 451 2292 quma
487 2203 776 2304 Hellespontiucum
807 2215 961 2292 Priapum
994 2215 1027 2274 in
1060 2212 1194 2296 Virgilio
1223 2214 1380 2293 Georg.4.

360 2333 376 2376 1
392 2333 443 2378 tt.
467 2313 530 2375 huc
545 2313 638 2376 refert
655 2314 794 2385 Servius.
813 2329 844 2377 et
863 2313 1103 2381 Demosthenen.
1123 2314 1199 2376 telle
1218 2313 1380 2396 stephano.

355 2414 470 2475 urbem
499 2436 515 2475 u
541 2415 653 2497 Priapo
683 2417 843 2477 conditam
866 2413 954 2477 inille
978 2415 1159 2478 tradiderat.
1213 2416 1288 2477 fata
1307 2411 1380 2474 urbit

355 2513 551 2597 persequitur
578 2517 728 2600 Vinding.
753 2517 787 2576 in
810 2517 943 2577 Hellene
965 2538 999 2603 p.
1018 2529 1103 2598 428.
1162 2517 1259 2578 Tulit
1284 2513 1380 2578 eadent

355 2616 444 2677 viror
472 2617 599 2686 doctor.
642 2617 843 2688 chironem,
883 2617 1085 2687 historicum,
1128 2617 1335 2680 Adimantum
1355 2621 1382 2672 et

356 2716 588 2780 Anaximenem
613 2718 767 2789 rhetoras,
791 2747 840 2762 -·-
865 2719 1112 2799 (Straboni.)
1163 2717 1206 2780 Η.
1231 2707 1381 2808 Lamse-li.

357 2820 408 2881 De
422 2819 479 2879 litu
495 2821 563 2882 eiut
577 2815 617 2881 ci.
628 2819 777 2882 Pococke
791 2821 831 2883 T.
845 2833 877 2902 5.
895 2842 928 2907 p.
945 2823 1025 2887 162.
1051 2819 1106 2906 qui
1121 2833 1249 2907 praeter
1265 2831 1383 2884 mutum

356 2921 444 2984 nulla
458 2921 504 2982 ibi
519 2923 630 2984 rudera
646 2922 739 2984 vidit.

433 3069 657 3154 Phocaeis)
707 3071 798 3134 ldem
828 3073 957 3134 tradunt
983 3068 1180 3157 Stephanua.
1213 3071 1387 3150 Polyaenon

359 3187 393 3252 8.
409 3187 468 3252 37.
492 3195 587 3260 quare
604 3194 662 3257 pro
676 3171 811 3238 Φωκέων
827 3176 911 3259 apud
928 3177 1127 3260 Stephanum
1145 3173 1167 3238 l.
1183 3194 1215 3236 ν.
1232 3165 1388 3257 ’Δβαρννς

356 3277 419 3360 leg.
443 3273 605 3342 Φωκαέων
626 3289 710 3337 reete
733 3291 907 3348 monetur.
935 3297 1014 3360 quae
1037 3275 1249 3340 commutatio
1270 3275 1314 3338 eli
1337 3270 1389 3334 [ω-

355 3397 468 3462 queue.
504 3375 767 3456 Cl.ad2,5‚3.

432 3547 572 3590 noman
598 3550 647 3590 err
672 3549 714 3588 eo
736 3527 813 3610 -)
863 3527 943 3597 Alii,
970 3543 1006 3590 ut
1028 3529 1227 3610 Stephanut.
1262 3527 1389 3606 Polyae-

243 3619 246 3628 ’
356 3649 429 3699 uua,
453 3629 643 3693 Plutarchue
660 3649 723 3692 oe.
741 3630 791 3691 l.l.
815 3649 832 3689 a
849 3629 1015 3713 Lamplece
1031 3633 1134 3714 puella
1149 3631 1282 3694 ducunt.
1309 3630 1389 3692 Cum

356 3731 441 3796 Mala
464 3743 571 3796 tamen
598 3728 672 3794 iacit
692 3743 802 3792 auctor
823 3731 968 3809 Etymol.
987 3732 1034 3794 M.
1060 3753 1092 3816 p.
1108 3733 1193 3808 556.
1247 3735 1294 3794 lta
1316 3745 1388 3790 vero

356 3831 502 3896 fulminis
538 3832 660 3918 fignum
694 3832 805 3894 datum
828 3831 962 3896 Seleuco
992 3835 1027 3894 in
1053 3833 1219 3895 condenda
1242 3833 1387 3896 Seleucia·

355 3935 505 4020 (dpplan.
529 3935 564 3994 ln
587 3935 657 4015 Syr.
674 3953 702 3996 e.
717 3945 777 4011 58.
792 3933 854 4018 in.)
877 3947 911 3994 et
933 3935 973 3995 de
991 3935 1141 3997 Hermaia
1160 3933 1259 3995 limile
1276 3929 1388 4014 aliquid

354 4034 452 4102 refert
478 4035 591 4101 Strabo
609 4054 643 4120 9.
667 4053 740 4122 pag.
763 4046 848 4117 278.
866 4031 889 4101 l.
905 4045 993 4122 404.
1040 4033 1092 4104 Cf.
1116 4029 1198 4100 inira
1222 4035 1263 4100 ad
1286 4037 1316 4119 ς.
1337 4029 1386 4113 '14-

356 4138 396 4204 αθ
423 4143 542 4225 (ΨΜ.
569 4215 573 4223 1
