2892 4950
336 396 401 464 toa
607 385 768 446 uoraa
807 388 1106 448 aracarrcaa

336 563 413 625 vius
428 561 469 626 ad
483 561 596 646 virgil.
612 560 691 626 Aen.
707 572 742 640 4,
760 569 843 642 545.
870 561 1052 645 Apollinem
1074 563 1109 623 in
1130 550 1278 644 Grynaeo¹
1293 561 1357 623 luco

336 682 439 747 prope
455 663 662 726 Clazomenas
674 663 796 725 cultum
811 660 909 734 inille.
931 664 1212 727 indicatlluratiua
1224 665 1358 726 Sermon.

239 827 247 836 ,
342 785 372 836 1,
399 780 432 841 7,
458 775 492 841 5.
544 765 634 826 Idem
657 783 744 826 error
765 767 908 826 manavit
928 765 967 826 ad
982 777 1124 828 auctores
1146 765 1216 828 hill.
1232 761 1359 826 uuiverl.

337 867 436 930 Tom.
453 869 486 930 6.
508 886 540 948 p.
559 879 644 944 229.
696 866 739 927 At
764 863 860 928 refert
881 865 994 928 Strabo
1014 875 1068 944 14.
1092 886 1124 947 p.
1139 861 1226 945 444.
1248 864 1360 947 [645.

336 967 499 1052 pristinam
524 963 630 1028 ledam
656 961 745 1029 luille
770 968 805 1028 in
826 969 915 1038 loco.
950 987 1047 1049 quem
1079 967 1244 1050 Chyarium
1266 979 1358 1030 tout.

338 1070 431 1132 ldem
455 1067 564 1130 etalii
587 1067 737 1139 innuunt,
771 1067 826 1130 etfi
853 1081 977 1131 mutato
1001 1069 1115 1130 leviter
1139 1070 1290 1138 nomine.
1317 1065 1361 1127 ml

283 1242 286 1252 Ι
337 1170 456 1232 docent
476 1169 515 1230 ad
534 1167 724 1232 Strabonem
740 1167 941 1233 casaubonus
958 1182 992 1232 et
1007 1170 1190 1242 Penzellua,
1214 1170 1267 1232 laic
1278 1169 1317 1231 T.
1331 1181 1361 1244 3.

335 1291 407 1356 pag.
429 1281 535 1350 1892.
558 1289 597 1331 ex
618 1269 717 1352 priori
737 1271 879 1352 quidem.
929 1272 1061 1334 Secutae
1084 1285 1194 1336 tamen
1208 1269 1279 1333 lunt
1294 1269 1361 1332 aliae

335 1373 539 1434 mutationes.
568 1369 694 1452 Nempe
708 1372 830 1434 incolae
838 1370 1001 1434 Feriarum
1017 1387 1108 1435 metu
1123 1374 1226 1435 territi
1240 1375 1275 1433 in
1289 1369 1361 1432 inlu·

335 1473 399 1534 lam
420 1473 555 1553 aliquam
577 1468 779 1545 lecellerunt,
801 1471 949 1552 (Paulan.
965 1489 997 1548 7,
1015 1488 1048 1550 5,
1065 1479 1122 1554 5.)
1155 1475 1190 1536 in
1213 1493 1275 1556 qua
1295 1469 1362 1534 belli

335 1571 597 1656 Peloponnefiaci
615 1585 761 1654 tempore
781 1571 889 1645 luisse,
915 1594 955 1636 ex
974 1575 1167 1656 Thucydide
1185 1586 1219 1651 8,
1245 1583 1298 1654 14.
1316 1571 1362 1634 ad·

333 1687 433 1758 paret.
472 1673 557 1737 Cum
573 1674 752 1734 continenti
768 1695 838 1736 eam
859 1677 1054 1760 coniungere
1070 1697 1185 1761 aggere
1204 1675 1285 1738 lacto
1300 1687 1362 1736 ten·

284 1785 285 1790 ’
332 1777 415 1840 tavit
430 1775 617 1846 Alexander,
639 1773 823 1850 (Pausaniae
838 1797 864 1838 c.
879 1777 921 1854 1.)
947 1777 1031 1859 quud
1050 1791 1083 1840 et
1096 1775 1218 1840 lactum
1235 1775 1361 1844 videtur,

333 1881 407 1962 quia
422 1889 565 1939 auctores
578 1878 611 1938 in
626 1878 803 1940 continenti
826 1893 965 1961 ponunt.
1014 1879 1106 1962 Quae
1121 1879 1255 1961 quidem
1274 1875 1362 1958 expli·

332 1981 396 2043 cari
416 1979 535 2041 debent
552 1998 591 2040 ex
610 1977 775 2042 Strabonis
796 1981 975 2042 narratione
995 1979 1036 2041 de
1059 1979 1159 2062 prisca
1179 1981 1268 2042 urbia
1288 1977 1361 2046 leda.

332 2095 368 2144 et
388 2081 454 2143 fitia
474 2095 547 2142 ante
569 2079 776 2144 Clazomenae
799 2082 976 2160 aminutie
1003 2079 1129 2153 infulis,
1165 2101 1261 2164 quam
1286 2081 1361 2142 bene

332 2184 465 2246 adiuvat
478 2179 629 2244 Pococke
646 2181 687 2243 T.
703 2195 735 2261 5.
752 2203 785 2264 p.
801 2202 847 2244 m.
867 2193 913 2262 59
931 2181 974 2264 lq.
1021 2183 1159 2245 Portum
1174 2183 1265 2244 urbia
1284 2199 1361 2244 coru·

331 2297 491 2348 memorat
510 2282 622 2362 Scylax
636 2303 664 2348 c.
679 2283 701 2346 l.
725 2295 758 2345 et
779 2299 834 2346 ra.
855 2285 964 2345 lonlae
979 2283 1112 2346 urbibue
1128 2285 1164 2344 in
1182 2285 1284 2364 Lydia
1301 2281 1360 2366 qul·

332 2386 426 2457 dem,
455 2386 580 2466 dequo
604 2382 706 2467 lupra‚
736 2384 922 2447 adnumerat
945 2403 1020 2446 cum
1042 2386 1111 2448 aliia
1130 2385 1316 2450 Herodotua
1331 2401 1358 2452 11

336 2497 419 2566 142.
437 2497 470 2548 et
488 2501 519 2556 a,
545 2496 626 2562 178.
669 2485 761 2548 Vlc'to
794 2485 953 2547 Antiocho
979 2505 1114 2570 magno.
1148 2488 1260 2566 Syriae
1281 2503 1358 2568 rega.

330 2587 572 2648 immunitatem
593 2585 706 2666 incolia
725 2585 943 2648 concellerunt
962 2587 1100 2650 llomani
1120 2601 1154 2649 et
1172 2583 1358 2668 Drymulm

328 2685 480 2759 insulam,
505 2683 600 2768 (Liv.
619 2695 676 2764 58,
699 2699 757 2766 59,
779 2685 836 2770 9.)
868 2707 963 2770 quam
991 2689 1089 2752 hodie
1120 2689 1222 2752 Turci
1253 2695 1360 2750 vocant

330 2789 469 2852 Kiurliu.
492 2783 662 2873 (Pococke
677 2789 717 2850 T.
729 2802 762 2866 5.
777 2808 809 2870 p.
828 2807 872 2850 m.
888 2785 967 2871 61.)
989 2789 1062 2852 Poll
1079 2790 1241 2874 Augustus
1257 2787 1359 2850 iullau·

330 2889 404 2952 aelle
428 2903 482 2952 aut
505 2887 620 2951 auxlffe
641 2889 784 2961 videtur,
816 2893 887 2971 quin
906 2909 1037 2974 κτιστης
1059 2891 1092 2952 in
1114 2894 1223 2954 numia
1240 2889 1359 2972 quibua·

330 2993 404 3055 dam
419 3005 566 3078 uocatur.
576 2989 716 3070 (Eclrlrel
730 2992 764 3051 in
778 2991 977 3054 doctr.num.
991 2991 1028 3054 P.
1045 3012 1073 3054 1.
1089 2992 1162 3054 Vol.
1175 3007 1208 3056 a.
1224 3012 1258 3074 p.
1268 2989 1360 3069 510.)

329 3095 423 3156 Tulit
438 3095 554 3156 clarum
571 3091 675 3154 civem
689 3092 915 3176 Anaxagoram,
936 3091 1111 3174 physicum.
1137 3093 1268 3170 (Strabo
1284 3111 1310 3154 c.
1325 3091 1360 3168 l.)

329 3197 370 3259 ln
392 3195 526 3258 nomine
547 3193 703 3255 hodierno
725 3196 873 3256 variatur.
915 3195 1043 3276 Dapper
1064 3192 1178 3270 (Allen
1200 3215 1234 3277 p.
1260 3189 1359 3270 262.)

329 3316 370 3360 ex
400 3293 629 3358 recentioribus
653 3291 755 3356 adfert
782 3293 893 3364 Grine,
925 3294 1040 3365 little.
1073 3293 1249 3358 mauman.
1299 3293 1358 3355 Pro

333 3395 369 3462 V
368 3397 461 3458 curta
478 3393 559 3480 (tic)
583 3407 690 3456 tamen
710 3407 831 3478 pugnat
848 3393 997 3457 Pococke
1010 3397 1052 3458 T.
1070 3409 1101 3475 5.
1117 3415 1150 3476 p.
1163 3417 1208 3458 m.
1220 3408 1280 3476 59.
1305 3391 1358 3455 uhi

329 3499 421 3582 plura
442 3499 482 3560 de
498 3497 557 3558 satu
575 3493 663 3557 urbis
684 3495 843 3578 leguntur.
883 3495 989 3557 Hodie
1015 3497 1049 3556 in
1073 3498 1177 3558 ruinie
1199 3499 1298 3567 iacet,
1328 3505 1359 3556 et

329 3619 428 3686 pauca
443 3599 557 3660 rudera
578 3597 705 3658 invenit
718 3595 887 3666 Chandler.
915 3594 1006 3657 lleile
1027 3617 1059 3678 p.
1075 3611 1156 3676 123.
1207 3599 1303 3660 Plura
1321 3595 1358 3656 de

329 3699 408 3763 urbe
432 3699 482 3762 illa
504 3697 626 3760 dabunt
650 3697 778 3760 Motelll
799 3698 832 3758 lu
851 3695 977 3778 specim.
993 3701 1040 3758 rei
1062 3717 1153 3761 num.
1168 3719 1200 3780 p.
1219 3715 1303 3760 taur.
1327 3705 1358 3756 et

329 3801 508 3866 Banduriue
521 3801 562 3862 T.
582 3819 612 3860 1.
634 3795 783 3860 numism.
799 3817 832 3879 p.
854 3811 935 3876 155.
986 3797 1139 3861 Ceterum
1155 3799 1243 3861 laune
1258 3797 1356 3859 Melae

330 3905 371 3967 de
387 3904 550 3982 utrimque
570 3899 657 3960 urbia
679 3897 737 3960 litu
759 3900 866 3960 locum
880 3897 991 3961 Strabo
1011 3909 1067 3978 14.
1089 3919 1122 3981 p.
1138 3907 1222 3982 445.
1240 3898 1262 3966 l.
1276 3900 1356 3976 644.

328 4009 372 4069 ita
388 4001 549 4066 inlustrata
573 3997 615 4066 rc*
630 3991 810 4068 xu‘raouacli
830 3995 951 4093 ἰσθμοῦ
970 3995 1111 4092 alaupdt
1125 3995 1241 4088 ἔχουσι
1256 3995 1355 4090 Talion

328 4100 372 4174 ru*
395 4100 429 4172 δὲ
448 4097 631 4196 rpc'ollapov
652 4097 879 4196 Κλαζομένιοι.
