2764 4954
334 397 396 463 ιω
452 427 456 432 .
602 387 782 468 nomn¹
806 387 1108 447 nxnoerrctu

334 581 385 624 ree
406 573 439 623 et
459 560 657 624 incredibilia
678 580 797 643 paene.
832 561 898 622 tam
920 562 1040 625 vallum
1062 577 1212 626 terrarum
1233 573 1343 624 tractum

333 663 478 726 humano
495 663 601 726 labore
622 683 764 744 unquam
778 661 879 725 effodi
901 676 933 724 et
953 666 1096 726 excavari
1116 663 1253 748 potuisse.
1284 679 1344 722 ror·

334 785 419 829 etus.
471 763 645 846 Obstupuit
665 761 729 846 iple
746 763 930 826 Herodotur
946 779 979 826 et
1001 767 1039 826 ad
1056 767 1272 848 quaestionem,
1295 778 1344 844 quo

336 879 499 949 exportata
519 863 622 928 fuiffet
645 864 745 950 egesta
767 878 864 936 terra.
888 865 1073 948 responsum
1090 869 1180 946 tulit,
1207 870 1238 929 in
1253 864 1346 926 Nilum

335 965 426 1030 fuiffe
451 968 623 1039 deiectam,
655 967 741 1048 quod
765 985 798 1037 2,
821 979 900 1044 ¹5⁰·
923 967 1064 1030 inlustrat
1085 966 1199 1032 effoffis
1219 963 1348 1030 cuniculir

335 1071 375 1132 ad
398 1089 508 1154 gazam
528 1067 729 1152 Sardanapali
752 1065 945 1150 spoliandam
962 1072 1050 1134 actir.
1100 1072 1162 1134 Sed
1184 1083 1262 1132 reete
1277 1064 1349 1128 dubi·

335 1171 417 1234 tavit
434 1164 574 1241 vossius,
604 1171 655 1231 cui
670 1169 767 1233 etiam
788 1165 909 1253 praeter
926 1171 1004 1234 alios
1024 1169 1241 1234 adsentiuntur
1254 1164 1350 1230 wette-

335 1273 414 1356 ling.
428 1272 467 1333 ad
484 1271 620 1334 Diodor.
638 1293 666 1343 r,
686 1283 744 1350 51.
769 1284 802 1333 et
815 1270 963 1335 Pococke
977 1275 1018 1336 T.
1034 1293 1062 1334 ι.
1079 1293 1111 1355 p.
1121 1287 1181 1352 93.
1205 1273 1257 1354 qni
1271 1267 1351 1330 hodie

335 1373 576 1456 longitudinem
598 1373 645 1433 illi
669 1370 783 1432 tribuit
805 1385 852 1449 50
876 1373 1068 1445 miliarium,
1095 1375 1291 1436 latitudinem
1310 1386 1353 1431 to.

336 1471 480 1536 Volsrum
494 1471 631 1536 refutare
646 1473 767 1536 studuit
787 1473 954 1536 d'Anville
970 1475 1013 1536 du
1032 1471 1145 1539 [chene
1160 1476 1313 1562 Egyptian
1328 1469 1354 1528 iu

335 1574 514 1640 Mernoirea
529 1605 577 1620 -
594 1575 635 1638 de
650 1575 739 1638 Paris
753 1575 852 1639 Tum.
870 1575 928 1642 26.
945 1595 976 1658 p.
995 1589 1055 1656 89.

413 1775 575 1860 altior)
618 1776 804 1840 Herodotus
822 1795 854 1849 n,
876 1788 956 1856 ²49·
972 1777 1068 1841 habet
1080 1774 1191 1855 βάθος
1207 1794 1360 1862 erumnae·

337 1873 505 1966 τὸργυιον,
526 1879 745 1944 consentiente
759 1879 853 1941 etiam
870 1881 1016 1942 Diodoro
1032 1900 1059 1943 c.
1073 1881 1095 1944 l.
1122 1882 1148 1942 tt
1165 1882 1269 1943 Plinio
1284 1890 1314 1954 5.
1331 1894 1359 1953 9.

338 1981 525 2045 adferuntur
551 1995 597 2060 5⁰
626 1981 743 2064 pollue.
774 1982 831 2062 qui
854 1977 936 2050 lere,
969 2001 1042 2042 cum
1068 1997 1088 2058 5
1118 1984 1216 2064 perles
1239 1978 1361 2044 efficiant

338 2083 458 2168 palium
473 2103 594 2156 unum,
614 2097 647 2146 et
664 2077 818 2171 o’ppuni‘fi
834 2082 966 2163 pedibus
982 2081 1120 2152 conllet.
1146 2085 1280 2145 eandem
1295 2077 1363 2140 lurn-

339 2207 427 2248 mam
450 2185 567 2248 reddit.
618 2185 744 2267 Nempe
771 2175 884 2269 o'ppuui
910 2182 1081 2266 respondet
1106 2182 1171 2246 fere
1195 2183 1288 2268 pallui
1310 2181 1363 2241 Ilo·

340 2307 448 2358 mano,
475 2287 561 2348 uude
576 2289 672 2348 etiam
690 2286 794 2346 Latini
813 2298 966 2355 auctores,
993 2285 1048 2345 ubi
1068 2285 1203 2346 verbum
1222 2285 1364 2346 Graecum

340 2388 578 2468 interpretando
600 2386 758 2457 reddunt,
788 2378 898 2475 paffus
921 2405 1041 2467 ponere
1059 2383 1176 2456 [olent.
1204 2389 1253 2446 uti
1267 2383 1365 2446 multis

340 2489 449 2550 docuit
465 2489 654 2550 Perizonius
669 2490 707 2548 aul
725 2489 845 2552 Aelian.
865 2488 904 2550 V.
920 2487 961 2547 H.
982 2503 1035 2567 to,
1053 2503 1112 2550 22.
1152 2483 1251 2563 Quotl
1272 2498 1365 2548 autem

340 2585 481 2672 aglollis
498 2590 579 2650 male
601 2609 658 2670 per
673 2588 780 2649 uittam
800 2588 919 2672 exponi
939 2589 1033 2660 dicit,
1059 2588 1241 2650 adversatur
1256 2586 1368 2650 Plinius

344 2693 402 2770 36,
425 2709 479 2769 19.
497 2689 517 2752 l.
537 2704 568 2770 5.
601 2690 655 2772 qui
684 2691 762 2751 dicit
784 2688 968 2772 pyramides
989 2689 1267 2772 quadragenorum
1291 2687 1366 2748 ultra·

341 2814 426 2864 rum,
456 2793 511 2852 ubi
534 2793 720 2854 Herodotus
741 2807 775 2858 Ω.
801 2801 883 2870 148.
905 2787 929 2852 f.
960 2789 1055 2852 hebet
1081 2793 1218 2854 totidem
1242 2779 1368 2877 ὀργυιάς.

341 2891 393 2959 Cf.
421 2907 454 2956 et
487 2893 653 2958 Rambach
684 2894 724 2956 ad
754 2893 878 2956 Porteri
910 2891 1140 2978 Archaeologie
1163 2927 1215 2946 -
1248 2891 1320 2956 Vol.
1342 2899 1368 2966 3.

340 3017 374 3080 p.
400 3012 486 3060 202.

418 3195 626 3280 navibus)
676 3195 753 3258 Non
777 3195 818 3261 ic.
840 3195 947 3280 longis
969 3199 1022 3260 vel
1046 3197 1184 3269 bellicio.
1216 3216 1296 3280 quae
1315 3209 1368 3255 nou

344 3316 408 3364 tam
424 3301 500 3370 alte.
534 3301 683 3380 quoniam
707 3299 820 3360 harum
843 3301 1070 3381 contemplatio
1093 3302 1180 3361 nulla
1202 3298 1304 3383 potest
1322 3291 1368 3356 elit

344 3407 379 3464 in
399 3399 615 3485 profunditate
630 3401 786 3471 notanda.
815 3419 875 3462 nec
894 3400 964 3461 illae
979 3413 1068 3462 erant
1091 3415 1144 3462 aut
1163 3401 1205 3463 fic
1229 3413 1368 3464 oneratae

344 3519 400 3566 aut
417 3503 454 3564 stc
470 3499 643 3571 fabricatae,
665 3515 701 3560 ut
715 3503 854 3574 carinae;
879 3521 973 3582 quare
991 3523 1087 3565 naver
1105 3506 1263 3565 mercium
1281 3497 1368 3568 tumn.

333 3591 379 3668 'et
392 3606 541 3677 miratur,
569 3617 683 3666 terram
702 3603 745 3664 ita
762 3601 921 3666 deledille.
955 3621 981 3666 r.
1003 3622 1203 3666 ououovrvs
1215 3603 1300 3666 MS.

420 3796 742 3896 Psammetichi)
792 3805 830 3866 ln
847 3803 973 3866 Graecis
990 3803 1063 3866 libri
1084 3806 1229 3888 plerique
1249 3796 1368 3892 pappi

345 3928 453 3992 τιχος,
478 3902 588 3988 palltm
602 3911 698 3968 etiam
712 3903 937 3994 Ψαμμίτιχος,
958 3908 1209 3970 utetScholiast.
1230 3903 1368 3986 Aristoplt

348 4010 387 4070 ad
411 4009 542 4070 Plutum
562 4029 595 4071 v.
617 4019 696 4083 173.
725 4009 765 4066 de
786 4026 851 4088 quo
874 4003 915 4070 cf.
935 4005 1117 4093 Weffeling.
1137 4011 1176 4072 ad
1202 4011 1368 4072 Dioclent

350 4110 410 4174 66.
424 4177 427 4184 ,
441 4109 525 4172 illud
542 4109 683 4192 plerique
696 4106 850 4191 probant,
873 4109 1062 4174 Latinorum
1078 4108 1135 4196 usu
1153 4114 1368 4178 confirmatum
