2922 4958
346 385 411 465 67⁶
618 387 781 488 noran
821 390 1126 448 axiomata

417 551 617 654 sinuatus
642 559 808 642 cetera)
861 564 887 624 l.
905 583 935 626 e.
957 561 1134 628 fecundum
1156 567 1278 648 reliqna
1294 565 1373 627 litora

348 665 384 728 lu
398 663 501 725 linum
517 666 632 726 leniter
646 663 685 724 ab
695 664 818 748 angulis
830 663 943 730 flexus.
969 666 1097 729 Flaccus
1111 667 1165 730 lib.
1177 679 1212 748 4.
1230 668 1279 747 [v.
1289 669 1373 746 727]

349 777 446 849 atque
459 765 538 826 ltaea
551 765 716 843 Europam
733 767 840 828 curvis
852 757 1057 856 anfractibus
1078 771 1189 850 angit:
1209 767 1251 859 [l.
1269 781 1375 850 urguet.

349 885 387 932 ut
408 869 480 930 vult
502 859 669 950 Heinliuo]
704 862 903 960 HaaAstam
926 867 1104 952 Scythicum
1117 861 1226 962 specie
1248 883 1376 933 mutatur

349 989 386 1032 aa
405 989 524 1032 areum.
557 986 741 1031 vanuum.

427 1183 574 1234 eontra
599 1168 752 1253 minus)
803 1171 843 1234 ln
866 1172 1049 1238 meridiem.
1090 1173 1174 1236 Nam
1199 1176 1233 1238 in
1258 1172 1378 1257 [eptem-

350 1275 489 1337 trionem
506 1274 618 1336 dextro
633 1287 666 1334 et
679 1273 797 1335 liuiiiro
814 1275 933 1336 circum
948 1278 1027 1337 eirca
1042 1275 1256 1339 Ciormerium
1272 1273 1378 1356 Bospo-

351 1397 424 1439 rum
441 1376 533 1436 litore
548 1374 713 1457 paullatim
729 1389 761 1436 et
775 1375 889 1437 leniter
904 1374 932 1437 le
946 1376 1056 1448 flectit,
1071 1375 1268 1463 instigatque.
1286 1377 1377 1438 donec

350 1497 408 1560 per
424 1477 558 1561 angulos
573 1489 696 1538 rectum
709 1475 784 1538 litut
800 1479 951 1562 attinget,
975 1479 1061 1560 quod
1079 1481 1131 1550 fit.
1157 1493 1194 1539 ut
1208 1497 1296 1542 arcuo
1313 1475 1378 1537 teni

351 1576 488 1662 speciem
515 1577 638 1640 habeat.
703 1575 788 1638 Nam
819 1578 1057 1658 Bithynorum,
1090 1580 1330 1664 Paphlagonum
1353 1589 1379 1636 et

351 1679 579 1762 Cappadocum
600 1679 676 1742 litua
697 1693 820 1741 rectum
840 1679 974 1742 chordae
998 1679 1101 1742 tensae
1127 1679 1314 1764 respondet,
1341 1695 1379 1738 re·

350 1781 436 1863 liqua
463 1781 501 1842 ab
528 1781 651 1865 angulis
676 1795 759 1842 trane
782 1781 996 1843 Cimmerium
1018 1781 1134 1844 flexura
1159 1802 1267 1843 arcum
1289 1783 1379 1842 incur·

352 1902 433 1946 rum
452 1883 569 1944 reddit.
608 1883 750 1943 Laevum
768 1895 877 1942 autem
891 1897 924 1944 et
939 1883 1085 1944 dextrum
1105 1881 1281 1946 fecundum
1298 1883 1380 1942 latera

353 1999 442 2048 ortua
457 1981 642 2072 occasusque
659 1981 809 2044 sumenda
824 1981 906 2046 lunt.
934 1981 1007 2044 Elio
1022 1985 1111 2046 aliter
1127 1985 1225 2046 Ponti
1244 1985 1381 2046 dextrum

352 2083 541 2150 astrabone
557 2097 694 2169 ponatur
710 2083 765 2146 lib.
782 2099 836 2147 aa.
861 2077 914 2169 [p.
932 2097 1014 2166 373.
1032 2082 1053 2148 i.
1071 2081 1177 2174 541.]
1204 2101 1379 2147 vauraure.

357 2187 482 2250 Contra
503 2186 567 2248 hoc
589 2184 632 2248 eli
654 2187 692 2248 ad
717 2183 993 2268 septemtrionem,
1022 2186 1169 2248 dextram
1193 2221 1237 2234 -
1266 2187 1326 2248 hoc
1346 2181 1382 2244 eli

354 2289 394 2350 ad
417 2291 576 2350 orientem
596 2302 628 2351 et
651 2287 862 2350 occidentem.
896 2306 1036 2352 tooure.
1088 2289 1236 2350 Aliorum
1262 2288 1381 2369 expliea-

353 2391 460 2455 tionea
482 2389 556 2451 dedi
579 2391 611 2451 in
635 2389 722 2451 notia
743 2390 861 2450 criticie
882 2410 914 2472 p.
933 2401 1004 2466 577
1023 2387 1084 2470 sqq.
1127 2390 1230 2451 Locus
1256 2386 1380 2450 disiectis

352 2490 434 2552 lucia
464 2492 560 2551 radlia
587 2489 746 2554 obscurus.
797 2489 876 2551 Eiua
909 2491 1079 2576 explicatio
1105 2489 1268 2575 propolim
1292 2488 1331 2554 eli
1351 2489 1380 2548 io

352 2592 439 2654 notit
454 2592 570 2652 criticis
588 2612 621 2674 p.
637 2605 723 2670 579.

429 2790 645 2877 mollibus)
696 2793 826 2856 Leniter
839 2806 872 2854 et
894 2795 1056 2878 paullatim
1076 2795 1184 2864 litora.
1204 2815 1287 2876 quae
1302 2792 1383 2855 tnta

354 2895 514 2978 eliquanto
537 2895 700 2965 distabant.
727 2896 885 2958 contrahit
905 2898 938 2958 in
959 2898 1065 2966 artiue,
1091 2914 1128 2958 ut
1149 2895 1287 2958 Africam
1312 2895 1384 2955 dixit

355 2991 413 3086 [ι.
436 3009 471 3078 t.
500 2990 549 3084 t.]
578 2996 607 3060 le
620 2989 838 3091 fastigantem
861 2997 1003 3061 molliter.
1045 3019 1069 3060 r.
1094 3017 1293 3060 oaouovrva
1316 2993 1383 3058 MS.

354 3102 407 3163 De
423 3097 561 3168 formae,
595 3101 713 3185 figurae
734 3099 798 3160 leni
818 3100 1045 3180 paullatimque
1061 3099 1182 3160 inversa
1199 3102 1383 3160 mutatione.

354 3202 408 3266 Sic
432 3201 541 3284 Virgil.
562 3201 619 3264 ecl.
643 3219 678 3281 9,
703 3215 736 3276 7.
769 3221 832 3282 qua
851 3191 890 3290 se
910 3191 1085 3291 subducere
1107 3201 1199 3261 calles
1221 3201 1385 3280 incipiant,

355 3302 502 3385 mollique
522 3305 629 3382 iugum
645 3301 807 3362 demittere
825 3301 925 3373 clivo,·
958 3321 1016 3383 pro
1033 3319 1098 3382 quo
1115 3299 1223 3364 Caelar
1238 3301 1280 3362 de
1295 3299 1332 3360 B.
1349 3295 1384 3358 G.

357 3419 391 3474 Ω,
415 3414 449 3480 8.
482 3401 570 3464 collis
598 3402 772 3483 paullulum
805 3423 845 3462 eat
874 3395 1009 3482 planitie
1031 3401 1136 3464 editus
1164 3413 1196 3462 et
1221 3414 1334 3462 contra
1356 3399 1386 3458 tn

352 3495 467 3596 fronte
489 3503 598 3565 leniter
610 3495 798 3596 fastigatus
815 3503 985 3584 paullatim
1001 3503 1046 3562 ad
1066 3503 1231 3582 piatritiem
1253 3499 1384 3563 redibat.

356 3605 410 3667 Sic
424 3603 537 3668 Noster
550 3621 672 3686 praeter
692 3627 719 3675 ι,
736 3613 771 3686 4,
793 3623 823 3667 r.
849 3607 944 3666 etiam
961 3619 993 3674 a,
1009 3620 1041 3676 u,
1058 3613 1092 3679 8.
1116 3605 1196 3666 dixit
1212 3603 1313 3664 mollis
1327 3620 1387 3662 aar·

356 3704 461 3780 bitasr
499 3705 552 3768 hic
576 3708 724 3788 tleiucepa
750 3724 814 3766 raon
839 3706 928 3766 molle
952 3705 1029 3766 litus
1053 3707 1075 3765 i.
1104 3725 1132 3766 e.
1160 3723 1318 3787 praecepa.
1346 3719 1387 3760 ar·

355 3809 475 3880 duum;
516 3807 665 3870 Straboni
686 3819 796 3870 contra
816 3827 846 3869 r.
869 3827 901 3888 p.
925 3807 983 3885 36.
1005 3805 1027 3870 l.
1044 3817 1102 3882 52.
1130 3800 1279 3892 rapallo
1303 3802 1387 3888 diap-

354 3931 431 4001 μος,
463 3903 614 3997 μαλακὴ.
668 3909 791 3971 Similia
811 3907 968 3970 dederuut
989 3907 1137 3972 Ciaccon.
1153 3909 1190 3968 ad
1214 3907 1246 3968 h.
1267 3906 1288 3966 l.
1317 3907 1386 3966 Dra·

356 4009 457 4074 kanb.
477 4011 516 4072 ad
533 4012 588 4074 Sil.
612 4012 682 4074 ltal.
698 4021 732 4090 4,
748 4019 834 4092 491.
868 4009 1041 4070 Burmann.
1060 4011 1099 4070 ad
1122 4009 1220 4071 Valer.
1241 4007 1338 4070 tuce.
1361 4025 1386 4072 n

360 4113 443 4196 565.
479 4111 619 4198 Lougoi.
635 4113 675 4176 ad
690 4113 791 4176 Tacit.
808 4111 916 4176 Germ.
935 4131 1004 4197 cap.
1023 4129 1055 4178 t.
1092 4111 1157 4174 Pro
1173 4129 1214 4174 eo
1232 4111 1386 4174 etnnenrn
