2764 4958
156 338 217 396 ru
247 315 397 394 aomo:
425 335 533 392 um.
575 333 654 391 cr.
695 337 814 400 cvn.
856 305 987 408 teg.
1047 347 1107 415 ιω

45 508 204 570 minorem
231 509 342 570 trahit
360 507 507 572 Eustatb.
523 509 562 570 nd
583 507 716 590 Dionys.
733 531 767 574 r.
787 522 870 588 205.
894 513 982 596 quorl
999 527 1106 576 ructo·
1201 573 1209 584 ,

43 611 78 669 ris
92 613 227 671 notatio
244 611 417 694 impedire
437 624 573 692 poterat.
624 611 817 694 Emporium
834 613 879 674 ibi
895 611 958 676 fuit
974 615 1104 678 carth·-

43 712 238 794 ginientium
261 709 470 794 (Thucyd.)
493 712 596 793 qualia
617 715 753 776 omuino
776 715 867 796 plura
888 713 977 777 luisse
994 717 1029 778 in
1045 717 1100 780 illo

42 825 133 872 tractu
148 833 194 874 ex
213 813 372 892 Polybio
392 825 425 892 5,
446 827 501 891 23.
525 815 663 894 adparet.
713 817 763 876 De
780 815 852 884 situ.
879 835 975 896 quem
994 816 1100 880 noller

42 915 156 982 turbat,
180 931 288 976 antea
309 913 508 975 dictumest.
550 915 701 978 Ceterum
716 915 798 977 banc
813 935 911 976 unam
928 915 1101 1000 Neapolim

40 1015 220 1094 posterioris
235 1017 320 1076 aevi
340 1013 509 1096 scriptores
527 1033 704 1076 memorare
720 1013 837 1087 solent,
864 1015 905 1078 de
925 1037 991 1098 quo
1006 1015 1097 1084 inira.

38 1117 135 1178 Hodie
155 1117 361 1198 quaerenda
378 1115 425 1177 esi
447 1135 514 1178 non
537 1115 705 1199 proculab
726 1116 804 1180 urbe
819 1113 946 1188 Natat,
978 1122 1028 1182 uti
1051 1121 1100 1181 iu·

38 1220 107 1278 diret
129 1219 236 1280 Shaw
263 1219 315 1278 T.
342 1238 375 1280 1.
402 1237 435 1298 p.
455 1227 540 1300 204.
575 1219 631 1302 qui
653 1216 770 1282 multae
790 1217 1012 1302 inscriptiones
1037 1221 1100 1285 dir·

36 1321 119 1381 iettas
139 1319 193 1381 ibi
216 1317 383 1402 conspici
403 1333 519 1386 narrat.

95 1517 363 1601 adiacent)
406 1518 582 1585 Alincum
597 1521 718 1594 dativo,
747 1525 1097 1607 utr,3‚1.Pr0p0n-
1221 1551 1226 1558 ·

32 1620 99 1695 tiit}
136 1637 230 1702 1‚4‚
251 1637 295 1701 3.
325 1622 414 1681 mari
435 1621 576 1705 Libyco,-
600 1636 633 1684 et
652 1621 778 1695 ficalii;
804 1625 946 1688 vescum
965 1625 1096 1708 simplici

31 1723 216 1787 mutire.
283 1725 470 1803 Utriusque
491 1722 613 1786 formae
635 1725 782 1808 exempla
805 1725 946 1810 conlegit
966 1727 1096 1789 Ouden-

32 1825 110 1907 r'urp.
134 1828 179 1887 ad
203 1826 378 1887 Frontiu.
398 1837 431 1902 5.
454 1842 490 1904 9,
514 1837 548 1902 5.
569 1839 603 1886 et
622 1827 774 1906 repetitae
799 1825 1042 1911 praepositiouie
1060 1830 1097 1890 in

29 1929 84 1989 iiia
96 1929 294 1990 staveren.
312 1925 356 1986 ad
374 1923 495 2006 Nepet.
512 1925 668 1989 Themis.
693 1945 720 1990 c.
740 1942 774 2006 ⁴7.
789 1929 837 1992 in.

91 2133 221 2192 inter·
260 2123 507 2210 ignobilia)
555 2129 609 2192 Sic
633 2143 667 2200 Ω,
693 2147 728 2209 7,
754 2149 812 2198 ru.

194 2336 235 2410 §.
271 2345 312 2410 3.
368 2330 492 2411 Syrti
501 2354 515 2394 r
525 2332 544 2414 )
600 2335 774 2416 Utriusque
798 2331 946 2417 frequent
971 2332 1096 2396 mentio

31 2435 293 2496 inauctoribue.
334 2431 542 2493 Luculentum
558 2432 801 2517 descriptionem
817 2449 939 2518 praeter
952 2433 1094 2498 nostrum

30 2538 182 2595 exhibent
199 2531 338 2596 Strabo
358 2547 413 2608 ¹7·
428 2555 459 2615 p.
477 2547 561 2611 574.
579 2533 599 2594 s.
617 2546 691 2614 834
706 2533 746 2618 sq.
775 2535 908 2616 Dionys.
924 2557 956 2598 v.
974 2548 1039 2615 293
1051 2533 1092 2617 sq.

31 2636 223 2697 Lestathius
251 2635 295 2696 ad
325 2653 402 2694 eum
423 2647 456 2694 et
475 2635 595 2698 Sallust.
620 2639 660 2698 cle
681 2637 718 2699 B.
742 2639 813 2721 lug.
835 2657 863 2702 c.
880 2648 939 2714 78.
957 2638 1003 2700 in.
1036 2637 1094 2696 ubi

31 2757 150 2800 nomen
172 2758 225 2800 ex
256 2755 297 2798 re
329 2735 471 2796 inditum
491 2738 585 2808 dicit,
618 2735 657 2798 sc.
681 2728 969 2826 iniuriasque.
1007 2737 1093 2798 Hinc

30 2857 98 2900 reru
124 2842 302 2899 vicinum
325 2855 413 2896 mare
438 2836 596 2916 Libycum
619 2852 751 2900 vocatur
774 2840 871 2901 etiam
898 2839 1094 2920 Syrticuma

32 2940 147 3002 &neca
172 2943 222 3000 de
248 2939 348 2998 beata
364 2939 510 3020 ritacap.
534 2949 590 3018 ¹4·
623 2953 656 3002 et
677 2940 800 3002 accolae
823 2937 964 3020 Syrticae
986 2950 1093 3018 genter

32 3043 212 3103 abeodem
233 3039 331 3120 episi.
351 3055 412 3116 90.
451 3035 634 3112 Allienum,
658 3056 696 3102 ut
710 3041 832 3110 Strabo,
858 3040 993 3110 Plinius,
1018 3039 1094 3102 Pto·

33 3141 173 3205 iemeeus
200 3144 311 3204 illurn
333 3152 467 3200 tractum
491 3161 530 3202 ex
553 3141 699 3221 Syrtibus
723 3143 896 3226 designaut.
947 3139 1095 3202 Nostram

34 3241 111 3304 banc
136 3249 240 3306 varie
275 3254 424 3302 auctores
454 3244 701 3326 cognominant,
732 3243 886 3323 Polybius
912 3263 940 3311 ι,
970 3240 1094 3321 59..io.

35 3345 145 3408 Smbo
161 3369 193 3410 c.
216 3347 244 3407 l.
266 3375 323 3394 -
348 3336 483 3430 μικρόν,
511 3343 645 3423 Dionys.
664 3353 795 3426 κίῃς).
814 3339 978 3430 ἑσπερίην,
1004 3340 1093 3422 quod

38 3445 151 3532 μικρὸν
169 3461 271 3510 recte
297 3444 434 3525 explicet
450 3445 556 3507 Schol.
579 3459 726 3527 corrupte
747 3445 929 3506 Eustathiuo
949 3434 1092 3532 μακρὰν,

40 3552 81 3606 nti
102 3571 146 3612 ex
175 3547 346 3631 obposuie
369 3543 476 3606 insulis
497 3545 652 3630 Meninge
678 3559 711 3608 et
732 3545 888 3608 Cercinna
920 3541 980 3620 (ci.
1007 3542 1092 3604 Mela

43 3665 71 3718 ε,
87 3667 122 3724 7,
142 3657 204 3726 7.)
230 3649 335 3710 etiam
354 3643 499 3719 discitur;
525 3648 726 3729 Agotbemer.
745 3661 776 3716 α,
798 3657 852 3725 ¹4·
875 3639 1090 3730 iorruwra'pav

41 3753 90 3829 riq·
113 3751 255 3838 ἐτέρας
281 3747 452 3826 (maioris)
483 3747 632 3810 Priscian.
656 3769 687 3810 v.
707 3762 790 3830 507.
815 3747 999 3818 occiduam
1029 3745 1092 3817 alii,

42 3865 73 3910 nt
91 3856 232 3915 Plinius
255 3849 430 3910 minorem.
482 3849 530 3910 ab
553 3851 657 3910 vicina
680 3847 779 3909 insula
799 3847 954 3910 Cercinna
975 3864 1092 3929 cogno·

45 3955 158 4014 uiuam
175 3953 286 4014 etiam
302 3945 514 4034 Κερκιννῖτις,
539 3947 667 4033 (Scylax
683 3961 784 4033 ΜΒ.
800 3946 900 4009 Huds.
919 3945 976 4006 ubi
995 3947 1098 4032 vulgo=

44 4047 277 4144 inpura-impr.)
315 4068 333 4112 a
364 4049 537 4136 Meninge,
569 4052 665 4114 ultera
694 4047 812 4120 insula.
845 4044 1091 4132 Λωτοφαγῖτις.
