2852 4946
361 391 426 462 4²⁰
631 373 790 441 nonen
831 382 1131 444 exenni-rein

443 551 743 640 cymbalorum)
792 558 970 639 Tamquam
989 557 1086 620 huius
1103 558 1290 622 instrumenti
1305 555 1370 619 loni·

366 673 418 722 tue
441 661 475 720 in
498 661 616 740 eampis
642 671 675 718 et
701 660 889 722 nemoribus
916 659 994 720 olim
1020 661 1146 722 auditne
1170 659 1259 722 fuerit
1279 660 1371 742 mugit.

232 829 236 844 p
366 779 462 844 quam
489 761 624 820 aliorum
651 759 843 820 musicorum
867 778 1079 844 organorum
1112 763 1198 824 unde
1221 761 1324 843 repetit
1341 757 1371 818 ul

368 879 459 948 agros
478 859 663 942 Aethiopiae
685 873 716 939 3.
740 879 774 940 9.
814 881 836 924 r.
863 879 1059 924 onouovrvr
1078 863 1154 926 MS.
1205 859 1372 942 Gymbalum

367 965 411 1028 est
429 961 548 1046 liguum
564 959 732 1042 praesentis
752 961 877 1025 Beeclri.
904 981 1120 1026 nvnuuurtve
1132 964 1209 1027 MS.
1250 963 1328 1024 Idem
1342 961 1372 1020 de

291 1045 296 1060 ¹
367 1079 458 1128 antro
473 1076 576 1123 narrat
594 1064 626 1122 in
645 1063 823 1135 Britannia,
856 1064 942 1144 quod
960 1063 1179 1144 cymbalorum
1195 1064 1231 1126 ad
1247 1079 1374 1124 numeror

365 1163 559 1251 pulsatorum
575 1161 685 1226 [onum
700 1161 829 1236 referat,
855 1165 1006 1228 Clemens
1020 1166 1108 1228 Alex.
1124 1169 1269 1229 stromat.
1289 1164 1335 1224 lib.
1348 1161 1373 1223 6.

365 1289 398 1351 p.
418 1267 502 1341 ¹756.
519 1265 570 1327 ed.
588 1265 674 1328 Pott.
708 1262 759 1329 ci.
776 1263 876 1349 snpra.
929 1267 1079 1330 Clemens
1093 1266 1213 1328 ceulam
1227 1264 1288 1326 loni
1307 1263 1400 1350 illimp

365 1369 489 1450 quaerit
505 1367 538 1424 in
555 1355 670 1436 rento,
697 1367 800 1448 quiin
819 1366 997 1450 speluncam
1014 1371 1111 1429 irruat
1127 1382 1160 1429 et
1175 1370 1208 1428 in
1224 1363 1309 1428 iollae
1323 1364 1377 1422 suin

304 1517 307 1524 .
366 1469 532 1531 adliditur.
583 1467 760 1529 Ventorum
790 1469 922 1549 quidem
955 1470 1114 1550 impetum
1146 1475 1378 1532 commemorant

365 1565 476 1654 paffim
493 1567 589 1630 etiam
604 1569 681 1640 ulii,¹
699 1569 809 1651 quide
828 1570 925 1630 antris
940 1567 1135 1650 scripserunt.
1188 1571 1239 1631 Sic
1257 1571 1333 1630 idem
1347 1565 1377 1624 de

248 1667 250 1672 ’
367 1683 458 1732 antro
482 1668 649 1740 islandiae,
677 1669 764 1750 quod
785 1684 916 1732 vocatur
937 1669 1119 1734 seretoeute
1143 1669 1164 1733 l.
1187 1671 1266 1753 aputl
1282 1667 1378 1730 accolet

368 1769 548 1832 Surtslullir
562 1768 704 1831 referunt
719 1771 837 1855 Eggert
854 1769 994 1834 Oleffent
1011 1785 1044 1833 et
1058 1772 1175 1834 Biurne
1189 1769 1339 1833 Porellens
1353 1769 1379 1824 in

367 1869 460 1935 Rene
476 1871 576 1930 durch
593 1873 696 1932 leland
710 1872 752 1934 Τ.
772 1892 801 1935 t.
824 1893 856 1954 p.
880 1887 946 1948 127
965 1870 1027 1953 qu.
1079 1874 1142 1935 Alii
1166 1889 1269 1934 temen
1286 1869 1380 1930 melini

367 1973 401 2032 id
426 1953 648 2052 explicandum
670 1986 783 2055 putant
799 1991 837 2033 ex
855 1973 982 2057 ignibus
1003 1973 1162 2036 Vulcaniis
1186 1969 1379 2034 subterraneis.

368 2074 442 2135 Vid.
464 2072 560 2133 Knoll
584 2074 826 2136 unterbaltende
844 2075 963 2134 Netur·
974 2074 1120 2137 Wunder
1134 2078 1177 2140 T.
1193 2093 1226 2139 α.
1248 2094 1278 2156 p.
1294 2083 1334 2148 28
1347 2067 1379 2148 lq·

368 2173 424 2234 ubi
448 2175 584 2234 omnino
606 2177 777 2259 exponitur
798 2175 838 2236 de
856 2174 1006 2256 specubus
1023 2173 1207 2240 sonantibus
1222 2189 1254 2240 et
1272 2173 1381 2236 reboan-

366 2275 468 2345 tibur,
494 2271 599 2338 enulae
615 2278 711 2340 etiam
726 2277 888 2338 adduntur
907 2295 939 2358 p.
957 2287 1002 2356 38
1019 2273 1063 2358 lq.

443 2477 515 2540 div
525 2479 584 2540 lui
589 2490 653 2540 tus
663 2477 682 2559 )
728 2477 826 2538 Nullo
841 2475 948 2540 labore
965 2491 1019 2538 aut
1033 2477 1167 2540 artificio
1180 2479 1317 2540 hnmano
1333 2473 1380 2536 illic

367 2576 600 2642 fabricatorum.
653 2577 737 2660 lpse,
766 2579 842 2660 quid
866 2579 1021 2662 intelliget
1039 2597 1096 2660 per
1119 2579 1184 2641 hoc
1206 2579 1380 2642 adverbium·

368 2681 504 2761 explieat
519 2699 576 2761 per
597 2699 693 2741 voces
710 2677 871 2761 sequenter
893 2699 1010 2760 magno
1023 2671 1179 2769 fragore,
1206 2693 1244 2742 ut
1260 2681 1309 2742 ille
1328 2676 1382 2736 ulit

367 2779 481 2850 luerit.
502 2770 567 2862 'qui
587 2780 679 2863 plane
695 2783 728 2840 in
749 2779 903 2860 cymbalis
923 2781 1114 2843 collidendis
1130 2781 1168 2842 rb
1185 2782 1316 2844 homine
1331 2793 1383 2838 non

367 2881 469 2968 potest
485 2883 549 2944 edi.
578 2903 601 2944 1.
620 2901 816 2944 cuonovrve
832 2881 909 2944 MS.
960 2881 1088 2963 Nempe
1104 2895 1243 2953 vererer.
1265 2895 1383 2966 quorum

368 2982 489 3045 ceulam
506 2984 710 3066 ignorabant,
737 2983 789 3044 vel
805 2983 874 3043 vim
895 2980 986 3045 solito
1004 2985 1158 3045 maiorem
1175 2985 1384 3044 animadverte·

368 3083 462 3156 bant,
489 3085 558 3145 Diis
576 3084 775 3154 tribuebant,
801 3097 834 3144 et
850 3084 1006 3146 divinitus
1023 3085 1090 3146 fieri
1107 3087 1295 3166 moverique
1314 3091 1384 3164 pute·

368 3184 457 3249 bant.
508 3183 624 3268 Magna
640 3186 729 3246 enim
747 3198 780 3246 et
800 3184 927 3269 augusta
942 3187 975 3246 in
994 3185 1172 3246 divinitatis
1191 3185 1285 3270 signis
1305 3197 1385 3266 pone·

369 3285 494 3358 bantur,
515 3286 616 3346 veluti
630 3287 662 3348 in
679 3285 779 3368 specie
793 3288 933 3370 corporis
948 3283 1071 3348 insolita
1084 3300 1118 3349 et
1133 3285 1222 3368 supra
1237 3285 1385 3368 vulgarem

369 3387 459 3450 elata.
496 3387 569 3448 Vid.
590 3387 619 3447 la
639 3387 740 3450 Cerda
762 3388 801 3448 ad
818 3389 929 3472 virgil.
946 3393 1026 3450 Aen.
1049 3407 1077 3458 ι,
1098 3399 1183 3468 593.
1210 3403 1244 3460 α,
1264 3399 1342 3464 773.
1361 3391 1385 3442 et

370 3507 450 3569 quot
465 3488 568 3548 laudat
585 3489 735 3552 Arntzen.
750 3491 787 3549 ad
804 3489 910 3552 Aurei.
928 3489 1008 3550 Vict.
1023 3489 1064 3549 tle
1079 3489 1116 3551 V.
1132 3489 1157 3550 1.
1175 3505 1209 3560 α,
1230 3501 1286 3566 13.
1316 3485 1385 3546 Hinc

370 3589 485 3650 Noster
502 3601 533 3667 5,
552 3607 586 3668 9.
602 3590 637 3652 6.
659 3588 834 3650 audiuntur
852 3587 947 3650 tibiae
960 3579 1115 3679 sonantes
1131 3592 1236 3651 maius
1255 3584 1386 3649 humanit

369 3690 405 3750 in
425 3691 560 3772 campie.
594 3707 674 3772 quoe
696 3691 771 3752 ideo
793 3690 921 3754 Panum
946 3689 1196 3772 Satyrornmqne
1222 3688 1324 3753 sedern
1341 3685 1386 3747 fin·

368 3789 497 3876 gebant.
544 3851 557 3859 ,

336 4073 340 4082 ⁵
443 3993 769 4078 crepitantium)
825 3989 1384 4080 initietmpanecymiataet

368 4107 540 4181 tympana,
566 4097 622 4160 ubi
639 4093 678 4160 cl.
697 4109 817 4164 notata.
