2852 4946
347 423 414 518 4¹8
620 415 783 478 noctu
822 417 1123 478 nxuocrrcan

347 613 430 679 vage
445 591 540 676 pouit
555 593 723 674 Syncellue
738 611 770 676 p.
784 589 864 657 126.
882 592 964 655 Ven.
991 590 1207 656 Cumaeomm
1222 613 1259 656 ex
1270 589 1371 657 Cumia

347 697 470 761 Aeoliie
492 695 653 758 coloniam
678 693 799 756 iaciunt
819 694 942 776 plnres,
976 706 1015 756 ut
1043 693 1155 757 Strabo
1175 707 1227 774 ι4.
1251 715 1281 776 p.
1295 703 1370 776 459.

347 795 473 877 sa667.
502 797 614 878 Scylax
636 815 668 878 p.
688 805 748 878 4ο.
768 793 868 856 Huds.
896 809 930 857 et
951 795 986 855 in
1008 795 1121 878 primia
1142 793 1262 859 Arriam
1277 795 1370 857 deex·

346 899 422 985 ped.
442 899 529 962 Alex.
555 919 583 970 a,
609 899 668 968 26,
692 897 727 960 ⁶.
757 898 813 979 qui
835 896 981 959 uberiora
1004 897 1104 960 dabit.
1155 899 1287 960 Portum
1312 895 1370 957 eiua

347 1013 580 1064 commemorat
589 999 702 1080 Scylax
717 1018 745 1060 c.
763 999 786 1060 l.
806 1017 881 1060 cum
898 997 984 1059 Mela
998 1017 1065 1080 cap.
1083 995 1167 1079 sequ.
1191 997 1299 1062 Strabo
1314 1017 1338 1058 c.
1351 997 1370 1060 l.

345 1101 516 1164 Minervae
538 1101 712 1183 templum.
738 1099 830 1162 cuiue
846 1097 987 1184 effigiem
1004 1099 1145 1181 adposito
1160 1101 1244 1162 malo
1259 1099 1369 1162 Punico

344 1203 440 1265 numi
456 1205 552 1266 etiam
568 1201 734 1264 exhibent.
787 1200 908 1264 Urbem
927 1217 992 1262 nou
1011 1199 1189 1284 ignobilem
1206 1199 1290 1262 suisse
1305 1199 1371 1260 iude

344 1303 539 1367 luculentior
566 1303 670 1385 polleo
692 1302 852 1384 adparuit,
888 1303 973 1383 quorl
996 1301 1205 1384 Pamphyliae
1221 1303 1246 1368 1.
1267 1315 1371 1364 metro·

343 1406 428 1489 polle
444 1403 521 1466 sacta
541 1403 601 1475 est,
625 1418 662 1465 ut
677 1403 772 1466 docet
786 1402 969 1488 Wesleliug.
985 1403 1024 1464 erl
1045 1403 1228 1467 Hieroclem
1250 1425 1281 1487 p.
1296 1405 1371 1479 682.

342 1519 377 1570 et
402 1507 562 1568 declarant
588 1506 691 1576 numi,
729 1504 907 1588 inquibus
931 1523 998 1566 non
1022 1501 1127 1567 solum
1152 1501 1371 1594 λαμπροτατη.

343 1595 472 1680 ἔνδοξος
492 1609 682 1691 adponitur,
709 1603 812 1668 sedet
832 1627 948 1694 arpwrn
969 1603 1190 1694 Παμφυλων,
1217 1608 1256 1669 de
1269 1607 1371 1687 quibua

342 1706 382 1771 cs.
409 1722 531 1790 praeter
557 1706 727 1771 Raichium
754 1720 848 1790 atque
882 1705 1079 1770 Eckhelium
1107 1708 1317 1789 Spanbemiua
1336 1705 1371 1766 de

340 1811 451 1893 praest.
469 1839 519 1854 -
542 1828 633 1872 uum.
659 1807 725 1870 diss.
744 1827 780 1888 9.
803 1829 836 1891 p.
852 1821 937 1888 591.
992 1809 1100 1870 incola
1120 1805 1276 1896 Σιδήτῃς,
1305 1805 1371 1870 telle

339 1913 523 1996 Stephano,
557 1909 841 1993 comprobantibus
868 1910 1015 1992 plurimia
1040 1911 1168 1981 numia.
1202 1931 1241 1974 ex
1265 1909 1370 1993 quibua

340 2033 446 2075 unum
469 2027 594 2076 tantum
608 2011 709 2075 adfert
724 2009 844 2074 Rascbe
865 2013 899 2074 in
922 2012 999 2074 Lex.
1017 2031 1109 2076 num.
1125 2013 1225 2076 Tom.
1240 2023 1274 2091 4.
1290 2011 1323 2074 P.
1339 2023 1368 2072 a.

338 2135 370 2200 p.
395 2127 481 2196 9¹5·
510 2117 545 2178 in
565 2133 630 2198 quo
648 2137 658 2178 r
673 2131 731 2196 pro
747 2137 766 2200 ry
781 2113 918 2196 positum
940 2109 1142 2196 conspicitur.
1195 2115 1319 2178 Poterat
1336 2127 1370 2173 ex

338 2215 507 2280 Holslenin
528 2218 567 2280 ad
586 2215 738 2300 Stephon.
754 2235 788 2298 p.
807 2230 890 2293 292.
918 2214 1018 2275 alium
1038 2215 1155 2278 addere
1180 2235 1256 2278 cum
1277 2211 1369 2277 inscri-

336 2319 450 2402 ptione
470 2320 505 2380 iu
529 2315 645 2381 ruensa.
698 2316 790 2378 Hanc
812 2315 993 2398 scripturam
1011 2315 1104 2401 longa
1122 2318 1222 2380 etiam
1246 2317 1368 2400 diaputa-

338 2421 430 2484 tione
446 2422 479 2481 in
495 2421 626 2484 Arriano
642 2415 707 2482 c.l.
728 2429 835 2480 tuetur
851 2417 1036 2479 Gronovius
1051 2430 1184 2500 propter
1198 2419 1367 2482 Sidetarum

336 2519 499 2583 barbaram
541 2533 574 2584 et
607 2518 797 2582 insolentem
832 2518 1063 2600 pronuntiandi
1103 2518 1367 2586 consuetudinem,

336 2640 431 2704 quarn
449 2623 543 2682 numi
560 2634 650 2684 cente
669 2619 826 2682 devitent.
880 2619 1029 2682 lletinuit
1048 2619 1095 2682 ibi
1114 2621 1215 2683 etiam
1237 2620 1368 2685 Schmie·

335 2723 448 2793 derue,
475 2720 525 2784 sed
543 2723 582 2785 all
604 2739 813 2784 communem
830 2721 964 2782 aliorum
983 2719 1073 2782 usum
1094 2724 1262 2784 revocavit
1282 2718 1368 2802 adspi-

334 2824 479 2886 rantibue
503 2823 628 2888 Mssua
652 2819 943 2908 Schweighaeuser.
966 2822 1000 2882 in
1024 2821 1138 2900 Polyb.
1155 2834 1188 2900 5,
1209 2837 1267 2904 75.
1284 2833 1317 2901 4.
1340 2829 1368 2882 et

335 2939 428 2989 antea
450 2925 640 3010 probaverat
656 2923 800 2987 Holsten.
817 2943 845 2986 c.
861 2923 883 2985 l.
920 2921 1005 2984 Nota
1021 2923 1064 2986 esl
1083 2923 1251 3006 utrimque
1271 2925 1368 2986 literae

336 3025 492 3091 consusro.
543 3025 729 3091 llecentinri
748 3039 850 3088 aetate
874 3021 1101 3094 Candelomm.
1135 3037 1172 3086 ut
1193 3043 1236 3086 ex
1258 3027 1367 3087 Sancto

334 3127 431 3192 refert
454 3129 606 3192 Mannert
626 3147 659 3212 p.
680 3136 764 3208 124.
782 3126 855 3192 cl.
893 3123 1017 3189 Notavi
1040 3123 1106 3209 ipse
1128 3145 1169 3189 ex
1189 3127 1261 3192 aliia
1281 3127 1368 3190 sear·

334 3231 440 3320 dulor.

409 3377 692 3466 Eurymedon)
742 3379 799 3444 Gr.
822 3367 1028 3466 Εὐρυμέδων.
1062 3377 1167 3464 Prope
1190 3377 1367 3466 Aspendum

334 3502 448 3548 omnen
463 3497 607 3566 ponunt.
638 3501 739 3564 eoque
758 3477 889 3544 adverso
912 3479 1048 3543 flumine
1068 3481 1106 3544 ad
1125 3484 1170 3545 60
1193 3481 1286 3544 sladia
1306 3477 1368 3539 sub·

333 3586 414 3648 vehi
431 3583 544 3648 Strabo
566 3593 619 3667 ¹4·
642 3604 675 3666 p.
690 3593 778 3664 459.
794 3581 814 3646 s.
828 3583 912 3658 667.
929 3595 1042 3646 nectat.
1084 3583 1184 3668 Quod
1200 3603 1217 3644 a
1233 3581 1367 3668 pluribus

333 3687 527 3756 celebratur.
553 3687 622 3748 eiua
644 3682 766 3746 causam
786 3683 934 3768 adiungit
956 3681 1020 3766 ipse
1044 3683 1139 3747 Mela.
1180 3682 1234 3748 Cf.
1256 3683 1296 3746 de
1317 3679 1366 3742 illo

334 3789 461 3872 proelio
484 3785 692 3866 Thucydideo
711 3805 743 3859 a,
766 3805 849 3852 aoo.
885 3783 1000 3870 Nepoa
1014 3793 1053 3868 4,
1074 3801 1107 3859 a,
1129 3803 1163 3850 n.
1189 3799 1223 3850 et
1239 3803 1317 3869 quoe
1330 3777 1364 3842 ad

332 3909 409 3954 eum
429 3890 548 3952 iudicat
563 3888 697 3952 Boline.-

407 4035 666 4120 Phoana‘ces)
715 4035 788 4100 Hoa
801 4051 963 4121 tamquam
977 4039 1145 4124 primarios
1165 4039 1199 4101 in
1216 4051 1281 4100 arte
1296 4053 1363 4098 nan·

331 4143 395 4210 tica
412 4155 506 4228 atque
521 4141 619 4208 etiam
633 4137 697 4208 title
712 4157 787 4230 erga
802 4137 909 4208 Persae
925 4137 1007 4208 soloe
1023 4141 1180 4215 nominat.
1201 4153 1235 4206 et
1253 4141 1288 4202 in
1302 4135 1363 4220 qui·
