2852 4946
340 420 402 490 46⁰
609 407 770 468 nonna
811 409 1111 469 axaoaarcaa

347 581 586 650 mediterraneis
600 579 739 643 recenset
752 581 965 654 Ptolemaaua,
990 583 1028 646 ad
1044 601 1130 646 mara
1144 583 1227 646 locat
1240 583 1365 653 Pliniuat

348 687 461 752 Strabo
476 707 492 748 a
508 677 629 762 Limy'ri
644 683 724 744 ossio
737 698 883 746 removet
901 700 947 746 ao
965 685 1085 756 stadiia,
1113 683 1164 747 [ed
1183 683 1307 748 terrestri
1324 685 1365 744 iti·

262 859 267 866 .
348 809 425 853 nere
441 785 541 859 fatto,
574 787 615 846 ita
637 796 674 844 ut
695 783 842 870 ambages
862 783 953 863 fluvii
969 785 1007 847 ad
1024 785 1181 848 calculum
1203 788 1303 848 vocari
1321 787 1365 846 de·

349 891 456 954 beant.
509 888 589 950 lnria
614 903 691 946 vero
718 887 813 946 etiarn
840 885 964 948 Plinius
989 907 1065 948 cum
1087 887 1270 952 Ptolemaeo
1292 905 1366 950 tom·

348 994 428 1080 poni
447 989 559 1075 potest.
611 986 710 1050 Nunc
730 987 862 1070 quidem
883 988 924 1050 do
946 988 1036 1052 urbe.

423 1189 578 1272 molta)
627 1189 751 1252 Plinius
771 1201 804 1268 5,
828 1202 885 1268 98.
904 1188 925 1254 f.
941 1205 1000 1270 97.
1023 1189 1128 1274 Lycia
1150 1189 1305 1276 quondam
1327 1203 1366 1264 7o

348 1294 470 1375 oppida
490 1291 614 1359 habuit.
639 1310 726 1352 nunc
742 1293 788 1370 36
811 1290 926 1364 haben
957 1293 1044 1374 qnod
1067 1294 1185 1374 repetit
1208 1291 1367 1354 Martiano·

349 1395 477 1480 Capella
496 1393 551 1455 lib.
568 1393 603 1455 6.
626 1414 658 1477 p.
675 1407 759 1455 990.
813 1392 927 1454 Narrat
947 1411 1030 1456 certa
1045 1393 1194 1456 Arrianua
1210 1395 1249 1455 de
1267 1391 1367 1473 expeti.

348 1498 440 1562 alex.
460 1515 490 1566 ι,
508 1507 567 1572 95.
584 1492 606 1558 s.
626 1515 654 1565 r,
669 1503 727 1572 94,
743 1512 777 1574 7.
803 1493 891 1555 huno
914 1509 1036 1576 praetor
1058 1495 1189 1566 Pinara,
1221 1492 1368 1556 Xanthum

347 1611 382 1663 at
396 1598 504 1672 Patara
520 1593 633 1678 cepiffa
649 1586 741 1658 άλλα
759 1589 889 1660 ἐλάττω
907 1591 1098 1687 πολίσματα
1117 1589 1148 1674 ἔς
1167 1590 1347 1685 τριάκοντα.

423 1795 651 1880 Pataram)
683 1798 812 1864 ¹Graeci
842 1791 988 1886 Πάταρα
1027 1817 1144 1884 genera
1177 1811 1307 1866 neutro.
1336 1793 1369 1856 de

349 1921 414 1986 quo
431 1902 554 1964 dictum
568 1901 611 1962 ost
626 1901 659 1960 in
675 1901 760 1962 notia
774 1901 889 1961 criticis
911 1921 943 1980 p.
958 1911 1044 1981 478.
1083 1901 1176 1963 Unua
1192 1899 1272 1964 forte
1287 1895 1370 1974 Hesy-

350 2001 442 2066 ohiua
456 2003 496 2064 T.
508 2017 541 2064 9.
555 2023 587 2084 ρ.
600 2013 684 2079 θρα.
707 1993 854 2087 Παταρῖς
868 2001 958 2069 dixit,
979 1995 1074 2076 πόλις
1090 1997 1148 2063 κατ’
1164 1994 1237 2090 ὅρος
1253 1993 1369 2072 Λυκίας,

349 2095 1368 2189 ρτοαιιοῑαητααΠαταρηῒςνοίΠυεοκῠίοαγΙὶοΡατίομα99.

351 2207 484 2268 Sataros
503 2204 661 2285 antiquina
680 2222 800 2264 nornen
825 2200 931 2274 fuisso,
965 2217 1075 2265 auctor
1099 2203 1143 2266 est
1163 2204 1247 2266 Plio.
1267 2215 1299 2282 5,
1319 2213 1367 2274 97.

348 2306 494 2370 Alterum
517 2306 663 2366 derivant
683 2324 700 2365 a
720 2304 832 2366 Patato
855 2304 1022 2366 conditore
1037 2303 1151 2367 Strabo
1174 2318 1230 2385 14.
1251 2326 1281 2388 p.
1295 2311 1367 2384 458·

349 2405 471 2482 [665.
498 2419 532 2466 ot
559 2404 755 2486 Stephanus.
787 2407 844 2486 qni
870 2405 972 2466 filiurn
1007 2405 1163 2487 Apollini·
1198 2421 1232 2470 at
1258 2405 1366 2485 Lyciae.

348 2507 467 2569 Xanthi
483 2507 572 2574 filiae,
599 2503 689 2576 facita
715 2507 868 2576 aPataro‚
891 2507 1050 2588 praedone
1064 2521 1166 2578 antea,
1184 2506 1321 2570 Eussath.
1337 2501 1368 2564 ad

348 2604 483 2686 Dionys.
499 2627 532 2668 v.
554 2621 633 2685 129.
669 2608 844 2668 Alexander
863 2609 949 2689 apud
967 2608 1166 2690 Stephanum
1191 2606 1259 2672 ἁτό
1279 2599 1369 2672 τατά·

349 2729 423 2796 ρας,
446 2708 533 2789 quod
556 2709 780 2788 interpretatur
805 2704 927 2794 κίστην.
952 2712 966 2786 (
974 2709 1071 2794 vulgo
1093 2707 1217 2790 κὶστιν)
1247 2725 1367 2771 rascat-

349 2827 424 2872 crta.
477 2809 546 2870 atio
560 2810 674 2870 ordine
694 2809 817 2872 Plinina
833 2809 910 2870 haec
931 2811 1047 2892 oppida
1060 2807 1211 2882 racerrset.
1235 2831 1270 2874 ac
1284 2807 1367 2870 Mela.

348 2911 406 2974 1110
429 2910 550 2992 quippe
576 2911 666 2994 priua
693 2909 876 2980 Xanthum,
909 2910 1058 2994 deincapa
1083 2911 1193 2974 l’atata
1225 2911 1368 2974 nominat.

347 3013 447 3076 Recte
467 3027 572 3074 tamen
589 3025 734 3092 uterque.
772 3011 900 3091 Limyra
914 3013 1001 3072 enirn
1019 3009 1287 3096 proficiscentihna
1301 3013 1369 3072 Xan·

348 3113 424 3176 thot
440 3113 596 3193 oppidum
619 3113 757 3174 vicinius
779 3115 839 3174 erit
858 3113 986 3175 Pataris.
1039 3116 1156 3175 Verum
1173 3114 1292 3176 Xanthi
1306 3109 1369 3174 ostia

347 3215 529 3283 remotiora,
553 3229 585 3274 et
601 3214 679 3276 ultra
696 3215 804 3275 Patara
818 3227 906 3276 erant
921 3214 986 3278 fita.
1019 3213 1162 3277 Xanthos
1178 3218 1267 3276 enim
1282 3210 1369 3275 medi·

348 3329 488 3379 terranea
501 3314 581 3376 orba
601 3314 661 3386 eli,
694 3315 802 3376 Patara
825 3335 901 3377 vero
923 3315 976 3376 fita
993 3330 1082 3378 erant
1099 3316 1136 3378 ad
1159 3313 1261 3398 iprum
1284 3329 1367 3375 mare.

348 3416 433 3479 Nam
455 3417 538 3497 quod
556 3417 665 3495 Scylax
687 3412 738 3502 [p.
757 3411 954 3504 39.l·1ud[.]
978 3419 1037 3487 ait,
1064 3419 1102 3479 ad
1124 3417 1233 3478 Patara
1251 3409 1368 3478 adverso

348 3536 442 3582 amne
464 3517 593 3577 Xantho
614 3518 772 3602 navigari,
797 3517 829 3577 id
845 3513 954 3578 fartum
971 3517 1031 3588 aii,
1062 3533 1095 3578 et
1116 3519 1251 3580 omnino
1267 3531 1368 3578 verum

348 3619 406 3690 eli,
432 3618 486 3678 vel
505 3615 611 3679 erraffe
634 3619 815 3697 Scylacem,
847 3619 961 3680 velita
985 3617 1143 3701 scripsisse,
1171 3615 1313 3692 Ξάνθος,
1338 3607 1370 3676 δι’

351 3707 391 3784 αὖ
421 3715 588 3792 ἂνάπλους
626 3717 669 3791 εἰς
702 3713 798 3784 πάλιν
829 3714 990 3804 Πάταρα,
1035 3715 1055 3806 ἢ
1088 3713 1142 3782 καὶ
1184 3715 1302 3808 [vulgo
1333 3711 1368 3786 εἰς

350 3816 491 3908 Πάταρα
520 3815 631 3893 πάλιν,
658 3813 734 3906 καὶ]
762 3816 874 3908 λιμένα
899 3817 979 3906 ἔχει.
1017 3841 1157 3884 vosatva.
1216 3817 1368 3884 Refutarit

350 3943 424 3984 eum
446 3921 629 3985 Gronoviua
649 3924 686 3983 ad
709 3923 869 4002 Scylacem
891 3943 921 4004 p.
940 3936 1000 4002 93.
1020 3926 1071 3985 ed.
1088 3921 1168 3986 fuae.
1204 3921 1269 3984 Etsr
1289 3918 1366 3980 anim

347 4023 416 4106 post
436 4022 599 4084 Xanthum
617 4023 726 4086 Patara
746 4035 844 4106 ponat
862 4023 986 4093 Strabo.
1016 4045 1032 4086 a
1049 4023 1167 4086 Xanthi
1187 4036 1291 4086 tamen
1310 4019 1367 4099 ripa

348 4125 420 4198 ideo
436 4143 503 4188 non
520 4124 621 4210 abigi3
645 4127 748 4188 inimo
763 4126 941 4207 Appianum
958 4127 997 4190 do
1014 4125 1053 4192 B.
1070 4125 1213 4210 Civil.4.
1230 4121 1276 4212 [ο.
1294 4107 1365 4199 82]
