<?xml version="1.0" encoding="UTF-8"?>
<!DOCTYPE html PUBLIC "-//W3C//DTD XHTML 1.0 Transitional//EN"
    "http://www.w3.org/TR/xhtml1/DTD/xhtml1-transitional.dtd">
<html xmlns="http://www.w3.org/1999/xhtml" xml:lang="en" lang="en">
 <head>
  <title>
</title>
<meta http-equiv="Content-Type" content="text/html;charset=utf-8" />
  <meta name='ocr-system' content='tesseract 3.04.00' />
  <meta name='ocr-capabilities' content='ocr_page ocr_carea ocr_par ocr_line ocrx_word'/>
</head>
<body>
  <div class='ocr_page' id='page_1' title='image "./pomponiimelaede06melagoog_0599.png"; bbox 0 0 2922 4958; ppageno 0'>
   <div class='ocr_carea' id='block_1_1' title="bbox 179 416 1256 500">
    <p class='ocr_par' dir='ltr' id='par_1_1' title="bbox 179 416 1256 500">
     <span class='ocr_line' id='line_1_1' title="bbox 179 416 1256 500; baseline 0.008 -25"><span class='ocrx_word' id='word_1_1' title='bbox 179 421 231 478; x_wconf 81' lang='lat' dir='ltr'><strong>ru</strong></span> <span class='ocrx_word' id='word_1_2' title='bbox 257 417 395 476; x_wconf 74' lang='lat' dir='ltr'><strong>nourr.</strong></span> <span class='ocrx_word' id='word_1_3' title='bbox 425 417 533 476; x_wconf 68' lang='lat' dir='ltr'><strong>utet„</strong></span> <span class='ocrx_word' id='word_1_4' title='bbox 575 417 656 476; x_wconf 69' lang='lat' dir='ltr'><strong>nt.</strong></span> <span class='ocrx_word' id='word_1_5' title='bbox 697 416 831 476; x_wconf 77' lang='lat' dir='ltr'><strong>oxtx.</strong></span> <span class='ocrx_word' id='word_1_6' title='bbox 872 417 1001 494; x_wconf 73' lang='lat' dir='ltr'><strong>loo·</strong></span> <span class='ocrx_word' id='word_1_7' title='bbox 1053 433 1118 500; x_wconf 70' lang='lat'><strong>593</strong></span> <span class='ocrx_word' id='word_1_8' title='bbox 1253 465 1256 484; x_wconf 74' lang='grc'><strong><em>,</em></strong></span> 
     </span>
    </p>
   </div>
   <div class='ocr_carea' id='block_1_2' title="bbox 74 589 1116 969">
    <p class='ocr_par' dir='ltr' id='par_1_2' title="bbox 74 589 1116 969">
     <span class='ocr_line' id='line_1_2' title="bbox 154 589 1116 678; baseline -0.002 -20"><span class='ocrx_word' id='word_1_9' title='bbox 154 590 446 673; x_wconf 83' lang='lat' dir='ltr'><strong>Auticiuolis)</strong></span> <span class='ocrx_word' id='word_1_10' title='bbox 484 589 594 652; x_wconf 84' lang='lat' dir='ltr'><strong>(irueci</strong></span> <span class='ocrx_word' id='word_1_11' title='bbox 611 611 666 672; x_wconf 90' lang='lat' dir='ltr'><strong>per</strong></span> <span class='ocrx_word' id='word_1_12' title='bbox 680 613 705 678; x_wconf 78' lang='grc' dir='ltr'><strong><em>μ</em></strong></span> <span class='ocrx_word' id='word_1_13' title='bbox 719 603 751 654; x_wconf 88' lang='lat' dir='ltr'><strong>et</strong></span> <span class='ocrx_word' id='word_1_14' title='bbox 765 615 798 662; x_wconf 86' lang='grc' dir='ltr'><strong>ν,</strong></span> <span class='ocrx_word' id='word_1_15' title='bbox 821 606 857 652; x_wconf 92' lang='lat' dir='ltr'><strong>ut</strong></span> <span class='ocrx_word' id='word_1_16' title='bbox 874 595 1116 673; x_wconf 74' lang='lat' dir='ltr'>praecedentem</span> 
     </span>
     <span class='ocr_line' id='line_1_3' title="bbox 75 693 1116 770; baseline -0.001 -10"><span class='ocrx_word' id='word_1_17' title='bbox 75 693 231 760; x_wconf 86' lang='lat' dir='ltr'><strong>scribunt.</strong></span> <span class='ocrx_word' id='word_1_18' title='bbox 270 695 458 756; x_wconf 78' lang='lat' dir='ltr'><strong>Producant</strong></span> <span class='ocrx_word' id='word_1_19' title='bbox 478 693 602 762; x_wconf 86' lang='lat' dir='ltr'><strong>Strabo,</strong></span> <span class='ocrx_word' id='word_1_20' title='bbox 627 693 813 755; x_wconf 77' lang='lat' dir='ltr'><strong>Marcianus.</strong></span> <span class='ocrx_word' id='word_1_21' title='bbox 840 695 908 770; x_wconf 89' lang='lat' dir='ltr'><strong>(uhi</strong></span> <span class='ocrx_word' id='word_1_22' title='bbox 928 709 1031 756; x_wconf 84' lang='lat' dir='ltr'><strong>tamen</strong></span> <span class='ocrx_word' id='word_1_23' title='bbox 1050 716 1116 758; x_wconf 89' lang='lat' dir='ltr'><strong>cor·</strong></span> 
     </span>
     <span class='ocr_line' id='line_1_4' title="bbox 75 791 1113 882; baseline 0.002 -22"><span class='ocrx_word' id='word_1_24' title='bbox 75 811 171 880; x_wconf 88' lang='lat' dir='ltr'><strong>rupte</strong></span> <span class='ocrx_word' id='word_1_25' title='bbox 192 791 400 874; x_wconf 79' lang='grc' dir='ltr'><strong>Ἀντικίνων.)</strong></span> <span class='ocrx_word' id='word_1_26' title='bbox 434 793 572 864; x_wconf 79' lang='lat' dir='ltr'><strong>Phaine,</strong></span> <span class='ocrx_word' id='word_1_27' title='bbox 596 794 797 856; x_wconf 72' lang='lat' dir='ltr'><strong>Ptolemaeus</strong></span> <span class='ocrx_word' id='word_1_28' title='bbox 817 795 933 876; x_wconf 83' lang='lat' dir='ltr'><strong>aliique</strong></span> <span class='ocrx_word' id='word_1_29' title='bbox 954 797 1113 882; x_wconf 81' lang='lat' dir='ltr'><strong>ignorant.</strong></span> 
     </span>
     <span class='ocr_line' id='line_1_5' title="bbox 74 885 950 969; baseline -0.001 -7"><span class='ocrx_word' id='word_1_30' title='bbox 74 885 232 962; x_wconf 73' lang='lat' dir='ltr'><strong>Neminie</strong></span> <span class='ocrx_word' id='word_1_31' title='bbox 248 895 345 969; x_wconf 68' lang='lat' dir='ltr'><strong>musa,</strong></span> <span class='ocrx_word' id='word_1_32' title='bbox 370 897 455 958; x_wconf 88' lang='lat' dir='ltr'><strong>utin</strong></span> <span class='ocrx_word' id='word_1_33' title='bbox 472 893 634 968; x_wconf 85' lang='lat' dir='ltr'><strong>similibue,</strong></span> <span class='ocrx_word' id='word_1_34' title='bbox 661 915 728 958; x_wconf 88' lang='lat' dir='ltr'><strong>non</strong></span> <span class='ocrx_word' id='word_1_35' title='bbox 749 895 792 958; x_wconf 83' lang='lat' dir='ltr'><strong>est</strong></span> <span class='ocrx_word' id='word_1_36' title='bbox 812 895 950 961; x_wconf 85' lang='lat' dir='ltr'><strong>obscura.</strong></span> 
     </span>
    </p>
   </div>
   <div class='ocr_carea' id='block_1_3' title="bbox 73 1093 1133 2800">
    <p class='ocr_par' dir='ltr' id='par_1_3' title="bbox 73 1093 1133 2800">
     <span class='ocr_line' id='line_1_6' title="bbox 153 1093 1111 1186; baseline 0.002 -22"><span class='ocrx_word' id='word_1_37' title='bbox 153 1098 346 1181; x_wconf 81' lang='lat' dir='ltr'><strong>Armene)</strong></span> <span class='ocrx_word' id='word_1_38' title='bbox 397 1097 452 1162; x_wconf 88' lang='lat' dir='ltr'><strong>Gr.</strong></span> <span class='ocrx_word' id='word_1_39' title='bbox 478 1093 630 1186; x_wconf 53' lang='lat' dir='ltr'><strong>&#39;Appiam</strong></span> <span class='ocrx_word' id='word_1_40' title='bbox 661 1117 735 1160; x_wconf 88' lang='lat' dir='ltr'><strong>cunt</strong></span> <span class='ocrx_word' id='word_1_41' title='bbox 753 1112 785 1160; x_wconf 86' lang='lat' dir='ltr'><strong>et</strong></span> <span class='ocrx_word' id='word_1_42' title='bbox 809 1097 872 1160; x_wconf 87' lang='lat' dir='ltr'><strong>stne</strong></span> <span class='ocrx_word' id='word_1_43' title='bbox 893 1097 1111 1182; x_wconf 82' lang='lat' dir='ltr'><strong>adspiratione.</strong></span> 
     </span>
     <span class='ocr_line' id='line_1_7' title="bbox 73 1199 1112 1286; baseline 0.001 -22"><span class='ocrx_word' id='word_1_44' title='bbox 73 1223 175 1286; x_wconf 85' lang='lat' dir='ltr'><strong>qoam</strong></span> <span class='ocrx_word' id='word_1_45' title='bbox 201 1203 311 1264; x_wconf 87' lang='lat' dir='ltr'><strong>reiecit</strong></span> <span class='ocrx_word' id='word_1_46' title='bbox 337 1200 435 1264; x_wconf 86' lang='lat' dir='ltr'><strong>etiem</strong></span> <span class='ocrx_word' id='word_1_47' title='bbox 460 1199 584 1262; x_wconf 87' lang='lat' dir='ltr'><strong>Pliniue</strong></span> <span class='ocrx_word' id='word_1_48' title='bbox 601 1201 634 1269; x_wconf 90' lang='lat'><strong>6.</strong></span> <span class='ocrx_word' id='word_1_49' title='bbox 651 1216 684 1264; x_wconf 82' lang='lat' dir='ltr'><strong>tt.</strong></span> <span class='ocrx_word' id='word_1_50' title='bbox 718 1215 761 1280; x_wconf 86' lang='lat' dir='ltr'><strong>et,</strong></span> <span class='ocrx_word' id='word_1_51' title='bbox 794 1202 880 1282; x_wconf 87' lang='lat' dir='ltr'><strong>quod</strong></span> <span class='ocrx_word' id='word_1_52' title='bbox 907 1205 1033 1284; x_wconf 83' lang='lat' dir='ltr'><strong>graviue</strong></span> <span class='ocrx_word' id='word_1_53' title='bbox 1059 1203 1112 1276; x_wconf 82' lang='lat' dir='ltr'><strong>est.</strong></span> 
     </span>
     <span class='ocr_line' id='line_1_8' title="bbox 76 1300 1113 1388; baseline -0.002 -22"><span class='ocrx_word' id='word_1_54' title='bbox 76 1305 200 1388; x_wconf 77' lang='lat' dir='ltr'><strong>Geogr.</strong></span> <span class='ocrx_word' id='word_1_55' title='bbox 215 1304 362 1364; x_wconf 86' lang='lat' dir='ltr'><strong>llaveuu.</strong></span> <span class='ocrx_word' id='word_1_56' title='bbox 381 1317 414 1370; x_wconf 75' lang='lat' dir='ltr'><strong>tt.</strong></span> <span class='ocrx_word' id='word_1_57' title='bbox 437 1317 491 1376; x_wconf 85' lang='lat'><strong>17.</strong></span> <span class='ocrx_word' id='word_1_58' title='bbox 521 1313 554 1378; x_wconf 84' lang='lat'><strong>5,</strong></span> <span class='ocrx_word' id='word_1_59' title='bbox 578 1321 631 1364; x_wconf 87' lang='lat' dir='ltr'><strong>to.</strong></span> <span class='ocrx_word' id='word_1_60' title='bbox 654 1300 802 1386; x_wconf 86' lang='lat' dir='ltr'><strong>(Arruoue</strong></span> <span class='ocrx_word' id='word_1_61' title='bbox 821 1303 998 1385; x_wconf 79' lang='lat' dir='ltr'>perperam)</span> <span class='ocrx_word' id='word_1_62' title='bbox 1020 1307 1113 1368; x_wconf 83' lang='lat' dir='ltr'><strong>ottine</strong></span> 
     </span>
     <span class='ocr_line' id='line_1_9' title="bbox 75 1399 1114 1487; baseline -0.002 -19"><span class='ocrx_word' id='word_1_63' title='bbox 75 1419 180 1468; x_wconf 81' lang='lat' dir='ltr'><strong>aetate</strong></span> <span class='ocrx_word' id='word_1_64' title='bbox 195 1424 265 1466; x_wconf 85' lang='lat' dir='ltr'><strong>earn</strong></span> <span class='ocrx_word' id='word_1_65' title='bbox 284 1405 487 1487; x_wconf 78' lang='lat' dir='ltr'><strong>praemittere</strong></span> <span class='ocrx_word' id='word_1_66' title='bbox 506 1399 655 1464; x_wconf 84' lang='lat' dir='ltr'><strong>solebant.</strong></span> <span class='ocrx_word' id='word_1_67' title='bbox 703 1404 801 1474; x_wconf 81' lang='lat' dir='ltr'><strong>Unus,</strong></span> <span class='ocrx_word' id='word_1_68' title='bbox 824 1406 909 1484; x_wconf 92' lang='lat' dir='ltr'><strong>quod</strong></span> <span class='ocrx_word' id='word_1_69' title='bbox 929 1402 1030 1474; x_wconf 88' lang='lat' dir='ltr'><strong>sciam.</strong></span> <span class='ocrx_word' id='word_1_70' title='bbox 1054 1406 1114 1466; x_wconf 85' lang='lat' dir='ltr'><strong>lle·</strong></span> 
     </span>
     <span class='ocr_line' id='line_1_10' title="bbox 74 1503 1113 1588; baseline -0.002 -18"><span class='ocrx_word' id='word_1_71' title='bbox 74 1505 214 1588; x_wconf 87' lang='lat' dir='ltr'><strong>nophon</strong></span> <span class='ocrx_word' id='word_1_72' title='bbox 236 1505 276 1566; x_wconf 90' lang='lat' dir='ltr'><strong>de</strong></span> <span class='ocrx_word' id='word_1_73' title='bbox 297 1504 409 1586; x_wconf 89' lang='lat' dir='ltr'><strong>exped.</strong></span> <span class='ocrx_word' id='word_1_74' title='bbox 429 1503 463 1582; x_wconf 83' lang='lat'><strong>6.</strong></span> <span class='ocrx_word' id='word_1_75' title='bbox 484 1523 512 1574; x_wconf 88' lang='lat' dir='ltr'><strong>t.</strong></span> <span class='ocrx_word' id='word_1_76' title='bbox 529 1523 564 1584; x_wconf 79' lang='lat'><strong>9.</strong></span> <span class='ocrx_word' id='word_1_77' title='bbox 591 1505 676 1585; x_wconf 90' lang='lat' dir='ltr'><strong>qood</strong></span> <span class='ocrx_word' id='word_1_78' title='bbox 701 1517 734 1566; x_wconf 87' lang='lat' dir='ltr'><strong>et</strong></span> <span class='ocrx_word' id='word_1_79' title='bbox 756 1525 795 1566; x_wconf 86' lang='lat' dir='ltr'><strong>ex</strong></span> <span class='ocrx_word' id='word_1_80' title='bbox 816 1523 856 1566; x_wconf 90' lang='lat' dir='ltr'><strong>eo</strong></span> <span class='ocrx_word' id='word_1_81' title='bbox 871 1519 963 1566; x_wconf 85' lang='lat' dir='ltr'><strong>notet</strong></span> <span class='ocrx_word' id='word_1_82' title='bbox 982 1507 1113 1586; x_wconf 87' lang='lat' dir='ltr'><strong>Stepha-</strong></span> 
     </span>
     <span class='ocr_line' id='line_1_11' title="bbox 73 1600 1112 1693; baseline 0 -27"><span class='ocrx_word' id='word_1_83' title='bbox 73 1627 150 1678; x_wconf 74' lang='lat' dir='ltr'><strong>nos,</strong></span> <span class='ocrx_word' id='word_1_84' title='bbox 177 1605 283 1668; x_wconf 79' lang='lat' dir='ltr'><strong>scribit</strong></span> <span class='ocrx_word' id='word_1_85' title='bbox 301 1600 450 1693; x_wconf 70' lang='grc' dir='ltr'><em>Ἀρμήνη,</em></span> <span class='ocrx_word' id='word_1_86' title='bbox 477 1607 562 1686; x_wconf 90' lang='lat' dir='ltr'><strong>quod</strong></span> <span class='ocrx_word' id='word_1_87' title='bbox 580 1625 618 1666; x_wconf 85' lang='lat' dir='ltr'><strong>ex</strong></span> <span class='ocrx_word' id='word_1_88' title='bbox 634 1606 781 1668; x_wconf 73' lang='lat' dir='ltr'><strong>dictantis</strong></span> <span class='ocrx_word' id='word_1_89' title='bbox 797 1625 877 1667; x_wconf 87' lang='lat' dir='ltr'><strong>voce</strong></span> <span class='ocrx_word' id='word_1_90' title='bbox 897 1621 1005 1666; x_wconf 86' lang='lat' dir='ltr'><strong>natum</strong></span> <span class='ocrx_word' id='word_1_91' title='bbox 1024 1610 1112 1670; x_wconf 87' lang='lat' dir='ltr'><strong>vide·</strong></span> 
     </span>
     <span class='ocr_line' id='line_1_12' title="bbox 74 1707 1113 1788; baseline 0.003 -19"><span class='ocrx_word' id='word_1_92' title='bbox 74 1724 141 1772; x_wconf 89' lang='lat' dir='ltr'><strong>tor.</strong></span> <span class='ocrx_word' id='word_1_93' title='bbox 171 1709 317 1770; x_wconf 84' lang='lat' dir='ltr'><strong>Arrianoe</strong></span> <span class='ocrx_word' id='word_1_94' title='bbox 333 1709 421 1768; x_wconf 89' lang='lat' dir='ltr'><strong>enirn</strong></span> <span class='ocrx_word' id='word_1_95' title='bbox 437 1727 468 1787; x_wconf 90' lang='lat' dir='ltr'><strong>p.</strong></span> <span class='ocrx_word' id='word_1_96' title='bbox 478 1727 522 1768; x_wconf 87' lang='lat' dir='ltr'><strong>tn.</strong></span> <span class='ocrx_word' id='word_1_97' title='bbox 538 1717 593 1782; x_wconf 79' lang='lat'><strong>15.</strong></span> <span class='ocrx_word' id='word_1_98' title='bbox 614 1727 653 1768; x_wconf 86' lang='lat' dir='ltr'><strong>ex</strong></span> <span class='ocrx_word' id='word_1_99' title='bbox 667 1707 882 1788; x_wconf 82' lang='lat' dir='ltr'><strong>Xenophonte</strong></span> <span class='ocrx_word' id='word_1_100' title='bbox 896 1711 1000 1768; x_wconf 88' lang='lat' dir='ltr'><strong>reddit</strong></span> <span class='ocrx_word' id='word_1_101' title='bbox 1017 1730 1071 1788; x_wconf 90' lang='lat' dir='ltr'><strong>per</strong></span> <span class='ocrx_word' id='word_1_102' title='bbox 1086 1731 1113 1773; x_wconf 85' lang='grc' dir='ltr'><strong>ε.</strong></span> 
     </span>
     <span class='ocr_line' id='line_1_13' title="bbox 75 1805 1111 1894; baseline -0.001 -22"><span class='ocrx_word' id='word_1_103' title='bbox 75 1809 187 1873; x_wconf 83' lang='lat' dir='ltr'><strong>incola</strong></span> <span class='ocrx_word' id='word_1_104' title='bbox 206 1805 388 1894; x_wconf 77' lang='grc' dir='ltr'><strong>’Δρμεναῖος</strong></span> <span class='ocrx_word' id='word_1_105' title='bbox 408 1810 491 1888; x_wconf 82' lang='lat' dir='ltr'><strong>epod</strong></span> <span class='ocrx_word' id='word_1_106' title='bbox 508 1807 716 1889; x_wconf 82' lang='lat' dir='ltr'><strong>Stephanum.</strong></span> <span class='ocrx_word' id='word_1_107' title='bbox 757 1808 867 1886; x_wconf 80' lang='lat' dir='ltr'><strong>Scylax</strong></span> <span class='ocrx_word' id='word_1_108' title='bbox 889 1829 918 1886; x_wconf 89' lang='lat' dir='ltr'><strong>p.</strong></span> <span class='ocrx_word' id='word_1_109' title='bbox 937 1823 994 1887; x_wconf 80' lang='lat'><strong>55.</strong></span> <span class='ocrx_word' id='word_1_110' title='bbox 1014 1807 1111 1872; x_wconf 81' lang='lat' dir='ltr'><strong>iluds.</strong></span> 
     </span>
     <span class='ocr_line' id='line_1_14' title="bbox 75 1905 1113 1994; baseline -0.003 -20"><span class='ocrx_word' id='word_1_111' title='bbox 75 1905 176 1978; x_wconf 78' lang='grc' dir='ltr'>πόλιν</span> <span class='ocrx_word' id='word_1_112' title='bbox 193 1905 370 1994; x_wconf 68' lang='grc' dir='ltr'><strong>Ἑλληνίδα</strong></span> <span class='ocrx_word' id='word_1_113' title='bbox 388 1909 464 1968; x_wconf 84' lang='lat' dir='ltr'><strong>dicit</strong></span> <span class='ocrx_word' id='word_1_114' title='bbox 483 1928 558 1970; x_wconf 78' lang='lat' dir='ltr'><strong>cum</strong></span> <span class='ocrx_word' id='word_1_115' title='bbox 579 1923 691 1990; x_wconf 84' lang='lat' dir='ltr'><strong>portu.</strong></span> <span class='ocrx_word' id='word_1_116' title='bbox 717 1928 812 1990; x_wconf 88' lang='lat' dir='ltr'><strong>quem</strong></span> <span class='ocrx_word' id='word_1_117' title='bbox 829 1922 861 1968; x_wconf 89' lang='lat' dir='ltr'><strong>et</strong></span> <span class='ocrx_word' id='word_1_118' title='bbox 878 1923 997 1968; x_wconf 90' lang='lat' dir='ltr'><strong>norunt</strong></span> <span class='ocrx_word' id='word_1_119' title='bbox 1015 1913 1113 1972; x_wconf 83' lang='lat' dir='ltr'><strong>rlrria·</strong></span> 
     </span>
     <span class='ocr_line' id='line_1_15' title="bbox 76 2008 1110 2092; baseline -0.004 -17"><span class='ocrx_word' id='word_1_120' title='bbox 76 2033 141 2075; x_wconf 85' lang='lat' dir='ltr'><strong>noe</strong></span> <span class='ocrx_word' id='word_1_121' title='bbox 162 2024 195 2072; x_wconf 93' lang='lat' dir='ltr'><strong>et</strong></span> <span class='ocrx_word' id='word_1_122' title='bbox 216 2011 394 2072; x_wconf 71' lang='lat' dir='ltr'><strong>Marcianus</strong></span> <span class='ocrx_word' id='word_1_123' title='bbox 411 2031 443 2092; x_wconf 88' lang='lat' dir='ltr'><strong>p.</strong></span> <span class='ocrx_word' id='word_1_124' title='bbox 462 2029 505 2072; x_wconf 87' lang='lat' dir='ltr'><strong>m.</strong></span> <span class='ocrx_word' id='word_1_125' title='bbox 523 2023 581 2084; x_wconf 79' lang='lat'><strong>72.</strong></span> <span class='ocrx_word' id='word_1_126' title='bbox 617 2009 728 2071; x_wconf 88' lang='lat' dir='ltr'><strong>Strabo</strong></span> <span class='ocrx_word' id='word_1_127' title='bbox 750 2027 803 2070; x_wconf 76' lang='lat' dir='ltr'><strong>to.</strong></span> <span class='ocrx_word' id='word_1_128' title='bbox 828 2031 859 2090; x_wconf 89' lang='lat' dir='ltr'><strong>p.</strong></span> <span class='ocrx_word' id='word_1_129' title='bbox 883 2011 964 2087; x_wconf 77' lang='lat'><strong>576.</strong></span> <span class='ocrx_word' id='word_1_130' title='bbox 987 2008 1006 2068; x_wconf 89' lang='lat' dir='ltr'><strong>s.</strong></span> <span class='ocrx_word' id='word_1_131' title='bbox 1025 2023 1110 2089; x_wconf 70' lang='lat'><strong>545.</strong></span> 
     </span>
     <span class='ocr_line' id='line_1_16' title="bbox 75 2105 1113 2198; baseline -0.004 -22"><span class='ocrx_word' id='word_1_132' title='bbox 75 2113 191 2178; x_wconf 90' lang='lat' dir='ltr'><strong>etalii.</strong></span> <span class='ocrx_word' id='word_1_133' title='bbox 229 2112 330 2172; x_wconf 88' lang='lat' dir='ltr'><strong>sideru</strong></span> <span class='ocrx_word' id='word_1_134' title='bbox 352 2105 462 2198; x_wconf 72' lang='grc' dir='ltr'><strong><em>κώμην</em></strong></span> <span class='ocrx_word' id='word_1_135' title='bbox 478 2111 669 2192; x_wconf 87' lang='lat' dir='ltr'><strong>plerumque</strong></span> <span class='ocrx_word' id='word_1_136' title='bbox 684 2111 850 2191; x_wconf 87' lang='lat' dir='ltr'><strong>adpellant,</strong></span> <span class='ocrx_word' id='word_1_137' title='bbox 873 2111 1113 2192; x_wconf 82' lang='lat' dir='ltr'><strong>(Sinopenlium</strong></span> 
     </span>
     <span class='ocr_line' id='line_1_17' title="bbox 74 2203 1133 2296; baseline -0.006 -18"><span class='ocrx_word' id='word_1_138' title='bbox 74 2216 167 2278; x_wconf 80' lang='lat' dir='ltr'><strong>addit</strong></span> <span class='ocrx_word' id='word_1_139' title='bbox 189 2213 303 2274; x_wconf 88' lang='lat' dir='ltr'><strong>Strabo</strong></span> <span class='ocrx_word' id='word_1_140' title='bbox 325 2210 518 2274; x_wconf 78' lang='lat' dir='ltr'><strong>adsentiente</strong></span> <span class='ocrx_word' id='word_1_141' title='bbox 540 2211 768 2295; x_wconf 86' lang='lat' dir='ltr'><strong>Xenophonte)</strong></span> <span class='ocrx_word' id='word_1_142' title='bbox 797 2203 897 2296; x_wconf 71' lang='grc' dir='ltr'>ἄκρον</span> <span class='ocrx_word' id='word_1_143' title='bbox 923 2227 1027 2272; x_wconf 85' lang='lat' dir='ltr'><strong>tamen</strong></span> <span class='ocrx_word' id='word_1_144' title='bbox 1048 2203 1133 2294; x_wconf 69' lang='lat' dir='ltr'><strong>epti</strong></span> 
     </span>
     <span class='ocr_line' id='line_1_18' title="bbox 74 2311 1113 2396; baseline -0.002 -18"><span class='ocrx_word' id='word_1_145' title='bbox 74 2331 169 2378; x_wconf 89' lang='lat' dir='ltr'><strong>tome</strong></span> <span class='ocrx_word' id='word_1_146' title='bbox 188 2314 351 2376; x_wconf 72' lang='lat' dir='ltr'><strong>Strabonis</strong></span> <span class='ocrx_word' id='word_1_147' title='bbox 374 2337 404 2396; x_wconf 90' lang='lat' dir='ltr'><strong>p.</strong></span> <span class='ocrx_word' id='word_1_148' title='bbox 428 2326 505 2390; x_wconf 77' lang='lat'><strong>155·</strong></span> <span class='ocrx_word' id='word_1_149' title='bbox 529 2311 627 2376; x_wconf 88' lang='lat' dir='ltr'><strong>Huds.</strong></span> <span class='ocrx_word' id='word_1_150' title='bbox 677 2313 774 2382; x_wconf 85' lang='lat' dir='ltr'><strong>Plinii</strong></span> <span class='ocrx_word' id='word_1_151' title='bbox 791 2327 892 2372; x_wconf 88' lang='lat' dir='ltr'><strong>aetate</strong></span> <span class='ocrx_word' id='word_1_152' title='bbox 914 2313 1113 2386; x_wconf 87' lang='lat' dir='ltr'><strong>intercidiise‚</strong></span> 
     </span>
     <span class='ocr_line' id='line_1_19' title="bbox 76 2404 1117 2502; baseline -0.003 -23"><span class='ocrx_word' id='word_1_153' title='bbox 76 2419 175 2479; x_wconf 85' lang='lat' dir='ltr'><strong>docet</strong></span> <span class='ocrx_word' id='word_1_154' title='bbox 192 2413 327 2476; x_wconf 84' lang='lat' dir='ltr'><strong>formula</strong></span> <span class='ocrx_word' id='word_1_155' title='bbox 350 2417 382 2474; x_wconf 92' lang='lat' dir='ltr'><strong>in</strong></span> <span class='ocrx_word' id='word_1_156' title='bbox 402 2414 451 2475; x_wconf 87' lang='lat' dir='ltr'><strong>hie</strong></span> <span class='ocrx_word' id='word_1_157' title='bbox 471 2413 665 2495; x_wconf 78' lang='lat' dir='ltr'><strong>frequentata</strong></span> <span class='ocrx_word' id='word_1_158' title='bbox 679 2404 766 2502; x_wconf 82' lang='lat' dir='ltr'><strong>fuit,</strong></span> <span class='ocrx_word' id='word_1_159' title='bbox 791 2415 838 2490; x_wconf 86' lang='lat' dir='ltr'><strong>(si,</strong></span> <span class='ocrx_word' id='word_1_160' title='bbox 859 2415 905 2489; x_wconf 79' lang='lat' dir='ltr'><strong>e.)</strong></span> <span class='ocrx_word' id='word_1_161' title='bbox 930 2429 961 2474; x_wconf 87' lang='lat' dir='ltr'><strong>at</strong></span> <span class='ocrx_word' id='word_1_162' title='bbox 980 2415 1046 2498; x_wconf 85' lang='lat' dir='ltr'><strong>poll</strong></span> <span class='ocrx_word' id='word_1_163' title='bbox 1064 2435 1117 2476; x_wconf 84' lang='lat' dir='ltr'><strong>ett-</strong></span> 
     </span>
     <span class='ocr_line' id='line_1_20' title="bbox 76 2515 1115 2599; baseline -0.003 -19"><span class='ocrx_word' id='word_1_164' title='bbox 76 2521 226 2586; x_wconf 84' lang='lat' dir='ltr'><strong>citatem.</strong></span> <span class='ocrx_word' id='word_1_165' title='bbox 254 2517 376 2578; x_wconf 85' lang='lat' dir='ltr'><strong>mentio</strong></span> <span class='ocrx_word' id='word_1_166' title='bbox 392 2516 461 2576; x_wconf 85' lang='lat' dir='ltr'><strong>eiua</strong></span> <span class='ocrx_word' id='word_1_167' title='bbox 480 2517 514 2575; x_wconf 94' lang='lat' dir='ltr'><strong>in</strong></span> <span class='ocrx_word' id='word_1_168' title='bbox 532 2515 647 2599; x_wconf 84' lang='lat' dir='ltr'><strong>Geugr.</strong></span> <span class='ocrx_word' id='word_1_169' title='bbox 665 2515 810 2576; x_wconf 79' lang='lat' dir='ltr'><strong>Ravenn.</strong></span> <span class='ocrx_word' id='word_1_170' title='bbox 828 2535 854 2578; x_wconf 67' lang='lat' dir='ltr'><strong>c„</strong></span> <span class='ocrx_word' id='word_1_171' title='bbox 869 2534 897 2577; x_wconf 87' lang='lat' dir='ltr'><strong>c.</strong></span> <span class='ocrx_word' id='word_1_172' title='bbox 915 2515 934 2576; x_wconf 94' lang='lat' dir='ltr'><strong>l.</strong></span> <span class='ocrx_word' id='word_1_173' title='bbox 950 2516 969 2574; x_wconf 93' lang='lat' dir='ltr'><strong>l.</strong></span> <span class='ocrx_word' id='word_1_174' title='bbox 1015 2516 1115 2599; x_wconf 88' lang='lat' dir='ltr'><strong>Quod</strong></span> 
     </span>
     <span class='ocr_line' id='line_1_21' title="bbox 75 2602 1116 2701; baseline -0.001 -21"><span class='ocrx_word' id='word_1_175' title='bbox 75 2619 165 2680; x_wconf 82' lang='lat' dir='ltr'><strong>Mela</strong></span> <span class='ocrx_word' id='word_1_176' title='bbox 187 2617 240 2678; x_wconf 91' lang='lat' dir='ltr'><strong>hic</strong></span> <span class='ocrx_word' id='word_1_177' title='bbox 264 2618 416 2679; x_wconf 74' lang='lat' dir='ltr'><strong>terminos</strong></span> <span class='ocrx_word' id='word_1_178' title='bbox 437 2615 641 2698; x_wconf 81' lang='lat' dir='ltr'><strong>Pamphyliae</strong></span> <span class='ocrx_word' id='word_1_179' title='bbox 662 2615 782 2686; x_wconf 85' lang='lat' dir='ltr'><strong>slatuit.</strong></span> <span class='ocrx_word' id='word_1_180' title='bbox 816 2617 867 2676; x_wconf 90' lang='lat' dir='ltr'><strong>alii</strong></span> <span class='ocrx_word' id='word_1_181' title='bbox 891 2617 1023 2679; x_wconf 79' lang='lat' dir='ltr'><strong>ulterior</strong></span> <span class='ocrx_word' id='word_1_182' title='bbox 1043 2602 1116 2701; x_wconf 76' lang='lat' dir='ltr'><strong>pro·</strong></span> 
     </span>
     <span class='ocr_line' id='line_1_22' title="bbox 76 2715 1015 2800; baseline -0.002 -16"><span class='ocrx_word' id='word_1_183' title='bbox 76 2731 234 2790; x_wconf 77' lang='lat' dir='ltr'><strong>movent,</strong></span> <span class='ocrx_word' id='word_1_184' title='bbox 259 2719 377 2798; x_wconf 88' lang='lat' dir='ltr'><strong>dequo</strong></span> <span class='ocrx_word' id='word_1_185' title='bbox 394 2715 482 2800; x_wconf 86' lang='lat' dir='ltr'><strong>supra</strong></span> <span class='ocrx_word' id='word_1_186' title='bbox 501 2719 625 2780; x_wconf 86' lang='lat' dir='ltr'><strong>dictum</strong></span> <span class='ocrx_word' id='word_1_187' title='bbox 645 2717 688 2780; x_wconf 83' lang='lat' dir='ltr'><strong>ett</strong></span> <span class='ocrx_word' id='word_1_188' title='bbox 703 2720 741 2783; x_wconf 86' lang='lat' dir='ltr'><strong>ad</strong></span> <span class='ocrx_word' id='word_1_189' title='bbox 757 2719 1015 2799; x_wconf 79' lang='lat' dir='ltr'><strong>Paphlagonum.</strong></span> 
     </span>
    </p>
   </div>
   <div class='ocr_carea' id='block_1_4' title="bbox 78 2912 1122 4216">
    <p class='ocr_par' dir='ltr' id='par_1_4' title="bbox 78 2912 1122 4216">
     <span class='ocr_line' id='line_1_23' title="bbox 248 2912 1117 3002; baseline -0.002 -20"><span class='ocrx_word' id='word_1_190' title='bbox 248 2923 278 3000; x_wconf 88' lang='lat'><strong>§.</strong></span> <span class='ocrx_word' id='word_1_191' title='bbox 307 2937 342 3002; x_wconf 85' lang='lat'><strong>9.</strong></span> <span class='ocrx_word' id='word_1_192' title='bbox 398 2915 620 3001; x_wconf 81' lang='lat' dir='ltr'><strong>Chalybes)</strong></span> <span class='ocrx_word' id='word_1_193' title='bbox 662 2918 717 2985; x_wconf 87' lang='lat' dir='ltr'><strong>Gr.</strong></span> <span class='ocrx_word' id='word_1_194' title='bbox 738 2912 902 2994; x_wconf 73' lang='grc' dir='ltr'><strong>Χάλυβες.</strong></span> <span class='ocrx_word' id='word_1_195' title='bbox 947 2920 1117 3002; x_wconf 82' lang='lat' dir='ltr'><strong>Quaeritur</strong></span> 
     </span>
     <span class='ocr_line' id='line_1_24' title="bbox 78 3019 1116 3101; baseline -0.007 -13"><span class='ocrx_word' id='word_1_196' title='bbox 78 3025 122 3088; x_wconf 84' lang='lat' dir='ltr'><strong>tle</strong></span> <span class='ocrx_word' id='word_1_197' title='bbox 154 3023 287 3088; x_wconf 86' lang='lat' dir='ltr'><strong>nomine</strong></span> <span class='ocrx_word' id='word_1_198' title='bbox 312 3035 345 3086; x_wconf 81' lang='lat' dir='ltr'><strong>et</strong></span> <span class='ocrx_word' id='word_1_199' title='bbox 365 3019 432 3083; x_wconf 86' lang='lat' dir='ltr'><strong>fitu.</strong></span> <span class='ocrx_word' id='word_1_200' title='bbox 484 3022 509 3082; x_wconf 84' lang='lat' dir='ltr'>A</span> <span class='ocrx_word' id='word_1_201' title='bbox 535 3021 690 3101; x_wconf 74' lang='lat' dir='ltr'><strong>chalybe,</strong></span> <span class='ocrx_word' id='word_1_202' title='bbox 722 3021 832 3082; x_wconf 84' lang='lat' dir='ltr'><strong>Martie</strong></span> <span class='ocrx_word' id='word_1_203' title='bbox 858 3021 941 3091; x_wconf 85' lang='lat' dir='ltr'><strong>lilio,</strong></span> <span class='ocrx_word' id='word_1_204' title='bbox 971 3021 1001 3082; x_wconf 84' lang='lat' dir='ltr'><strong>id</strong></span> <span class='ocrx_word' id='word_1_205' title='bbox 1028 3023 1116 3081; x_wconf 90' lang='lat' dir='ltr'><strong>ducit</strong></span> 
     </span>
     <span class='ocr_line' id='line_1_25' title="bbox 80 3121 1117 3204; baseline -0.007 -16"><span class='ocrx_word' id='word_1_206' title='bbox 80 3125 190 3188; x_wconf 79' lang='lat' dir='ltr'><strong>schot.</strong></span> <span class='ocrx_word' id='word_1_207' title='bbox 204 3123 363 3204; x_wconf 79' lang='lat' dir='ltr'><strong>Apollonii</strong></span> <span class='ocrx_word' id='word_1_208' title='bbox 379 3123 416 3182; x_wconf 88' lang='lat' dir='ltr'><strong>ad</strong></span> <span class='ocrx_word' id='word_1_209' title='bbox 438 3137 468 3190; x_wconf 82' lang='lat' dir='ltr'><strong>e.</strong></span> <span class='ocrx_word' id='word_1_210' title='bbox 486 3134 568 3203; x_wconf 78' lang='lat'><strong>374.</strong></span> <span class='ocrx_word' id='word_1_211' title='bbox 605 3125 642 3184; x_wconf 91' lang='lat' dir='ltr'><strong>ln</strong></span> <span class='ocrx_word' id='word_1_212' title='bbox 661 3123 803 3184; x_wconf 89' lang='lat' dir='ltr'><strong>Homero</strong></span> <span class='ocrx_word' id='word_1_213' title='bbox 821 3121 858 3183; x_wconf 90' lang='lat' dir='ltr'><strong>ll.</strong></span> <span class='ocrx_word' id='word_1_214' title='bbox 879 3139 909 3191; x_wconf 81' lang='lat' dir='ltr'><strong>e.</strong></span> <span class='ocrx_word' id='word_1_215' title='bbox 927 3123 1009 3198; x_wconf 78' lang='lat'><strong>856.</strong></span> <span class='ocrx_word' id='word_1_216' title='bbox 1030 3121 1117 3182; x_wconf 88' lang='lat' dir='ltr'><strong>Hali·</strong></span> 
     </span>
     <span class='ocr_line' id='line_1_26' title="bbox 78 3217 1116 3306; baseline -0.002 -16"><span class='ocrx_word' id='word_1_217' title='bbox 78 3247 190 3294; x_wconf 83' lang='lat' dir='ltr'><strong>zonee.</strong></span> <span class='ocrx_word' id='word_1_218' title='bbox 216 3225 269 3304; x_wconf 92' lang='lat' dir='ltr'><strong>qui</strong></span> <span class='ocrx_word' id='word_1_219' title='bbox 284 3223 395 3306; x_wconf 84' lang='lat' dir='ltr'><strong>procul</strong></span> <span class='ocrx_word' id='word_1_220' title='bbox 412 3221 512 3301; x_wconf 85' lang='lat' dir='ltr'><strong>Alybe</strong></span> <span class='ocrx_word' id='word_1_221' title='bbox 527 3238 689 3294; x_wconf 87' lang='lat' dir='ltr'><strong>venerant.</strong></span> <span class='ocrx_word' id='word_1_222' title='bbox 718 3225 779 3284; x_wconf 91' lang='lat' dir='ltr'><strong>huc</strong></span> <span class='ocrx_word' id='word_1_223' title='bbox 795 3217 915 3284; x_wconf 75' lang='lat' dir='ltr'><strong>arcessit</strong></span> <span class='ocrx_word' id='word_1_224' title='bbox 929 3223 1041 3286; x_wconf 85' lang='lat' dir='ltr'><strong>Strabo</strong></span> <span class='ocrx_word' id='word_1_225' title='bbox 1060 3239 1116 3288; x_wconf 63' lang='grc' dir='ltr'><strong>ια.</strong></span> 
     </span>
     <span class='ocr_line' id='line_1_27' title="bbox 79 3323 1116 3411; baseline 0 -27"><span class='ocrx_word' id='word_1_226' title='bbox 79 3348 114 3411; x_wconf 88' lang='lat' dir='ltr'><strong>p.</strong></span> <span class='ocrx_word' id='word_1_227' title='bbox 134 3341 219 3408; x_wconf 81' lang='lat'><strong>379.</strong></span> <span class='ocrx_word' id='word_1_228' title='bbox 238 3323 258 3388; x_wconf 92' lang='lat' dir='ltr'><strong>s.</strong></span> <span class='ocrx_word' id='word_1_229' title='bbox 276 3335 360 3403; x_wconf 74' lang='lat'><strong>549.</strong></span> <span class='ocrx_word' id='word_1_230' title='bbox 387 3323 443 3384; x_wconf 84' lang='lat' dir='ltr'><strong>uhi</strong></span> <span class='ocrx_word' id='word_1_231' title='bbox 465 3324 619 3406; x_wconf 84' lang='lat' dir='ltr'><strong>prolixam</strong></span> <span class='ocrx_word' id='word_1_232' title='bbox 642 3323 830 3408; x_wconf 80' lang='lat' dir='ltr'><strong>interposuit</strong></span> <span class='ocrx_word' id='word_1_233' title='bbox 854 3325 1116 3406; x_wconf 76' lang='lat' dir='ltr'><strong>dieputatiouem,</strong></span> 
     </span>
     <span class='ocr_line' id='line_1_28' title="bbox 79 3423 1116 3511; baseline -0.002 -23"><span class='ocrx_word' id='word_1_234' title='bbox 79 3449 178 3511; x_wconf 86' lang='lat' dir='ltr'><strong>quarn</strong></span> <span class='ocrx_word' id='word_1_235' title='bbox 208 3427 317 3488; x_wconf 83' lang='lat' dir='ltr'><strong>ulium</strong></span> <span class='ocrx_word' id='word_1_236' title='bbox 352 3425 458 3506; x_wconf 83' lang='lat' dir='ltr'><strong>cupidi</strong></span> <span class='ocrx_word' id='word_1_237' title='bbox 492 3425 548 3507; x_wconf 89' lang='lat' dir='ltr'><strong>ipst</strong></span> <span class='ocrx_word' id='word_1_238' title='bbox 579 3426 702 3509; x_wconf 86' lang='lat' dir='ltr'><strong>legant.</strong></span> <span class='ocrx_word' id='word_1_239' title='bbox 744 3426 859 3488; x_wconf 80' lang='lat' dir='ltr'><strong>additia</strong></span> <span class='ocrx_word' id='word_1_240' title='bbox 889 3426 1049 3487; x_wconf 81' lang='lat' dir='ltr'><strong>Eustathio</strong></span> <span class='ocrx_word' id='word_1_241' title='bbox 1076 3423 1116 3486; x_wconf 81' lang='lat' dir='ltr'><strong>ad</strong></span> 
     </span>
     <span class='ocr_line' id='line_1_29' title="bbox 81 3523 1118 3608; baseline -0.006 -16"><span class='ocrx_word' id='word_1_242' title='bbox 81 3531 264 3592; x_wconf 87' lang='lat' dir='ltr'><strong>Homerum</strong></span> <span class='ocrx_word' id='word_1_243' title='bbox 291 3541 324 3587; x_wconf 88' lang='lat' dir='ltr'><strong>et</strong></span> <span class='ocrx_word' id='word_1_244' title='bbox 348 3523 480 3604; x_wconf 86' lang='lat' dir='ltr'><strong>Dionys.</strong></span> <span class='ocrx_word' id='word_1_245' title='bbox 505 3547 535 3588; x_wconf 86' lang='lat' dir='ltr'><strong>v.</strong></span> <span class='ocrx_word' id='word_1_246' title='bbox 556 3529 639 3598; x_wconf 90' lang='lat'><strong>767.</strong></span> <span class='ocrx_word' id='word_1_247' title='bbox 680 3529 846 3608; x_wconf 86' lang='lat' dir='ltr'><strong>Stephano</strong></span> <span class='ocrx_word' id='word_1_248' title='bbox 871 3543 903 3588; x_wconf 89' lang='lat' dir='ltr'><strong>et</strong></span> <span class='ocrx_word' id='word_1_249' title='bbox 927 3527 1055 3606; x_wconf 87' lang='lat' dir='ltr'><strong>Heynin</strong></span> <span class='ocrx_word' id='word_1_250' title='bbox 1078 3525 1118 3588; x_wconf 84' lang='lat' dir='ltr'><strong>etl</strong></span> 
     </span>
     <span class='ocr_line' id='line_1_30' title="bbox 81 3617 1118 3714; baseline -0.006 -20"><span class='ocrx_word' id='word_1_251' title='bbox 81 3633 219 3694; x_wconf 88' lang='lat' dir='ltr'><strong>Homer.</strong></span> <span class='ocrx_word' id='word_1_252' title='bbox 235 3647 262 3691; x_wconf 81' lang='lat' dir='ltr'><strong>e.</strong></span> <span class='ocrx_word' id='word_1_253' title='bbox 277 3630 299 3697; x_wconf 86' lang='lat' dir='ltr'><strong>l.</strong></span> <span class='ocrx_word' id='word_1_254' title='bbox 343 3627 468 3708; x_wconf 87' lang='lat' dir='ltr'><strong>Nempe</strong></span> <span class='ocrx_word' id='word_1_255' title='bbox 484 3617 608 3712; x_wconf 68' lang='grc' dir='ltr'>’Δλύβη</span> <span class='ocrx_word' id='word_1_256' title='bbox 625 3649 682 3710; x_wconf 91' lang='lat' dir='ltr'><strong>pro</strong></span> <span class='ocrx_word' id='word_1_257' title='bbox 697 3621 839 3714; x_wconf 71' lang='lat' dir='ltr'><strong>Xoluiiip</strong></span> <span class='ocrx_word' id='word_1_258' title='bbox 854 3627 975 3700; x_wconf 79' lang='lat' dir='ltr'><strong>dictum</strong></span> <span class='ocrx_word' id='word_1_259' title='bbox 994 3627 1118 3704; x_wconf 82' lang='lat' dir='ltr'><strong>volunt,</strong></span> 
     </span>
     <span class='ocr_line' id='line_1_31' title="bbox 81 3727 1120 3815; baseline -0.002 -23"><span class='ocrx_word' id='word_1_260' title='bbox 81 3731 171 3815; x_wconf 86' lang='lat' dir='ltr'><strong>quod</strong></span> <span class='ocrx_word' id='word_1_261' title='bbox 203 3750 271 3794; x_wconf 87' lang='lat' dir='ltr'><strong>non</strong></span> <span class='ocrx_word' id='word_1_262' title='bbox 301 3727 483 3790; x_wconf 77' lang='lat' dir='ltr'><strong>inusitatum</strong></span> <span class='ocrx_word' id='word_1_263' title='bbox 518 3727 578 3788; x_wconf 86' lang='lat' dir='ltr'><strong>elle</strong></span> <span class='ocrx_word' id='word_1_264' title='bbox 608 3730 762 3812; x_wconf 84' lang='lat' dir='ltr'><strong>exemplis</strong></span> <span class='ocrx_word' id='word_1_265' title='bbox 787 3727 899 3810; x_wconf 88' lang='lat' dir='ltr'><strong>probat</strong></span> <span class='ocrx_word' id='word_1_266' title='bbox 924 3729 1059 3790; x_wconf 84' lang='lat' dir='ltr'><strong>Bochart</strong></span> <span class='ocrx_word' id='word_1_267' title='bbox 1085 3729 1120 3790; x_wconf 87' lang='lat' dir='ltr'><strong>iu</strong></span> 
     </span>
     <span class='ocr_line' id='line_1_32' title="bbox 80 3827 1121 3916; baseline -0.003 -23"><span class='ocrx_word' id='word_1_268' title='bbox 80 3833 203 3916; x_wconf 78' lang='lat' dir='ltr'><strong>Phaleg</strong></span> <span class='ocrx_word' id='word_1_269' title='bbox 229 3849 260 3901; x_wconf 80' lang='lat' dir='ltr'><strong>e.</strong></span> <span class='ocrx_word' id='word_1_270' title='bbox 287 3845 342 3906; x_wconf 84' lang='lat'><strong>17.</strong></span> <span class='ocrx_word' id='word_1_271' title='bbox 359 3827 384 3892; x_wconf 86' lang='lat' dir='ltr'><strong>s.</strong></span> <span class='ocrx_word' id='word_1_272' title='bbox 436 3829 498 3890; x_wconf 78' lang='lat' dir='ltr'><strong>Alii</strong></span> <span class='ocrx_word' id='word_1_273' title='bbox 522 3827 753 3892; x_wconf 87' lang='lat' dir='ltr'><strong>Chaldaeorum</strong></span> <span class='ocrx_word' id='word_1_274' title='bbox 775 3831 806 3890; x_wconf 84' lang='lat' dir='ltr'><strong>id</strong></span> <span class='ocrx_word' id='word_1_275' title='bbox 835 3827 971 3911; x_wconf 86' lang='lat' dir='ltr'><strong>priscum</strong></span> <span class='ocrx_word' id='word_1_276' title='bbox 1000 3849 1121 3892; x_wconf 86' lang='lat' dir='ltr'><strong>nomen</strong></span> 
     </span>
     <span class='ocr_line' id='line_1_33' title="bbox 82 3927 1121 4015; baseline -0.003 -21"><span class='ocrx_word' id='word_1_277' title='bbox 82 3934 176 4000; x_wconf 84' lang='lat' dir='ltr'><strong>soille</strong></span> <span class='ocrx_word' id='word_1_278' title='bbox 193 3945 364 4015; x_wconf 87' lang='lat' dir='ltr'><strong>putarunt.</strong></span> <span class='ocrx_word' id='word_1_279' title='bbox 391 3930 431 3992; x_wconf 90' lang='lat' dir='ltr'><strong>de</strong></span> <span class='ocrx_word' id='word_1_280' title='bbox 453 3950 517 4010; x_wconf 91' lang='lat' dir='ltr'><strong>quo</strong></span> <span class='ocrx_word' id='word_1_281' title='bbox 534 3927 573 3992; x_wconf 88' lang='lat' dir='ltr'><strong>cs.</strong></span> <span class='ocrx_word' id='word_1_282' title='bbox 597 3932 707 3994; x_wconf 86' lang='lat' dir='ltr'><strong>Strabo</strong></span> <span class='ocrx_word' id='word_1_283' title='bbox 723 3947 756 3992; x_wconf 89' lang='lat' dir='ltr'><strong>et</strong></span> <span class='ocrx_word' id='word_1_284' title='bbox 776 3930 964 3993; x_wconf 80' lang='lat' dir='ltr'><strong>Eniitthiue.</strong></span> <span class='ocrx_word' id='word_1_285' title='bbox 1018 3931 1059 3992; x_wconf 86' lang='lat' dir='ltr'><strong>Et</strong></span> <span class='ocrx_word' id='word_1_286' title='bbox 1082 3929 1121 3991; x_wconf 85' lang='lat' dir='ltr'><strong>lic</strong></span> 
     </span>
     <span class='ocr_line' id='line_1_34' title="bbox 82 4030 1122 4119; baseline -0.002 -23"><span class='ocrx_word' id='word_1_287' title='bbox 82 4035 270 4119; x_wconf 81' lang='lat' dir='ltr'><strong>simpliciter</strong></span> <span class='ocrx_word' id='word_1_288' title='bbox 284 4031 443 4094; x_wconf 89' lang='lat' dir='ltr'><strong>Plutarch.</strong></span> <span class='ocrx_word' id='word_1_289' title='bbox 460 4033 494 4090; x_wconf 92' lang='lat' dir='ltr'><strong>in</strong></span> <span class='ocrx_word' id='word_1_290' title='bbox 511 4031 645 4098; x_wconf 90' lang='lat' dir='ltr'><strong>Lucullo</strong></span> <span class='ocrx_word' id='word_1_291' title='bbox 661 4053 727 4114; x_wconf 86' lang='lat' dir='ltr'><strong>cap.</strong></span> <span class='ocrx_word' id='word_1_292' title='bbox 744 4040 796 4110; x_wconf 71' lang='lat' dir='ltr'><strong>rip„</strong></span> <span class='ocrx_word' id='word_1_293' title='bbox 815 4032 853 4092; x_wconf 86' lang='lat' dir='ltr'><strong>ad</strong></span> <span class='ocrx_word' id='word_1_294' title='bbox 869 4030 1011 4094; x_wconf 85' lang='lat' dir='ltr'><strong>Pontum</strong></span> <span class='ocrx_word' id='word_1_295' title='bbox 1024 4033 1122 4094; x_wconf 84' lang='lat' dir='ltr'><strong>Tiba-</strong></span> 
     </span>
     <span class='ocr_line' id='line_1_35' title="bbox 83 4131 1122 4216; baseline -0.006 -16"><span class='ocrx_word' id='word_1_296' title='bbox 83 4139 172 4202; x_wconf 81' lang='lat' dir='ltr'><strong>reeie</strong></span> <span class='ocrx_word' id='word_1_297' title='bbox 195 4136 320 4198; x_wconf 86' lang='lat' dir='ltr'><strong>vicinoe</strong></span> <span class='ocrx_word' id='word_1_298' title='bbox 341 4135 436 4216; x_wconf 89' lang='lat' dir='ltr'><strong>ponit</strong></span> <span class='ocrx_word' id='word_1_299' title='bbox 461 4131 653 4206; x_wconf 82' lang='lat' dir='ltr'><strong>Chaldaeot,</strong></span> <span class='ocrx_word' id='word_1_300' title='bbox 685 4133 741 4196; x_wconf 85' lang='lat' dir='ltr'><strong>ubi</strong></span> <span class='ocrx_word' id='word_1_301' title='bbox 760 4133 921 4212; x_wconf 83' lang='lat' dir='ltr'><strong>Chalybee</strong></span> <span class='ocrx_word' id='word_1_302' title='bbox 943 4133 995 4196; x_wconf 83' lang='lat' dir='ltr'><strong>aiii</strong></span> <span class='ocrx_word' id='word_1_303' title='bbox 1022 4131 1122 4197; x_wconf 84' lang='lat' dir='ltr'><strong>oileu-</strong></span> 
     </span>
    </p>
   </div>
   <div class='ocr_carea' id='block_1_5' title="bbox 135 4231 865 4330">
    <p class='ocr_par' dir='ltr' id='par_1_5' title="bbox 135 4231 865 4330">
     <span class='ocr_line' id='line_1_36' title="bbox 135 4231 865 4330; baseline -0.01 -19"><span class='ocrx_word' id='word_1_304' title='bbox 135 4254 235 4330; x_wconf 70' lang='lat' dir='ltr'><strong>Pomp.</strong></span> <span class='ocrx_word' id='word_1_305' title='bbox 251 4251 345 4310; x_wconf 82' lang='lat' dir='ltr'><strong>Mese·</strong></span> <span class='ocrx_word' id='word_1_306' title='bbox 367 4249 483 4325; x_wconf 63' lang='lat' dir='ltr'><strong>&amp;egen</strong></span> <span class='ocrx_word' id='word_1_307' title='bbox 501 4248 540 4306; x_wconf 86' lang='lat' dir='ltr'><strong>L.</strong></span> <span class='ocrx_word' id='word_1_308' title='bbox 556 4249 579 4304; x_wconf 88' lang='lat' dir='ltr'><strong>s.</strong></span> <span class='ocrx_word' id='word_1_309' title='bbox 808 4231 865 4316; x_wconf 74' lang='lat'><strong>1³1³</strong></span> 
     </span>
    </p>
   </div>
   <div class='ocr_carea' id='block_1_6' title="bbox 0 0 1477 4958">
    <p class='ocr_par' dir='ltr' id='par_1_6' title="bbox 0 0 1477 4958">
     <span class='ocr_line' id='line_1_37' title="bbox 0 0 1477 4958; baseline 0 0"><span class='ocrx_word' id='word_1_310' title='bbox 0 0 1477 4958; x_wconf 95' lang='lat' dir='ltr'><strong> </strong></span> 
     </span>
    </p>
   </div>
  </div>
 </body>
</html>
