2922 4958
294 368 358 448 636
565 373 728 434 raom
768 375 1072 434 axuoarrcaa

293 545 347 612 Cf.
364 539 514 618 'Eusiatb
535 545 573 608 ad
597 547 731 628 Dionys.
749 563 777 611 c.
799 549 821 612 l.
854 549 1038 636 Wess'eliug.
1060 551 1099 612 ad
1120 549 1285 616 Herodot.
1305 561 1344 633 4.

296 649 356 728 86.
388 649 542 710 Schrader
562 651 600 709 ad
623 649 739 712 Arien.
753 671 786 712 r.
803 660 887 730 245.
920 651 1112 715 Wernedors
1129 654 1168 714 ed
1185 653 1343 716 Priscian.

293 771 328 814 r.
351 763 431 829 155.
459 748 588 812 Berkel.
605 750 642 812 ad
657 750 809 834 stephan.
828 773 860 834 p.
877 765 963 830 523.
1001 753 1128 836 Nempe
1142 773 1182 816 ex
1197 775 1235 816 ea
1250 755 1345 818 Pou-

293 865 365 914 turn
387 852 468 914 nasci
483 853 579 932 aliqui
599 851 763 935 putabant.
797 851 849 916 Cs.
865 855 1003 939 Procop.
1018 856 1060 918 de
1073 856 1111 918 B.
1128 855 1228 918 Goth.
1247 869 1285 935 4,
1302 858 1343 920 6.

293 953 494 1039 Agathemer.
516 969 549 1022 a.
579 965 632 1034 tq.
685 955 1026 1037 QuoadamaScythia
1043 977 1164 1020 nornen
1180 957 1342 1020 derivasse

295 1055 588 1118 traditEuslath.ad
604 1055 776 1134 Dionyl.v.
787 1065 872 1136 549.
897 1059 982 1139 quod
999 1059 1039 1118 ad
1055 1057 1213 1140 superiora
1229 1061 1340 1121 redire

294 1158 434 1220 videtur.
485 1156 579 1220 Certe
602 1177 618 1218 a
637 1157 794 1220 Maeotica
811 1171 908 1242 geute
924 1159 1046 1220 dictum
1064 1174 1156 1242 putat
1172 1161 1339 1239 Scymnue

292 1259 327 1320 in
350 1256 462 1344 fragm.
480 1279 513 1322 v.
536 1260 614 1321 ruo.
647 1271 741 1322 etex
763 1277 803 1322 eo
824 1279 1004 1338 anonymus
1033 1263 1067 1322 in
1088 1263 1212 1344 periplo
1234 1261 1339 1324 Ponti

292 1379 325 1442 p.
343 1373 378 1438 4.
400 1358 498 1422 lluds.
532 1361 681 1441 idemque
701 1379 733 1442 p.
754 1377 785 1424 o.
813 1379 830 1420 a
853 1361 990 1424 Maeotia
1011 1363 1188 1426 Iaxamatie.
1228 1361 1282 1424 cf.
1302 1375 1338 1425 et

291 1461 377 1524 Plin.
391 1471 426 1540 4.
443 1463 503 1524 26.
521 1460 541 1522 s.
564 1477 620 1524 ta.
672 1459 774 1543 Ipsam
794 1462 944 1543 paludem
965 1481 1032 1528 uon
1048 1463 1153 1525 multo
1170 1465 1336 1526 minorem

292 1574 383 1647 putat
404 1561 560 1625 Herodot.
576 1572 611 1642 4.
629 1563 687 1640 86.
713 1563 849 1625 dimidio
864 1563 974 1642 Scylax
989 1584 1021 1646 p.
1039 1579 1098 1642 30.
1117 1563 1219 1626 lluds.
1263 1565 1335 1650 Qui

163 1709 167 1722 .
291 1660 471 1726 mensuram
493 1663 688 1734 adscribunt.
713 1665 898 1747 plerumque
918 1684 1015 1752 qooo
1034 1665 1127 1728 stadia
1147 1679 1334 1737 numerant.

291 1777 330 1826 ut
347 1765 459 1826 Strabo
478 1781 510 1829 2.
530 1787 561 1848 p.
580 1767 638 1842 36.
656 1763 676 1827 s.
699 1777 778 1842 125.
808 1781 842 1842 7.
864 1765 1129 1848 p.2t5.s.5to.
1157 1769 1333 1831 Antania

291 1866 415 1948 periplo
437 1887 508 1950 pag.
529 1883 586 1930 ao.
608 1867 707 1930 Huds.
741 1867 945 1952 Agathemer.
967 1890 996 1940 ι,
1022 1881 1055 1949 3.
1084 1889 1163 1950 quae
1183 1867 1334 1931 efficiunt

297 1983 390 2030 taoo
409 1968 455 2032 M.
470 1969 507 2032 P.
534 1982 572 2031 ut
591 1968 704 2033 diserte
721 1981 832 2032 mouet
846 1989 1028 2050 anonymae
1045 1970 1098 2032 ille
1114 1972 1185 2032 init.
1204 1971 1333 2032 Pliniua

291 2078 326 2150 4.
344 2068 441 2148 alpi.
464 2084 517 2132 ra.
543 2090 582 2134 ex
597 2072 664 2134 aliir
686 2071 795 2155 paullo
812 2071 883 2153 plue
902 2073 1051 2134 minuare
1066 2071 1175 2135 habet.
1225 2071 1331 2134 Porro

290 2184 437 2234 veterum
457 2172 585 2253 quidam
607 2171 868 2256 septemtrionalia
882 2172 1003 2234 Oceani
1027 2173 1128 2234 finum
1148 2171 1208 2235 elle
1229 2172 1333 2235 credi·

290 2271 418 2343 derunt.
444 2285 481 2334 ut
497 2273 646 2358 Caspium
662 2295 758 2346 mare,
779 2275 865 2356 quod
883 2287 997 2336 notant
1010 2274 1094 2336 Plin.
1107 2289 1138 2344 a,
1156 2274 1215 2346 67.
1231 2272 1254 2336 s.
1266 2273 1328 2337 66.

290 2373 450 2438 Plutarch.
474 2376 507 2436 in
533 2377 621 2440 Alex.
645 2393 710 2459 cap.
736 2389 796 2458 qq.
837 2374 975 2458 Procop.
997 2376 1037 2437 de
1059 2375 1097 2439 B.
1121 2374 1220 2436 Goth.
1238 2385 1273 2452 4.
1291 2375 1328 2438 6.

288 2475 412 2538 Arrian.
436 2477 470 2536 iu
495 2477 619 2558 periplo
645 2479 739 2539 maris
761 2476 926 2557 Erythraei
954 2490 1034 2538 extr.
1068 2495 1165 2558 quern
1192 2477 1329 2556 quidem

289 2593 446 2645 errorem,
478 2589 514 2636 ut
535 2578 630 2646 aliua.
662 2577 792 2640 advexit
808 2590 890 2640 aetaa
912 2590 944 2638 et
963 2577 1124 2659 expeditio
1146 2577 1328 2641 Alexandri.

289 2677 423 2739 Rectiue
442 2676 582 2757 plerique
605 2698 677 2740 cum
695 2679 802 2740 Ponto
823 2692 1029 2741 connectunt.
1062 2677 1176 2740 Noster
1194 2699 1223 2749 r,
1243 2687 1327 2756 1,4.
1453 2711 1454 2744 t

289 2797 362 2839 cum
379 2779 446 2838 aliia
462 2779 579 2840 interni
593 2780 687 2842 maria
701 2781 797 2842 finem
809 2779 892 2851 iacit.
919 2799 989 2862 quo
1001 2791 1034 2842 et
1045 2778 1196 2862 respicere
1211 2791 1328 2860 putant
1453 2779 1454 2788 ’

288 2878 418 2969 quidam
436 2881 614 2960 Scythicam
637 2901 751 2944 vocem
772 2881 971 2952 Temeriuda,
1000 2879 1085 2961 quasi
1102 2881 1195 2941 maria
1218 2882 1328 2942 termi-

289 3001 361 3044 uua.
395 2981 493 3063 Quod
509 2983 750 3063 l‘olyb.q.40.
771 3003 834 3045 una
850 3001 922 3044 cum
944 2979 1011 3062 ipso
1027 2982 1134 3044 Ponto
1156 2980 1326 3061 obpletum
1453 3001 1454 3046 ῑ

288 3082 327 3144 iri
343 3083 507 3164 praedixit.
531 3097 659 3166 tempus
673 3086 807 3147 minime
822 3082 1054 3164 comprobarit.
1093 3082 1136 3142 H.
1151 3082 1327 3162 adpellator
1453 3095 1454 3102 ’

290 3205 360 3244 mor
376 3181 453 3244 delle
466 3183 640 3280 Zabuccsre.
662 3184 746 3247 delta
765 3185 863 3248 Turro.
896 3183 965 3246 Alia
979 3183 1174 3267 populorum
1189 3185 1326 3246 nomina

288 3284 376 3346 dabit
391 3287 517 3368 Dapper
532 3288 572 3349 de
589 3285 749 3370 l’archipel
771 3307 803 3369 p.
822 3298 906 3365 6¹9·

237 3438 241 3446 ·
361 3419 524 3500 terras)
574 3420 659 3483 Cum
682 3418 785 3489 Asiae,
810 3431 880 3478 tum
900 3417 1059 3499 Europae.
1096 3416 1325 3479 lterumeuim
1453 3407 1454 3486 Ῐ

288 3519 353 3582 illic
367 3521 595 3603 adproximant,
621 3521 659 3582 ad
676 3521 800 3582 Tauaiu
816 3521 964 3580 culturae.
998 3536 1185 3581 vaurauva.

365 3655 458 3715 inco
468 3651 563 3734 ruo)
614 3652 781 3734 Nusquam
795 3665 884 3712 recto
900 3663 1015 3722 tractu,
1041 3663 1078 3711 ut
1092 3649 1136 3714 est
1150 3649 1275 3712 Pontue
1288 3649 1325 3712 in

286 3758 385 3820 latere
403 3755 591 3820 meridiano.
626 3775 650 3818 r.
669 3771 867 3816 cnoxovrva
885 3751 961 3814 MS.

364 3889 553 3976 aequali)
584 3888 628 3950 Ut
648 3888 690 3948 ita
706 3897 866 3966 competat
880 3885 914 3944 in
930 3901 1007 3945 eum
1022 3880 1130 3944 similia
1143 3879 1323 3966 descriptio,

288 4013 369 4082 quae
386 3993 567 4058 attribuitur
588 3989 666 4052 stuui
680 3987 803 4050 Persico
820 4001 853 4062 3.
867 3997 899 4064 8.
916 4001 949 4048 a.
985 3985 1092 4064 Prope
1111 3985 1228 4056 Ponto,
1252 4001 1323 4046 non

287 4112 327 4164 ut
347 4095 459 4159 habeat
485 4095 613 4177 plenam
635 4089 769 4174 speciem
797 4107 896 4152 arcuo
909 4084 1066 4165 Scythici.
1098 4083 1149 4147 sed
1170 4097 1207 4144 ut
1224 4089 1323 4148 etiam

288 4203 369 4270 circa
383 4198 553 4264 introitum
566 4191 681 4260 lrabeat
691 4195 728 4260 in
740 4204 874 4277 utroque
888 4189 986 4256 latere
998 4199 1122 4254 rectum
1133 4187 1323 4274 marginem.
1453 4223 1454 4246 r

1449 1043 1454 1088 l
