2764 4958
175 439 225 497 tlt
251 435 391 496 ΡΟΜΡ.
421 435 528 492 tum.
571 435 652 492 L.1.
695 435 801 494 cdx.
844 437 922 506 §.n
1005 445 1068 510 255

55 609 192 695 syntagm.
206 631 236 674 r.
259 629 288 672 c.
305 624 339 684 7.
356 629 389 692 p.
400 621 459 686 57.
496 605 548 672 (tf.
565 609 660 670 etism
679 609 770 672 Lobo
785 627 910 694 voyage
927 605 1068 672 d'Abissr·

2 733 3 744 ¹
54 712 95 772 nie
107 713 141 774 Τ.
159 731 188 775 1.
207 733 239 794 p.
255 725 339 790 132.
379 711 425 772 to
444 710 584 772 dextrum
601 731 678 772 vero
693 713 784 794 regni
800 711 922 788 Goyatn
939 713 972 770 in
988 709 1069 798 tbtra

55 811 126 873 &nrt
138 815 168 874 in
182 815 304 874 vertice
313 810 471 890 Dmglae,
489 813 575 872 unde
590 827 675 874 tecto
691 811 782 872 cursu
799 811 832 872 in
848 813 952 872 lacum
970 813 1070 873 Darae

2 925 3 982 j
52 925 76 972 et
92 913 149 974 Be'd
170 927 301 1000 pergat,
336 911 442 974 sontes
462 911 608 974 describit
630 914 800 998 Gregorius
825 907 1013 974 Habesstuus
1034 913 1068 974 iu

2 1017 3 1112 p
52 1013 155 1094 epistola
169 1037 219 1079 en.
242 1017 340 1093 1657
359 1011 478 1095 scripta,
503 1033 597 1094 quam
613 1013 742 1074 inseruit
761 1015 949 1096 Ludosphus
966 1013 1070 1075 Histo-

2 1151 3 1166 .
50 1117 99 1176 riae
118 1117 205 1179 seth.
229 1137 259 1187 r,
284 1127 320 1193 8.
360 1115 534 1176 Thevenot
562 1115 715 1193 (Reisen)
743 1117 783 1176 T.
810 1135 840 1178 t.
870 1137 902 1198 p.
922 1127 1006 1196 334.
1029 1133 1069 1178 ex

51 1214 134 1299 iegato
152 1217 353 1298 Aethiopum
378 1217 537 1286 audierat,
570 1213 675 1278 sontes
696 1215 755 1278 eise
776 1217 810 1276 in
832 1217 964 1300 regione
987 1223 1068 1296 Ago.

51 1315 161 1378 Certum
179 1321 213 1379 id
229 1319 417 1401 praedicant
438 1317 533 1378 musti
555 1337 587 1380 v.
610 1337 638 1380 c.
668 1319 904 1400 Ternplemaon
924 1317 963 1380 erl
987 1317 1070 1379 Nor·

50 1415 97 1477 tien
120 1417 208 1480 flesse
233 1441 267 1502 p.
296 1419 379 1498 376·
432 1419 589 1483 Harrsuiu.
614 1417 653 1480 ad
680 1418 764 1480 Psin.
787 1437 813 1479 c.
839 1419 860 1480 l.
888 1453 933 1466 —
961 1419 1069 1501 plures

50 1518 189 1601 iidemque
214 1521 317 1604 periti
336 1533 469 1602 negant,
499 1532 552 1580 eut
572 1535 655 1580 certe
677 1520 836 1582 dubitant.
887 1520 960 1581 Vid.
988 1539 1068 1602 quas

49 1617 188 1700 disputant
209 1619 336 1684 Rooke
358 1619 470 1696 (Reise
493 1621 573 1680 nach
598 1622 653 1681 der
670 1619 767 1681 Kissie
787 1623 841 1682 des
861 1621 1068 1705 gliicklichen

48 1719 141 1798 snb.)
162 1745 194 1805 p.
215 1737 302 1808 139.
336 1721 460 1782 Maiilet
476 1721 567 1782 lettre
584 1737 616 1783 2.
640 1741 671 1803 p.
689 1735 746 1801 39.
764 1741 789 1782 c.
805 1722 825 1784 s.
858 1717 983 1784 voffius
996 1725 1025 1784 ⁸0.
1043 1723 1066 1786 s.

48 1839 96 1901 erp.
115 1826 166 1886 16.
185 1845 218 1906 p.
235 1833 299 1904 54.
330 1823 442 1901 Heyue
461 1823 500 1883 ad
515 1822 635 1884 Tibuls.
656 1841 685 1892 t,
705 1839 738 1902 7.
758 1837 816 1902 25.
847 1836 878 1883 et
900 1826 933 1884 iu
954 1825 1067 1904 primis

48 1921 183 1984 d’snvilse
201 1929 236 1985 in
263 1923 381 1986 dissert.
402 1922 451 1982 sur
472 1925 516 1985 les
541 1922 663 1986 sources
684 1926 728 1984 du
745 1923 799 1984 Nil
822 1943 903 2006 pour
918 1943 1067 2004 pronver.

47 2029 123 2102 qu'on
146 2047 186 2089 ne
208 2027 256 2088 ses
279 2046 298 2087 a
320 2027 414 2106 point
436 2043 550 2088 encore
573 2025 800 2098 decouvertes3
833 2027 868 2086 in
893 2025 1068 2088 Memoires

48 2122 75 2182 de
86 2127 263 2188 l'academie
280 2155 329 2168 --
349 2125 387 2186 rie
402 2126 489 2188 Paris
502 2128 600 2188 Tom.
619 2127 678 2188 26.
695 2147 728 2208 p.
744 2129 792 2208 46
807 2125 868 2207 sqq.
903 2127 965 2187 Hic
978 2127 1067 2188 euim

47 2222 120 2288 dooet
144 2228 288 2289 fluvium
314 2227 406 2286 illurn
428 2245 495 2288 non
516 2225 618 2308 ipsum
643 2226 703 2288 esse
724 2227 854 2297 Nisum,
889 2223 1066 2298 sedulium,

47 2328 129 2402 quiin
147 2350 224 2390 eum
244 2328 377 2400 influat;
398 2325 505 2408 ipsese
521 2330 665 2412 ignorare
683 2326 806 2391 fatetur.
843 2328 952 2390 Nostra
967 2341 1069 2392 aetate

48 2421 131 2490 sontes
147 2429 176 2492 se
191 2427 393 2512 investigasse
410 2431 537 2490 iactavit
552 2429 663 2498 Brnce.
680 2428 824 2511 (Travels
838 2427 875 2492 os
888 2429 943 2492 the
960 2427 1069 2493 source

47 2524 73 2584 os
87 2531 134 2592 the
155 2532 233 2594 Nile
253 2531 326 2592 Vol.
339 2543 371 2608 5.
387 2529 443 2590 ubi
460 2525 574 2612 musta)
597 2549 713 2610 eosque
730 2533 885 2593 indicavit
904 2531 982 2594 latit.
1006 2525 1068 2596 ιοο

48 2624 90 2706 59'
104 2627 162 2708 25'‘
182 2633 306 2717 longit.
326 2625 391 2709 36⁰
409 2643 429 2707 5
436 2625 465 2707 5'
488 2625 562 2708 30''.
615 2633 656 2692 At
670 2633 764 2692 etiam
781 2652 868 2694 nunc
883 2633 979 2694 sidem
999 2635 1068 2713 qni·

47 2729 100 2790 dnn
121 2735 302 2818 derogant,
334 2732 428 2794 iniis
455 2752 558 2816 nuper
584 2733 725 2802 siennes.
753 2733 829 2816 (the
851 2733 1069 2818 geographicas

2 2815 3 2866 i
48 2825 133 2904 system
150 2834 187 2895 os
198 2834 390 2896 Herodotus
410 2853 440 2914 p.
451 2836 525 2912 456
545 2831 628 2920 sqq.)
652 2836 706 2915 qui
724 2835 806 2895 alvei
821 2847 945 2895 tantum
961 2833 1068 2895 sontes

47 2932 177 2999 alirncio
200 2949 368 3018 repertos.
383 2953 486 2997 ‘veros
505 2936 608 2996 adhuc
625 2935 763 3018 ignorari
779 2948 879 3019 putat.
921 2933 972 2998 Cf.
988 2953 1067 3017 quaa

46 3049 196 3097 monentur
221 3036 266 3097 ad
291 3035 393 3096 Bruce
416 3033 531 3097 ueisen
553 3037 586 3096 in
613 3036 757 3098 versroue
783 3036 969 3098 Rinteliensr
987 3055 1064 3122 pag.

50 3143 103 3214 134
115 3135 174 3219 sqq.
202 3139 351 3200 Browue
367 3137 512 3212 (Travess
524 3158 557 3219 p.
567 3147 613 3219 47
620 3151 652 3216 3.
672 3135 693 3200 s.
712 3137 811 3200 versio
827 3134 907 3218 Lips.
926 3157 956 3218 p.
968 3139 1067 3217 654.)

47 3249 74 3290 tx
88 3238 219 3300 aliorum
240 3237 475 3299 narrationibus
493 3235 596 3299 sontes
610 3239 702 3320 pouit
718 3239 751 3298 in
771 3229 936 3299 montibus
954 3237 1069 3320 Isumrt'

46 3333 151 3406 (Lunae
166 3359 268 3402 mons
283 3338 467 3400 Ptolemaeo
483 3353 517 3422 4,
533 3341 588 3418 9.)
608 3340 642 3399 in
659 3343 791 3423 regione
805 3339 940 3419 Douga.

102 3490 307 3571 navigari
330 3479 516 3578 facilis)
567 3489 666 3552 Multi
684 3493 772 3552 euim
791 3492 823 3552 in
845 3491 989 3552 interiori
1007 3489 1067 3552 Ae·

47 3584 145 3670 thiopia
160 3591 297 3676 praealti
321 3589 438 3672 scopuli
460 3591 587 3652 alveum
604 3593 672 3655 eius
691 3589 888 3674 exasperant,
914 3605 952 3652 ut
967 3591 1067 3652 Hero·

46 3686 120 3752 dotus
135 3695 189 3756 lib.
212 3711 245 3754 Β.
263 3691 352 3773 [cap.
364 3685 444 3777 29.]
465 3691 581 3754 scribit.
609 3712 794 3756 vnorsuvs.
835 3691 900 3774 Ipsa
916 3691 1067 3754 structure

47 3785 160 3864 Graecae
175 3795 220 3856 est
234 3791 373 3864 formas.
401 3807 437 3855 ut
457 3813 486 3866 t,
507 3807 562 3874 ιε,
581 3805 616 3876 4.
660 3795 705 3856 Et
721 3793 760 3856 stc
775 3790 887 3878 passim
906 3793 1016 3854 similia
1031 3794 1065 3854 in

48 3883 141 3958 Nostro
162 3907 348 3958 occurrunt.
582 3879 587 3888 ’

101 4046 224 4108 Nilus
248 4043 326 4140 ess)
374 4047 401 4108 Ι.
425 4065 453 4108 e.
478 4045 612 4116 dicitur,
647 4047 720 4129 quia
741 4058 833 4112 entes
853 4045 1064 4109 eutromius

46 4147 122 4219 gerit,
146 4149 196 4210 uti
214 4147 327 4212 Noster
343 4145 408 4231 ipse
424 4148 572 4230 deinceps
587 4150 732 4232 explicat.
