2828 4966
349 375 390 472 5'0
621 384 782 450 norae
820 391 1122 448 axccnrrcrc

356 563 537 630 communie
558 565 751 626 Graecorum
771 577 804 625 et
826 563 942 626 sonum
965 561 1054 626 fuisse
1077 564 1201 627 dicitur.
1247 561 1341 626 Non
1365 561 1382 622 d

355 668 484 730 suerunt
500 681 624 736 tamen,
652 667 707 746 qni
723 667 799 727 duaa
817 678 941 726 tantum
959 663 1097 728 iacerent
1112 667 1197 728 urbia
1213 679 1352 746 partes.
1370 695 1382 706 ·

356 788 559 833 nvnrtearve.
608 769 687 830 Trea
703 779 805 848 partes
820 765 956 828 iiatuunt
972 781 1094 848 praeter
1110 766 1296 848 superiores
1313 767 1382 826 etia

354 870 466 935 Strabo
488 891 515 932 1.
539 890 570 951 p.
586 877 645 947 45.
670 866 690 928 s.
709 869 770 945 65.
805 869 975 948 Dionysius
992 889 1023 930 v.
1041 887 1076 948 9.
1114 867 1271 930 Priscian.
1294 887 1333 926 v.
1362 888 1373 926 ι

356 973 512 1034 Geminae
535 991 601 1052 cap.
633 983 688 1048 13.
720 967 899 1031 driiioteiee
920 971 959 1030 de
979 971 1101 1032 mundo
1129 990 1157 1032 c.
1184 984 1215 1049 3.
1264 968 1382 1051 Agatb

356 1093 434 1135 mer.
453 1088 485 1143 ιι,
504 1087 537 1134 2.
563 1073 714 1132 Timaeus
729 1071 811 1151 apud
827 1071 942 1149 Polyb.
960 1086 1013 1141 ια,
1031 1083 1089 1148 25.
1117 1069 1208 1134 Oros.
1226 1091 1262 1140 1,
1279 1085 1317 1132 Ω.
1350 1071 1382 1129 ic

357 1175 476 1236 nandee
497 1173 537 1233 de
558 1171 625 1233 reb.
650 1171 722 1233 Get.
747 1173 792 1233 in.
834 1173 986 1252 Apuleius
1016 1173 1056 1233 de
1085 1175 1209 1232 mundo
1236 1191 1274 1253 p.
1301 1192 1352 1232 m.
1380 1191 1382 1222 ι

358 1276 467 1337 liidor.
490 1273 529 1334 de
552 1275 668 1356 origin.
689 1282 742 1351 14,
764 1288 797 1334 Ω.
832 1273 977 1336 Μιιιιῐιιιι.
1001 1273 1129 1356 Capeiia
1146 1275 1178 1336 6.
1199 1293 1231 1354 p.
1256 1288 1356 1334 201.

356 1377 421 1438 aiii.
473 1376 613 1457 Quidam
639 1362 750 1435 eorum
775 1373 814 1434 de
839 1374 993 1434 divisione
1016 1377 1049 1434 in
1076 1379 1154 1436 duas
1178 1387 1294 1456 partes
1320 1373 1378 1432 sim

357 1489 508 1544 monent,
534 1475 587 1536 etit
605 1494 719 1556 paucos
735 1487 857 1560 tanturn
874 1477 917 1536 ita
931 1475 1062 1537 statuisse
1082 1476 1215 1545 volunt,
1242 1495 1264 1536 e
1289 1475 1382 1554 ‹pribt

357 1577 400 1640 eii
421 1575 566 1639 isocrates
585 1577 618 1636 in
640 1595 751 1659 paneg.
770 1595 797 1636 c.
813 1587 871 1654 48.
890 1579 935 1638 ιἰι.
969 1577 1057 1639 Aiioe
1073 1579 1192 1636 indicat
1212 1575 1382 1652 Weffetin,

357 1679 396 1740 ad
414 1680 570 1740 Herodot.
589 1691 621 1744 Ω.
643 1679 696 1740 rii.
729 1675 845 1757 quibua
867 1678 947 1739 adde
964 1678 1066 1740 Schoi.
1086 1677 1215 1738 Pindari
1238 1677 1283 1736 ad
1310 1676 1382 1736 Non

357 1789 392 1858 4,
421 1795 499 1842 rra.
552 1779 638 1840 Hinc
659 1778 803 1858 adparet,
830 1792 952 1840 veteres
968 1781 1045 1838 oiim
1063 1779 1144 1839 inter
1165 1776 1193 1837 se
1213 1775 1382 1839 dissensrii

358 1894 391 1942 et
412 1880 652 1942 Eratosthenem
676 1882 815 1960 primum
839 1879 871 1938 in
896 1880 972 1942 duae
998 1881 1101 1962 partes
1122 1878 1274 1940 divisisse.
1334 1879 1382 1936 i'it

358 2002 439 2063 quae
459 1982 498 2042 de
513 2000 553 2042 eo
567 1982 707 2062 disputat
727 1980 911 2042 Herodotus
925 1995 956 2041 et
977 1981 1088 2044 Strabo
1104 2001 1148 2041 cc.
1165 1981 1197 2042 ii.
1220 1980 1282 2040 hic
1304 1979 1382 2040 etiar

364 2097 419 2156 ¹7·
444 2103 475 2162 p.
493 2085 575 2159 567.
594 2079 614 2144 s.
632 2093 716 2162 824.
741 2101 876 2162 quorum
900 2083 951 2143 iiie
976 2084 1067 2143 malit
1086 2095 1232 2162 quatuor,
1264 2081 1321 2140 iric
1346 2099 1382 2160 pr

358 2183 479 2247 duabus
503 2197 696 2266 propugnat,
731 2184 817 2262 quod
844 2195 922 2243 terra
946 2199 1111 2264 aequatore
1134 2185 1166 2243 in
1190 2183 1274 2245 duae
1299 2195 1382 2262 parte

358 2285 500 2364 aequales
518 2286 639 2364 optime
657 2281 852 2364 dispescatur.
896 2287 941 2345 sta
957 2285 1110 2364 Polybius
1131 2300 1183 2354 ια,
1204 2297 1266 2358 25.
1289 2295 1382 2342 contr

358 2386 527 2446 Timaeum
560 2385 697 2465 disputat
725 2387 764 2443 de
791 2383 891 2445 tribua
919 2385 1079 2464 partibus,
1111 2385 1165 2446 etsi
1194 2383 1262 2467 ipse
1286 2397 1319 2462 5.
1343 2395 1382 2460 57

359 2486 494 2546 totidem
512 2486 615 2566 ponit.
656 2485 782 2566 Nempe
797 2499 858 2546 trec
875 2486 944 2548 iliae
961 2499 1063 2568 partes
1078 2486 1253 2546 habitatam
1281 2501 1381 2546 terrac

232 2604 239 2620 “
358 2583 497 2668 spectant
512 2601 545 2646 et
562 2583 653 2646 usum
669 2587 828 2669 vulgarent
839 2605 848 2658 ;
874 2587 953 2648 duae
976 2609 1013 2649 ex
1033 2589 1256 2648 mathematica
1273 2589 1381 2646 ration

358 2701 390 2750 et
406 2686 603 2770 Geugrapiria
622 2689 721 2770 magis
738 2687 921 2768 probantur.
962 2689 1046 2748 Hinc
1062 2693 1156 2748 etiam
1177 2685 1291 2768 passim
1315 2682 1381 2747 orbi

358 2801 486 2869 uterque
504 2789 658 2868 gemitum,
685 2791 723 2848 de
740 2807 803 2868 qno
820 2791 885 2849 vid.
903 2788 1085 2852 Broukhns.
1104 2791 1141 2850 ad
1164 2789 1291 2850 'i'ibnii
1311 2798 1346 2866 4,
1369 2799 1381 2844 ι’

364 2883 444 2960 ι76.
472 2903 502 2949 et
516 2891 677 2950 Staveren.
694 2893 731 2948 ad
749 2891 770 2950 F
774 2889 891 2972 uigent.
911 2889 1053 2968 iiiythoi.
1074 2909 1104 2958 e.
1129 2892 1180 2952 ι6.
1204 2905 1237 2951 et
1255 2889 1380 2950 omnint

357 2989 398 3050 de
415 2990 498 3050 varia
513 2991 668 3050 divisione
689 3003 786 3050 terrae
802 2993 885 3071 apud
906 3005 1029 3053 veteres
1046 2991 1199 3054 Ceiiariue
1217 2993 1250 3051 in
1273 2991 1380 3072 Geugr

356 3073 421 3153 ent.
446 3112 474 3161 ι,
497 3113 551 3152 ιι.
578 3105 610 3151 et
626 3091 789 3152 Betkeiius
811 3093 849 3151 ad
871 3093 1023 3173 Stephan.
1040 3115 1070 3174 p.
1090 3105 1172 3172 383.
1222 3093 1292 3175 Qui
1317 3095 1380 3152 duat

354 3205 458 3274 partes
479 3189 606 3262 faciunt,
632 3190 765 3254 Africam
782 3195 859 3252 dant
878 3195 927 3254 vei
945 3194 1099 3275 Europae,
1126 3207 1161 3254 ut
1177 3193 1302 3257 Sallust.
1324 3212 1347 3252 c.
1369 3187 1379 3248 i

357 3294 478 3355 Lucan.
495 3313 527 3372 9,
543 3305 628 3370 413.
664 3293 829 3376 Angustia.
849 3295 887 3355 de
908 3295 995 3356 civit.
1014 3297 1074 3356 Dei
1095 3297 1146 3362 16,
1171 3311 1225 3370 17.
1256 3293 1379 3378 Agathe

358 3414 438 3457 mer.
458 3412 488 3462 e.
509 3411 540 3455 2.
565 3429 613 3442 —
639 3395 692 3456 vei
714 3397 809 3456 etiarn
830 3395 927 3464 diiae,
953 3409 989 3455 ut
1009 3397 1064 3460 Sii.
1081 3397 1150 3458 itai.
1174 3417 1202 3467 r,
1229 3409 1312 3476 195.
1338 3387 1379 3452 eti

358 3497 445 3577 priua
466 3497 501 3556 iit
522 3495 670 3558 usitatius.
729 3497 799 3558 Vid.
821 3497 964 3579 Scaliger.
994 3499 1174 3580 Hypercrit.
1200 3518 1268 3581 cap.
1295 3497 1329 3559 6.
1361 3493 1379 3552 ei

360 3597 497 3658 Larcher
511 3599 547 3656 ad
565 3598 719 3658 Herodot.
740 3615 770 3667 n,
793 3599 843 3660 ιδ.
870 3601 966 3660 Τοιιι.
988 3615 1019 3661 a.
1043 3620 1074 3681 p.
1096 3618 1176 3680 ¹9¹·
1210 3593 1378 3660 Hincfortt

358 3695 537 3778 Stephanus
559 3693 666 3778 passini
687 3717 745 3780 pro
768 3700 866 3779 Libya
888 3701 981 3782 ponit
1002 3701 1120 3770 dsram,
1149 3715 1247 3784 prout
1267 3707 1378 3760 vetaret

361 3795 482 3861 secutus
506 3813 572 3859 erat
594 3799 814 3882 Geographoa,
844 3805 898 3881 qui
920 3803 996 3862 duae
1019 3817 1143 3863 tantum
1167 3815 1266 3864 terrae
1287 3799 1378 3911 pattep

360 3896 577 3984 agnoscebant,
602 3919 660 3960 nec
678 3901 751 3961 ideo
772 3903 887 3984 corrigi
907 3903 1013 3965 debet.
1056 3901 1106 3966 cf.
1126 3903 1250 3966 Weiiei.
1268 3901 1306 3962 ad
1325 3897 1377 3958 He

360 4003 466 4063 rodet.
482 4019 514 4070 2,
534 4002 589 4064 16.
621 4001 681 4062 Sed
699 4003 731 4061 in
747 4000 809 4082 ipsa
825 4006 961 4082 partium
979 4006 1176 4066 enarratione
1193 4023 1260 4066 non
1276 4007 1377 4064 omnes

359 4103 499 4168 eundem
515 4103 661 4166 ordinem
685 4099 868 4186 sequuntur.
919 4103 1058 4171 Africani
1080 4108 1185 4192 primo
1204 4108 1275 4171 loco
1294 4095 1377 4187 ponii
