2892 4950
349 377 414 462 apo
618 378 784 442 noran
822 385 1120 444 axnocrtcar

349 559 466 642 linger.
484 573 519 636 9.
539 557 576 620 E.
604 556 639 618 iu
659 577 721 638 qua
739 558 846 640 spepa
867 559 948 636 (lic)
970 561 1056 622 inter
1073 561 1155 621 dune
1173 556 1285 620 fluvida
1298 555 1368 617 iser·

348 681 430 720 mon
456 675 488 720 et
515 659 623 721 Caliur
649 659 694 742 (i.
716 679 745 721 e.
768 657 957 742 Caylirnm)
983 675 1166 745 ponuntur,
1203 661 1254 720 lric
1275 673 1369 719 autem

350 779 449 846 prope
463 759 624 842 Ephesum
638 760 672 820 in
689 781 773 822 mare
788 763 960 824 emittitur.
991 769 1015 825 Δ
1031 763 1160 842 Cayslro
1177 763 1289 822 dicitur
1300 779 1370 819 carn·

349 883 411 946 pne
427 861 447 926 s.
464 881 537 946 ager
551 861 709 940 Cayslriuo
725 863 780 926 Gr.
801 858 909 926 rodino
926 855 1109 952 Καΰστριον
1125 863 1146 926 s
1165 853 1371 947 liodorptyvbt.

350 965 423 1028 Vid.
442 962 622 1026 Euslathiue
634 963 674 1024 de
689 961 838 1047 scriptura
852 965 890 1024 ad
907 965 1040 1044 Dionys.
1053 987 1084 1028 v.
1095 979 1181 1045 857.
1206 979 1238 1026 et
1254 963 1370 1024 Homer.

349 1067 388 1130 ll.
405 1083 437 1136 9,
454 1065 541 1144 46ι.
566 1077 600 1124 et
613 1083 693 1147 qnae
706 1079 860 1126 notantur
873 1067 912 1126 ad
927 1067 1029 1129 Strab.
1050 1082 1105 1146 ι5.
1122 1089 1153 1150 p.
1169 1077 1255 1145 450.
1271 1061 1371 1126 [626.

348 1163 506 1248 Ἐφεσίας
526 1162 635 1229 πεδίον
659 1180 754 1227 vocat
776 1167 972 1248 Stephanus,
1001 1171 1088 1249 qnod
1113 1171 1151 1228 ad
1175 1167 1275 1247 Sipyli
1294 1181 1372 1247 agrot

350 1269 495 1332 extendit
518 1267 652 1330 Diodor.
675 1267 736 1330 stc.
761 1279 815 1348 alp,
832 1281 891 1346 80.
906 1271 951 1331 in.
981 1269 1020 1330 ab
1042 1271 1136 1352 altera
1164 1283 1252 1350 parte
1278 1264 1373 1327 versut

351 1371 478 1450 Cymen
500 1377 555 1448 14,
572 1383 631 1448 79.
669 1367 789 1449 Cayllri
803 1383 909 1432 autem
925 1371 1011 1432 illam
1028 1373 1205 1454 punitioni,
1224 1389 1278 1450 per
1291 1385 1372 1448 quant

349 1467 415 1554 ipse
431 1469 555 1540 labitur,
582 1470 764 1554 adtigerunt
779 1473 875 1533 etiam
895 1474 1096 1542 recentiores,
1128 1474 1163 1534 in
1187 1473 1226 1532 iia
1240 1465 1372 1531 Pococlte

261 1595 265 1602 ·
350 1573 391 1634 Τ.
411 1585 445 1651 5.
467 1592 499 1654 p.
517 1591 561 1634 m.
578 1573 637 1646 67.
651 1569 674 1634 s.
690 1591 725 1652 9.
777 1571 977 1634 Nobilitatur
999 1593 1094 1656 porro
1111 1574 1243 1638 fluvius,
1269 1585 1373 1651 cygno·

349 1693 422 1736 rutu
439 1673 758 1742 commorationibus,
774 1674 909 1734 Homeri
928 1675 1024 1734 etiam
1039 1688 1198 1758 tempore.
1235 1672 1302 1732 Vid.
1318 1669 1373 1730 llo·

351 1793 432 1838 ruer.
448 1775 485 1837 ll.
502 1789 535 1845 9,
548 1785 636 1854 459.
664 1775 772 1859 virgil.
783 1775 899 1859 Georg.
914 1797 941 1845 t,
954 1787 1036 1855 585.
1062 1776 1161 1839 oud.
1171 1769 1373 1850 Metamorph.

351 1891 386 1947 9,
404 1887 487 1953 959.
516 1887 548 1952 5.
567 1877 651 1954 586.
672 1907 721 1924 -
760 1875 840 1938 lude
858 1874 1024 1966 Caystrius
1040 1878 1106 1938 ales
1122 1879 1164 1938 de
1184 1893 1288 1959 cygno
1301 1869 1374 1953 apud

352 1977 453 2041 Ovid.
470 1977 563 2038 Trill.
582 1990 615 2054 5,
639 1999 666 2047 r,
689 1996 745 2040 ιι.
777 1974 828 2040 Cs.
843 1979 938 2039 etiarn
956 1977 1068 2042 Cellar.
1084 1979 1119 2040 in
1135 1979 1256 2062 Geogr.
1275 1987 1332 2034 aot.
1348 1983 1374 2046 5·

354 2091 386 2160 3,
408 2091 468 2158 94.
508 2078 618 2140 Graeci
641 2074 673 2142 h.
703 2093 819 2140 vocant
843 2069 999 2169 Korn-su
1023 2081 1232 2162 inaquam
1256 2077 1374 2161 nigram·
1397 2063 1400 2072 ¹

351 2181 450 2242 Turcl
467 2171 632 2270 Istttscsrust
645 2179 776 2242 Mittder
799 2183 821 2241 i.
835 2199 864 2242 e.
888 2179 1097 2242 Maeandrum
1115 2183 1289 2247 minorem,
1313 2175 1374 2256 φή·

351 2295 389 2344 nt
405 2281 555 2343 tollantur
570 2280 720 2344 Poooclte
737 2300 764 2344 c.
783 2281 807 2344 l.
831 2294 864 2343 at
878 2278 1074 2344 Teumeson
1089 2284 1130 2344 T.
1145 2297 1181 2359 3.
1198 2305 1230 2366 p.
1247 2301 1289 2342 m.
1301 2289 1371 2357 339.

351 2381 509 2446 flexuosus
525 2395 557 2441 et
577 2379 642 2465 ipse
659 2381 711 2450 etl,
733 2395 772 2442 ut
792 2381 973 2445 Maeander.
1013 2384 1063 2444 De
1077 2384 1145 2444 eiua
1159 2381 1251 2446 curso
1268 2375 1372 2442 consoli

350 2483 454 2566 potell
474 2481 569 2544 etiam
584 2485 673 2566 Spon
692 2485 726 2544 in
744 2502 867 2568 voyage
884 2485 981 2546 Tom.
999 2496 1031 2562 5.
1053 2503 1084 2566 p.
1102 2497 1188 2560 950.
1226 2479 1372 2546 oloribus,

350 2583 485 2644 Koulou
500 2583 608 2653 dictio,
633 2585 730 2644 etiarn
746 2604 833 2646 nunc
849 2585 1000 2656 obsideri,
1022 2586 1169 2648 adfirmat
1186 2581 1332 2648 Villoison
1343 2580 1372 2640 itt

350 2683 530 2770 prolegom.
549 2683 589 2745 ad
606 2683 742 2748 Homer.
762 2705 795 2768 p.
814 2695 873 2767 54.

346 2935 351 2948 .
427 2883 610 2952 Lebedos
617 2885 636 2972 )
684 2884 832 2964 Λέβεδος.
870 2891 1060 2952 Teuuemut
1080 2890 1158 2952 olim
1179 2890 1294 2958 Caret,
1317 2881 1374 2965 qoi-

351 2987 413 3052 bus
434 2989 567 3072 expulsu
582 2989 795 3062 Andraemon,
822 2989 920 3052 Codri
940 2992 1032 3063 lilino,
1061 2993 1177 3052 Ionum
1195 2995 1270 3062 dux,
1294 3001 1373 3050 occo·

351 3093 450 3174 pavit.
477 3087 627 3168 (Pausan.
645 3105 677 3167 7,
695 3105 727 3169 3,
749 3095 802 3167 9.)
854 3091 896 3153 At
910 3093 1022 3154 Strabo
1044 3103 1098 3170 ι4.
1116 3095 1161 3154 in.
1187 3104 1298 3160 narrat,
1322 3089 1374 3148 bn·

351 3194 601 3274 drocopuru(o)
624 3191 704 3263 sive,
739 3193 788 3253 uti
810 3191 882 3252 libri
902 3194 997 3254 etlam
1019 3193 1154 3264 volunt,
1186 3195 1373 3270 Andropon·

351 3313 429 3376 pum
454 3292 621 3353 Lebedum
649 3292 838 3362 condidisse,
862 3293 932 3356 1000
954 3295 1112 3376 quodam,
1138 3296 1265 3363 drtide,
1291 3305 1374 3352 0000·

350 3409 437 3477 pato,
454 3391 475 3456 s.
486 3391 600 3474 Aspida
615 3391 723 3464 insula,
743 3393 812 3476 poll
828 3392 1019 3466 Arconneso,
1042 3397 1076 3456 in
1096 3397 1223 3458 vicinia.
1250 3388 1372 3477 (Strabo

358 3507 413 3574 ¹3·
436 3515 469 3576 p.
487 3503 573 3576 445.
590 3491 611 3556 s.
634 3495 720 3574 645.
753 3495 904 3576 stephan.
929 3493 951 3558 l.
975 3515 1007 3558 v.
1033 3487 1174 3578 Ἀ’σπίς.)
1225 3488 1373 3557 Deliruxlt

352 3595 457 3680 polleo
484 3595 705 3674 Lysimachus,
739 3597 869 3676 eiusque
893 3597 1011 3660 incolae
1043 3597 1207 3680 Ephesum
1236 3591 1371 3660 traduxit·

352 3693 502 3778 (Peusau.
525 3715 553 3766 t,
568 3713 603 3775 9,
620 3709 654 3773 8.
675 3709 708 3757 et
723 3711 755 3772 7,
774 3710 805 3776 3,
824 3701 878 3774 9.)
912 3697 1023 3759 Paullo
1040 3713 1145 3760 tamen
1166 3699 1257 3760 aliter
1276 3696 1314 3756 de
1328 3688 1371 3750 ill!

352 3796 559 3860 conversione
575 3799 709 3879 exponit
726 3797 837 3860 Strabo
859 3807 914 3876 14.
932 3819 964 3880 p.
977 3809 1062 3878 445.
1079 3797 1099 3862 s.
1115 3802 1198 3879 645.
1224 3797 1278 3880 qni
1297 3807 1372 3877 prte-

353 3911 437 3962 teror
459 3897 565 3968 addit,
598 3897 666 3979 poll
680 3898 719 3959 ab
734 3899 838 3960 Attalo
852 3901 939 3960 cirea
956 3897 1171 3978 Myonnesum
1194 3901 1276 3962 inter
1289 3897 1370 3974 Teon

351 4013 385 4060 et
413 3998 565 4060 Lebedon
596 3999 752 4060 deductos
777 4001 894 4060 delude
919 4000 1072 4062 Lebedon
1096 4001 1232 4064 redtttle.
1270 3995 1370 4074 Neque

351 4109 460 4164 tamen
475 4099 516 4162 lio
531 4099 571 4162 td
590 4099 758 4184 prislinum
781 4101 929 4188 vigorem
949 4120 1121 4204 emergere*
1133 4103 1254 4190 potuit.
1287 4097 1369 4163 Gerw
