2764 4958
178 439 518 502 111101111111..
560 441 642 498 1.1.
686 437 790 498 out.
832 439 911 512 c3.
998 436 1061 522 269

64 609 320 679 henditVerderins
339 617 373 678 in
390 613 528 678 cenfion.
550 627 683 677 auctorr.
702 633 734 696 p.
753 629 786 688 7.
815 631 881 674 non
906 609 1006 676 solnm
1027 613 1062 678 in

62 713 152 786 oolho,
173 723 217 795 (a,
234 731 266 794 7,
285 735 341 780 aa.
372 731 405 798 3,
425 733 458 794 7,
479 737 508 778 1.
526 719 575 794 a.)
602 714 652 779 sed
667 728 699 778 et
720 717 753 776 in
770 715 839 778 allis
855 715 983 802 legitur.

117 916 437 998 Hippopotamos
445 917 464 1001 )
498 911 923 1004 Graecisirrrrotrrordp1013
946 915 1062 979 Achilli

60 1015 131 1076 Tatio
149 1029 180 1096 4,
202 1037 231 1082 1.
253 1041 292 1082 ex
312 1023 544 1104 Aegyptiorum
560 1019 616 1080 usu
633 1015 725 1084 ἵπποι
746 1017 806 1084 τοῦ
824 1013 959 1082 Νείλου.
998 1021 1061 1080 De·

60 1112 212 1198 scripserunt
227 1121 381 1185 Herodot.
400 1138 431 1188 o.
450 1141 509 1202 7¹·
537 1123 672 1184 Diodor.
688 1123 748 1184 Sic.
770 1141 799 1190 1,
817 1133 875 1200 35.
902 1117 1059 1184 Arillotel.

59 1215 231 1284 1111111111.
247 1241 278 1291 a,
298 1239 354 1286 12.
377 1223 461 1284 Plin.
479 1237 512 1300 3,
531 1237 588 1307 39.
607 1221 628 1286 s.
647 1234 703 1300 15.
730 1223 833 1284 Sosin.
850 1241 877 1282 c.
896 1233 954 1300 31.
967 1217 988 1284 1.
1000 1233 1058 1302 35.

56 1317 166 1382 Achilles
180 1323 291 1385 Tatios
304 1335 338 1402 4,
355 1339 388 1387 2.
421 1325 609 1386 Ammianus
624 1339 682 1393 oo,
708 1335 761 1400 ¹5·
800 1324 922 1384 Eorum
945 1341 983 1382 ex
1006 1341 1061 1384 ve·

57 1419 150 1482 teribus
177 1423 337 1486 historiam
358 1427 498 1486 criticam
528 1425 680 1486 adnexuit
713 1423 925 1488 Schneiderue
949 1423 1060 1486 Artedi

55 1517 243 1600 synonymiae
262 1523 395 1610 piscium
418 1527 473 1590 Gr.
494 1539 526 1589 et
548 1525 652 1588 Latin.
704 1527 890 1608 Discrepant
912 1525 1060 1606 aliquate-

54 1637 242 1688 nusauctores
258 1642 399 1696 veteres,
427 1629 513 1710 quod
535 1641 567 1690 et
589 1629 698 1690 docuit
712 1627 876 1690 Salmasius
896 1627 934 1688 ad
956 1627 1075 1712 Sosin..
1155 1623 1169 1640 “

55 1737 72 1781 t·
84 1735 131 1798 32.
148 1723 166 1787 s.
182 1739 240 1804 35.
257 1748 289 1810 p.
305 1749 349 1790 m.
370 1743 454 1806 323.
480 1731 598 1812 quippe
618 1747 754 1810 quornm
770 1729 821 1788 alii
842 1727 1057 1800 Herodotum,

54 1819 287 1890 aliillrillotelem
303 1827 486 1912 sequuntur.
538 1831 576 1891 ln
598 1831 715 1898 numia,
741 1833 796 1911 qni
821 1848 875 1890 eos
892 1827 1058 1902 oslentant,

14 1933 15 1936 ’
54 1925 125 1985 cauda
139 1941 168 1987 et
182 1929 332 1992 dentibus
345 1950 466 2012 apmm,
490 1931 621 2016 ungulis
635 1944 667 1992 et
683 1931 767 1992 mole
784 1931 923 2011 corporis
939 1930 1059 1992 bovem

53 2020 132 2090 resert.
180 2029 245 2090 Etsi
269 2030 380 2094 Graeci
403 2027 500 2096 ἵππον
525 2024 685 2120 ποτάμιον
704 2045 838 2100 vocant,
867 2027 928 2090 solt
952 2044 1059 2094 tamen

53 2125 124 2186 etiam
141 2130 311 2216 χερσαῖος,
338 2133 385 2192 uti
407 2136 494 2196 addit
516 2135 677 2195 Diodorus
694 2133 839 2202 Siculus,
866 2133 919 2212 qui
939 2133 1060 2216 magni·

53 2226 171 2290 tudinem
189 2233 236 2292 illi
250 2235 306 2293 dat
320 2234 490 2315 elephanti.
531 2233 702 2316 Depascere
719 2231 835 2318 segetes
856 2248 978 2314 praeter
996 2235 1060 2295 Pli-

53 2325 119 2388 nium
132 2345 162 2392 et
181 2333 260 2397 alioe
279 2353 346 2397 non
367 2332 466 2396 solum
482 2338 609 2398 notavit
628 2337 746 2398 helian.
763 2337 797 2394 in
814 2335 891 2396 Hist.
909 2337 1006 2397 anim.
1023 2347 1059 2412 3,

53 2437 94 2503 53.
116 2429 161 2494 sed
182 2449 216 2496 et
238 2436 311 2497 eius
334 2437 536 2500 calliditatem
562 2435 729 2519 descripsit.
781 2435 904 2498 Omnes
926 2437 959 2498 in
983 2437 1059 2498 Nilo

53 2541 163 2604 ponunt,
187 2555 399 2618 quamquam,
426 2539 500 2600 telle
524 2537 679 2600 Strabone
703 2549 756 2614 15.
783 2557 814 2619 p.
834 2539 917 2618 48⁶·
935 2535 1058 2612 17117.

14 2677 15 2690 .
54 2627 162 2697 inludia
179 2637 278 2698 etiam
295 2635 375 2698 nasci
394 2639 562 2701 tradiderat
579 2639 782 2700 Onesicritus.
824 2638 933 2700 Nostra
950 2653 1058 2702 autem

14 2749 15 2752 ¹
53 2741 125 2793 telate
145 2738 217 2800 inde
235 2741 376 2800 maxime
392 2739 430 2800 ab
452 2761 535 2802 anno
563 2741 656 2817 ¹658
681 2759 747 2800 non
771 2741 905 2821 amplius
925 2742 959 2801 in
980 2741 1057 2802 Nilo

53 2828 185 2910 liparem,
226 2841 331 2902 immo
355 2841 388 2900 in
411 2843 558 2926 Aegypto
582 2839 753 2924 superiori,
787 2841 843 2901 ubi
867 2841 944 2903 olim
970 2855 1059 2903 erant

14 2979 15 2982 ,
53 2922 219 3013 frequentes,
254 2941 312 3002 vix
329 2944 462 3005 nomine
478 2945 547 3004 noti
570 2941 659 3012 sunt,
693 2943 764 3024 quia
784 2941 860 3003 inde
882 2943 917 3004 in
939 2939 1060 3022 Abylsi·

52 3031 115 3094 aiam
129 3039 327 3126 aufugerunt,
354 3055 395 3114 et,
421 3045 506 3126 qnod
530 3043 672 3106 adsnmat
692 3043 794 3104 Bruce
816 3041 884 3106 Vol.
905 3061 935 3105 a.
945 3063 991 3132 p.
1012 3062 1057 3107 m.

54 3140 115 3212 539.
133 3145 211 3222 apud
232 3141 414 3226 Shangallas
437 3145 474 3205 in
493 3145 606 3230 [lagnis
628 3157 743 3230 agunt;
775 3143 807 3204 id
832 3145 916 3224 qnod
938 3145 978 3206 de
999 3145 1058 3206 Ae·

53 3247 126 3314 gypso
145 3243 292 3305 testantur
316 3247 413 3306 etiam
435 3247 575 3308 Browne
601 3268 632 3329 p.
655 3257 715 3326 95.
745 3258 777 3307 et
803 3245 942 3306 Sonnini
962 3247 1003 3309 T.
1024 3264 1056 3308 e.

53 3347 74 3408 P·
95 3328 166 3418 191.
193 3347 249 3426 qui
273 3363 312 3406 ex
336 3346 471 3408 aliorum
496 3347 727 3409 narrationibus
749 3347 877 3407 coniicit
902 3345 1057 3408 ultimum

53 3440 127 3499 euin
143 3445 288 3530 Aegypto
305 3445 386 3509 visos
405 3447 464 3511 else
484 3469 535 3511 an.
558 3449 664 3526 1658.
717 3447 818 3510 Cuius
832 3445 918 3508 cansa
933 3437 1000 3510 non
1022 3449 1057 3510 in

53 3529 193 3606 hominum
210 3549 326 3610 maiori
346 3549 523 3614 celebritate
537 3552 645 3631 quaeri
661 3547 773 3620 debet,
802 3546 853 3610 sed
870 3549 904 3608 in
920 3549 1057 3612 telorum

53 3641 186 3712 llss'omrn
202 3647 272 3711 usu.
323 3649 429 3711 Hodie
454 3649 530 3742 sacta
552 3651 769 3734 exploratione
785 3663 929 3712 nontam
945 3651 1058 3712 fluvia·

53 3737 104 3801 tiles
116 3750 182 3827 equi
204 3749 371 3820 hahentur,
397 3767 490 3832 quam
507 3755 617 3834 potius
631 3752 726 3812 vituli
745 3751 870 3813 marini.
906 3749 955 3814 Os.
974 3772 1055 3832 qnae

54 3837 206 3910 rdsemntur
225 3851 260 3911 in
282 3851 505 3938 Lichtenberg.
529 3853 676 3938 Magaain
695 3887 746 3900 ·-
768 3871 824 3914 aus
850 3852 906 3912 der
929 3853 1054 3933 Physrk

55 3935 120 4022 T·4.
144 3949 177 4012 P.
201 3971 228 4014 1.
250 3971 281 4034 p.
300 3965 343 4032 31
361 3951 423 4035 sqq.
481 3956 564 4036 Equi
587 3973 708 4016 nomen
730 3952 769 4014 ah
792 3953 920 4013 hinnitu
943 3954 1054 4015 acriori

54 4043 377 4126 rodenmannum,
401 4057 440 4118 de
453 4077 518 4136 quo
529 4054 642 4120 Reisen
658 4057 713 4117 der
730 4051 947 4116 Ollindischen
958 4055 1054 4122 Conr-

54 4149 141 4227 lagnis
156 4185 201 4202 -
217 4155 315 4218 Tom.
334 4167 370 4237 4.
394 4167 530 4240 11140.
555 4143 606 4204 -'-
646 4157 696 4219 Ex
719 4155 968 4230 recentioribus,
988 4154 1052 4238 'qui
