2852 4946
240 389 291 450 nt
318 385 456 447 POMP.
486 389 594 446 ultr..
635 387 717 445 Lt.
759 385 892 450 GXW·
1025 397 1088 468 458
1221 335 1231 348 ¹

49 553 228 655 Serdeffum
245 563 310 624 huc
324 561 519 632 retulerunt.
546 561 587 624 cle
604 579 644 624 eo
663 561 784 624 dictum
805 561 848 624 est
866 563 899 624 in
920 563 1007 626 notia
1028 565 1086 626 cri·

49 669 119 729 tici·
140 688 174 749 p.
190 667 263 744 462
281 661 323 746 lq.
358 665 406 724 Ex
422 663 551 725 vadiani
568 663 606 724 ad
626 665 657 726 h.
674 663 695 728 1.
721 661 871 726 sententia
886 667 947 728 hoc
963 685 1085 730 nomen

47 770 79 830 id
99 768 200 830 Tauri
224 769 337 852 iugum
360 764 490 836 habuit,
521 765 606 848 quod
627 765 709 827 intra
726 767 855 846 Lyciam
877 783 909 830 et
929 767 1086 850 Pamphy·

48 870 122 931 liam
138 871 267 930 interno
283 867 364 928 mari
379 866 538 930 imminet.
582 867 636 930 Sic
651 867 855 932 Burmannus
871 870 1087 941 adnotaverat.

48 987 169 1053 partem
184 971 283 1031 Tauri
298 967 359 1030 elle
373 979 405 1030 et
418 968 687 1050 promontorium.
713 969 861 1032 Mannert
877 991 909 1053 p.
925 981 1004 1051 149.
1020 991 1046 1033 c.
1062 971 1086 1036 1.

48 1071 201 1156 intelligit
213 1073 254 1132 de
269 1069 420 1148 Solymis.
441 1083 562 1140 moute,
585 1069 667 1152 apud
679 1069 867 1132 Strabonem
887 1085 940 1151 r4.
956 1083 1083 1154 {²045ss-

48 1171 70 1236 l.
86 1173 173 1238 666.
197 1175 296 1255 prope
320 1170 466 1232 Pilidiarn
484 1183 518 1232 et
541 1168 725 1251 Milyadem.
779 1171 863 1236 Cum
883 1185 974 1234 trous
995 1174 1087 1236 fimul

50 1273 280 1356 complectatur
294 1269 501 1340 Phaselidem.
523 1273 615 1334 cuiue
630 1271 706 1334 srtua
721 1270 784 1334 fuit
800 1275 834 1335 in
848 1276 949 1340 litore.
971 1295 1029 1337 nec
1046 1277 1086 1337 ab

48 1395 87 1438 eo
108 1371 305 1439 Sardenriloa
331 1373 458 1458 longina
484 1375 645 1435 removeri
668 1373 783 1456 potest,
813 1395 873 1437 nec
896 1390 1003 1438 tamen
1025 1377 1086 1440 elle

49 1477 148 1538 Tauri
162 1495 232 1558 pare
247 1475 298 1536 vel
314 1475 572 1558 promontorium
589 1473 708 1544 haberi.
727 1496 802 1538 cum
818 1481 858 1539 de
874 1477 923 1539 hia
939 1479 1088 1561 proximo

48 1581 152 1660 capite
168 1589 316 1659 exponat,
340 1573 396 1636 ubi
411 1576 518 1658 potina
535 1593 593 1658 pro
608 1577 705 1637 Tarrri
724 1581 957 1658 promontorio,
983 1581 1032 1640 uti
1052 1581 1088 1642 in

50 1679 99 1742 hia
116 1691 205 1742 recte
221 1673 310 1748 lacit,
336 1675 550 1740 Sardemiluru
565 1677 746 1760 repetiillct.

123 1868 355 1970 Phaselis)
394 1877 450 1942 Gr.
469 1875 632 1966 Φασηλῖς,
657 1881 710 1943 vel
726 1875 884 1966 Φάσηλις,
908 1877 1087 1966 (Herodot.

52 2000 85 2057 a,
116 1980 221 2060 178.)
262 1981 313 2042 vel
339 1981 435 2042 etiarn
463 1977 616 2066 Φασῇλις.
657 1981 793 2066 (thfiaa
817 1984 900 2064 apud
935 1983 1089 2044 l’hntium

50 2106 82 2168 p.
99 2080 203 2165 ι45.)
238 2081 403 2144 lncalrbua
420 2081 557 2165 obliquis
569 2075 714 2174 Phaselim
730 2085 810 2144 dixit
828 2084 938 2144 Florur
956 2099 988 2160 3.
1006 2083 1037 2154 6.
1054 2095 1090 2164 4.

52 2176 256 2276 Phaselidem
277 2183 452 2265 Eutropius
469 2183 500 2255 6.
525 2197 557 2262 3.
611 2182 678 2266 lpse
702 2187 799 2246 etiam
826 2204 900 2268 ager
924 2181 975 2248 leu
999 2187 1089 2268 regio

51 2289 140 2348 urbia
155 2273 307 2374 Phaselis
328 2297 460 2346 vocatur
480 2285 617 2346 aPlinio
637 2301 668 2356 a.
690 2283 807 2348 arras.
830 2288 909 2350 106.
963 2287 1089 2349 Incolae

53 2401 211 2453 vocantur
233 2380 428 2471 Φασηλῖται,
450 2385 628 2462 (Plutarch.
651 2388 683 2448 in
700 2387 837 2450 Ciurone
852 2406 877 2447 c.
895 2401 936 2449 12
975 2387 1088 2450 Cicero

51 2493 86 2552 in
101 2488 230 2574 Agraria
248 2503 281 2557 a.
303 2489 381 2564 ιθ.)
406 2485 491 2546 uude
508 2483 700 2575 Φασηλιτῶν
720 2481 819 2574 χώρα
842 2489 957 2549 dicitur
972 2489 1010 2549 ab
1031 2491 1091 2550 An·

53 2595 170 2676 tigono
188 2591 219 2649 in
236 2587 302 2648 hill.
322 2587 432 2652 rrrirab.
452 2606 478 2650 c.
502 2599 578 2666 182.
629 2591 666 2650 ln
683 2591 790 2652 numia
803 2603 834 2650 et
849 2585 1040 2675 Φασηλιτων
1060 2605 1092 2654 et

53 2687 286 2778 uanylnanr.
313 2703 350 2750 ut
370 2689 404 2749 in
421 2689 571 2752 similibus
587 2692 682 2752 etiam
701 2689 793 2759 iulet.
820 2693 965 2752 occurrit.
1005 2692 1092 2753 Pha·

45 2787 186 2888 filiarum
203 2790 298 2853 habet
314 2791 437 2852 Plinius
455 2803 511 2868 23.
531 2803 590 2871 49.
601 2789 620 2854 s.
632 2803 665 2870 4.
684 2793 723 2853 de
739 2793 811 2854 olco
826 2791 931 2854 lirino.
961 2791 1090 2856 Nomen

53 2897 160 2980 priua,
189 2891 265 2954 telle
280 2891 458 2973 Stephano.
486 2890 545 2954 luit
562 2891 713 2972 Pityulla‚
739 2895 792 2953 cui
809 2887 949 2953 luccelllt
965 2884 1094 2970 Φαρσα-

52 2997 130 3070 λος,
164 2993 237 3065 leu,
271 3009 308 3054 ut
333 2993 482 3054 emendat
515 2993 702 3063 Salmasius.
733 2984 887 3067 Φᾶσαλος
907 2991 929 3054 f.
958 2999 1093 3058 omniuo

53 3093 214 3183 Φᾶαῃλις.
267 3095 306 3155 ln
335 3090 393 3154 bac
429 3093 509 3156 urbo
539 3097 732 3157 fluctuantur
766 3095 894 3157 termini
923 3094 1034 3173 Lyciae
1061 3109 1095 3156 et

52 3198 279 3283 Pamphyliae.
331 3195 443 3272 Lyciae
464 3195 551 3257 enirn
573 3197 718 3293 tribuunt
737 3196 848 3276 Scylax
870 3215 902 3276 p.
918 3207 975 3274 39.
995 3195 1096 3260 lludl.

53 3305 112 3386 qui
138 3299 277 3362 omnino
310 3297 401 3358 latina
431 3293 550 3379 profert
585 3299 713 3376 Lyciam
747 3299 784 3357 arl
819 3297 952 3378 Pergam
985 3316 1095 3378 urque.

53 3403 172 3470 Strabo
193 3409 249 3478 14.
272 3418 304 3480 p.
327 3409 412 3477 458.
438 3395 459 3460 l.
484 3399 568 3462 666.
599 3413 632 3462 et
659 3398 745 3480 sequ.
775 3397 976 3460 Ptolemaeus
1001 3409 1032 3474 5,
1061 3412 1095 3478 5.

54 3507 197 3584 Eutrop.
214 3501 248 3569 6.
267 3513 299 3578 5.
341 3501 531 3561 Ciceronem
557 3502 653 3562 eriam
681 3501 775 3579 aliqui
801 3499 939 3568 addunt,
971 3499 1097 3579 quoda

55 3607 168 3688 Lyciie
185 3602 270 3662 illam
287 3601 385 3660 incoli
400 3601 478 3661 dicit
493 3601 526 3660 iu
545 3602 664 3662 Verrin.
683 3613 718 3680 4,
742 3621 796 3662 ro.
835 3601 876 3661 At
893 3597 1098 3681 Pamphyliae

57 3729 134 3772 cum
162 3701 281 3766 Nostro
315 3700 495 3762 adscribunt
527 3703 649 3764 Plinius
667 3715 700 3780 5.
725 3703 783 3765 26.
806 3697 826 3760 l.
851 3716 907 3774 27.
933 3702 1098 3778 (ultimam

55 3813 123 3872 eius
138 3827 215 3869 orae
228 3805 325 3881 dicit)
359 3801 491 3882 Dionys.
509 3823 542 3866 v.
560 3815 643 3882 855.
673 3803 818 3864 Martian.
839 3803 967 3883 (lapella
989 3803 1043 3864 lib.
1063 3805 1098 3867 6.

57 3933 93 3996 p.
112 3925 199 3972 220.
233 3905 413 3987 Stephanue
435 3905 467 3967 h.
491 3925 523 3968 v.
575 3908 676 3968 Caute
700 3905 811 3964 Livius
836 3917 892 3982 3⁷.
914 3915 972 3980 23.
995 3905 1038 3963 iu.
1065 3905 1101 3965 in

60 4011 205 4076 confinio
228 4007 344 4088 Lyciae
365 4019 399 4065 et
417 4005 623 4088 Pamphyliae
646 4005 756 4088 ponit,
785 4006 871 4065 unde
890 4003 980 4066 fimnl
1001 4005 1102 4065 ambi·

59 4133 145 4205 gnon
175 4109 282 4173 inille·
300 4108 465 4189 utriunque
500 4111 656 4175 terminos
696 4107 910 4172 confirmatur.
962 4104 1103 4171 Cilicum

112 4234 212 4308 Pomp.
228 4215 322 4296 Mun
341 4227 457 4301 thegen
474 4225 511 4293 L.
530 4225 554 4282 1.
786 4199 846 4272 E'e
