2852 4946
321 317 388 394 nra
593 314 755 374 riom
795 313 1099 374 exeoerrcrn

327 486 498 574 propoiita.
535 489 590 552 ΙῙιι
622 489 730 550 numia
759 501 867 551 tamen
901 487 1088 571 pierumque
1120 512 1146 552 ω
1173 487 1360 552 dominatur.

328 583 438 654 Σιδὼν
466 589 586 674 gentile
618 592 714 652 novit
746 591 843 652 etiam
876 590 1074 671 stephaniae,
1111 591 1204 654 unde
1239 585 1363 662 Σιδόνες

328 693 413 775 apud
434 691 611 754 Homerum
629 692 666 754 ll.
684 706 745 770 25.
764 705 849 770 743.
875 694 913 752 ad
935 711 1030 773 quem
1047 689 1087 754 ci.
1103 691 1250 756 Euiiatb.
1273 711 1304 773 p.
1324 710 1364 752 m.

334 803 442 874 1451,
469 791 524 858 16.
576 791 683 854 Hodie
705 793 739 854 in
765 794 833 855 eiua
852 793 922 854 loco
944 793 999 856 nar
1020 792 1131 866 Saida,
1158 791 1245 862 sord.
1271 789 1364 860 setae,

328 897 467 979 exiguus
485 914 602 980 pagum
627 907 738 978 portua
757 895 859 957 arenia
876 893 1046 965 obductus,
1072 913 1268 977 quamquam
1285 890 1366 952 nari·

329 997 416 1082 gatio
432 1009 464 1058 et
478 1011 651 1058 mercatura
673 996 776 1058 adhuc
800 1009 972 1058 exercetur.
999 995 1144 1080 (Volney
1164 991 1263 1058 lieiie
1280 995 1320 1054 T.
1335 1007 1365 1054 2.

328 1111 362 1181 p:
380 1109 447 1175 155
465 1095 507 1180 sq.
535 1096 683 1160 Pococke
700 1099 796 1160 Tom.
819 1117 849 1160 1.
865 1117 898 1180 p.
914 1113 992 1172 127.
1019 1097 1121 1160 Bruce
1136 1095 1233 1160 nerse
1249 1093 1320 1156 Vol.
1338 1110 1366 1154 r.

328 1218 401 1282 pag.
420 1205 501 1280 71.)
543 1199 672 1261 lindera
694 1213 951 1262 commemorant
981 1199 1103 1282 plures,
1137 1211 1176 1260 ut
1203 1191 1367 1258 Maundrel

326 1300 469 1379 Journey
491 1333 541 1347 -
562 1320 594 1382 p.
611 1312 671 1382 45.
705 1301 804 1364 Lucas
818 1319 942 1386 voyage
959 1301 1036 1364 dane
1058 1300 1087 1362 la
1102 1295 1207 1362 Grece
1221 1300 1321 1360 Tom.
1340 1313 1367 1356 ι.

327 1418 361 1485 p.
381 1414 465 1478 372.
493 1429 537 1443 -
561 1415 687 1463 veterea
701 1422 797 1484 aquae
812 1401 925 1464 ductui
936 1400 1119 1483 Haffelquiii
1134 1399 1231 1464 Reiie
1246 1419 1279 1481 p.
1292 1406 1366 1471 188.

328 1501 427 1584 Quod
451 1501 553 1563 Bruce
577 1503 738 1573 adfirmat.
771 1521 813 1562 ne
830 1501 978 1564 umbram
998 1502 1129 1583 quidem
1148 1499 1270 1584 priscae
1286 1495 1367 1556 urbii

281 1621 284 1628 ’
330 1605 435 1674 cerni,
462 1603 587 1681 Volney
603 1617 630 1666 c.
646 1603 667 1664 1.
690 1604 844 1687 exigudm
856 1623 973 1688 pagum
988 1603 1099 1674 norit,
1122 1610 1304 1687 coarguunt
1318 1593 1366 1656 alii

331 1702 472 1770 diversae
493 1706 601 1766 aetatis
622 1704 700 1776 viri,
733 1703 788 1787 qui
811 1703 923 1766 urbem
942 1701 1015 1767 [etia
1035 1705 1131 1766 etiam
1151 1702 1296 1784 amplam
1315 1714 1368 1756 vo·

329 1817 419 1876 cant,
443 1818 479 1866 ut
493 1805 666 1868 Thevenot
680 1804 796 1869 hersen
805 1807 902 1870 Tom.
917 1823 947 1870 1.
966 1827 1000 1889 p.
1017 1815 1101 1885 504.
1134 1801 1288 1868 Pococke
1304 1818 1328 1858 c.
1345 1796 1366 1858 l·

328 1905 470 1970 Browne
496 1906 612 1970 ReiIen
634 1927 665 1991 p.
684 1919 769 1986 517.
812 1904 863 1972 cf.
890 1908 987 1969 etiam
1014 1906 1123 1968 Mariti
1147 1902 1244 1970 Reiie
1270 1896 1367 1963 durch

329 2008 446 2088 Syrien
463 2012 560 2074 Tom.
580 2029 608 2074 r.
625 2029 657 2092 p.
678 2027 759 2072 tor.
786 2021 820 2070 et
839 2027 917 2090 quaa
939 2006 1079 2092 conlegit
1093 2005 1227 2069 Borhek
1241 2009 1276 2066 in
1292 1998 1366 2062 Erd-

330 2107 451 2174 beschr.
476 2131 541 2173 von
564 2111 658 2173 Afien
677 2110 715 2174 P.
732 2123 766 2192 5.
788 2130 822 2194 p.
839 2123 924 2173 m.
957 2109 1012 2191 qui
1041 2119 1075 2172 et
1095 2108 1130 2170 in
1154 2108 1228 2170 aliia
1250 2097 1367 2167 consuli

327 2215 469 2275 omnino
489 2211 602 2298 potest.

406 2405 572 2505 Persis)
620 2411 687 2478 Sub
710 2413 896 2486 Artaxerxe.
922 2409 1116 2497 cognomine
1136 2409 1239 2482 Ochi.
1264 2420 1301 2470 ut
1319 2401 1365 2466 ad·

331 2527 420 2594 paret
442 2534 481 2575 ex
504 2515 651 2576 Diodoro
672 2517 736 2578 Sic.
756 2517 810 2586 16,
827 2523 889 2594 40.
915 2513 972 2574 ubi
987 2528 1020 2576 et
1040 2512 1104 2596 sqq.
1127 2513 1364 2594 expeditionem

329 2613 366 2675 in
380 2615 556 2678 Phoenicas
573 2629 606 2678 et
627 2635 694 2700 cap.
711 2625 772 2695 45.
797 2615 854 2676 ubi
872 2615 1001 2678 Sidonia
1023 2613 1225 2677 eversionem
1242 2624 1276 2674 et
1296 2625 1364 2668 con·

331 2713 550 2799 flagrationem
582 2737 655 2779 cum
687 2717 801 2780 incolit
833 2714 990 2778 describit.
1041 2715 1162 2778 Urbem
1186 2709 1365 2797 prodiderat

242 2843 243 2848 ¹
331 2816 403 2878 eine
419 2838 474 2878 rex
492 2820 632 2881 Tennea.
684 2818 781 2881 Brevi
797 2832 903 2881 tamen
921 2830 1065 2900 tempore
1083 2816 1152 2898 posi
1168 2815 1364 2878 instauratam

331 2913 433 2986 suilie.
456 2919 550 2981 docet
566 2920 733 2982 Alexandri
747 2919 881 2991 historia.
905 2921 939 2980 in
954 2939 1015 3000 qua
1029 2937 1119 3002 regei
1138 2917 1207 2978 eiua
1231 2925 1363 2978 comme·

332 3005 508 3084 morantur.
544 3021 616 3084 vid.
632 3020 722 3084 Curt.
741 3030 776 3100 4,
796 3039 826 3092 1,
847 3022 902 3085 16.
949 3019 993 3081 At
1010 3017 1088 3081 [edit
1103 3019 1319 3080 inveteratum
1332 3009 1363 3066 in

331 3118 439 3182 Perias
456 3122 583 3194 odium,
614 3121 799 3202 effecitque,
824 3133 861 3182 ut
881 3121 916 3180 in
934 3120 1024 3182 Darii
1041 3119 1122 3182 bello
1144 3139 1219 3182 cum
1239 3117 1362 3180 Alexan·

331 3219 389 3282 dro
412 3222 459 3284 M.
487 3220 517 3284 se
542 3215 620 3284 hnic
643 3223 728 3285 ultro
753 3221 926 3294 traderent,
960 3221 1046 3303 quod
1074 3233 1164 3282 notat
1189 3219 1312 3282 Arrian.
1333 3210 1363 3270 in

331 3323 447 3402 exped.
466 3323 552 3386 Alex.
569 3323 615 3386 M.
634 3339 667 3396 o,
690 3345 702 3383 r
712 3335 745 3402 5.
779 3325 817 3386 in
831 3323 915 3386 bello
931 3323 986 3384 illo
1002 3321 1124 3385 Persico
1139 3322 1278 3404 amplior
1298 3327 1360 3378 10⁰

330 3441 431 3486 naver
446 3423 593 3496 habuisse,
618 3423 704 3506 [upra
722 3445 762 3486 ex
777 3423 923 3486 Diodoro
937 3425 990 3492 ιδ,
1004 3433 1064 3502 44.
1081 3421 1104 3486 i.
1121 3423 1248 3486 monui.
1283 3414 1362 3480 Hin⁶

332 3525 566 3587 maritinamm
585 3523 707 3588 urbium
729 3526 906 3588 maximoe
929 3523 1042 3588 Nostro
1062 3525 1191 3588 dicitur.

496 3730 526 3806 §.
556 3741 590 3807 5.
627 3717 933 3817 Euprosoporr)
972 3726 1082 3790 Graeci
1097 3725 1253 3808 adpellare
1267 3717 1357 3786 soient

331 3821 418 3892 Θεοῦ
440 3823 625 3915 πρόσωπον,
652 3829 692 3890 de
708 3846 772 3910 qno
788 3831 822 3888 in
838 3830 924 3890 notia
940 3829 1055 3892 criticia
1070 3825 1210 3890 disserui.
1250 3819 1357 3892 Litlw·

331 3918 508 4017 prosoporr,
534 3929 637 4010 quod,
668 3931 772 3992 iudice
791 3926 913 4002 volito,
936 3931 1024 4013 print
1040 3949 1160 3992 nomen
1177 3925 1354 3992 offenderet·

329 4041 463 4094 vocatur
486 4051 504 4095 a
528 4029 676 4098 Cedreno
697 4051 731 4117 p.
749 4045 835 4116 297.
853 4033 933 4099 Ven.
955 4045 989 4098 et
1006 4031 1119 4096 Malaia
1140 4034 1178 4096 in
1197 4031 1353 4106 chronogfv
