2892 4950
207 409 562 470 reponerent.
603 411 685 470 nr.
727 415 873 476 oxvtt·
915 417 994 488 is·
1056 427 1118 494 507

66 583 320 671 ,Colophonem
341 582 516 666 Ephesum,
540 583 651 646 tribuit
664 585 847 650 Herodotus
862 608 889 650 c.
906 589 928 652 l.
953 591 1024 670 qnia
1041 589 1120 652 olim

81 685 185 748 iuerat
203 686 381 764 Lydorum.
417 689 452 746 ln
469 707 568 768 paene
583 685 682 748 insula
695 707 767 750 cum
783 689 896 751 Nollro
914 691 1006 772 ponit
1020 693 1121 752 etiam

80 787 196 850 Strabo
218 795 272 864 ι4.
296 808 330 870 p.
345 795 430 866 443.
449 785 469 850 l.
488 789 572 866 644.
599 801 719 850 etcum
739 791 865 868 Scylace
888 811 919 872 p.
939 805 997 866 37.
1019 789 1119 856 Huds.

81 902 217 970 portum
234 887 374 950 ltabnille
389 885 495 958 refert,
513 890 666 970 fimulque
684 891 781 951 alium
797 893 941 976 adiungit
958 906 1003 966 30
1020 891 1122 956 lladiio
1159 967 1162 974 ,

81 989 121 1049 ab
138 987 218 1052 urbe
233 1003 411 1059 remotum,
436 1008 530 1070 qoem
548 1007 641 1052 vocat
657 985 855 1080 Xap'p‘etidat.
883 995 921 1054 de
938 1011 1002 1074 quo
1019 993 1122 1053 omni·

81 1107 128 1150 no
146 1087 359 1153 consulendae
377 1089 420 1152 eil
441 1090 588 1152 Poooclre
604 1093 644 1154 T.
661 1107 694 1168 3.
715 1113 745 1174 p.
760 1095 819 1156 60.
835 1106 903 1154 not.
928 1109 982 1158 te.
1026 1094 1122 1156 Forte

81 1191 138 1251 laic
158 1189 247 1252 idem
267 1190 325 1262 elt.
352 1211 447 1272 quem
468 1191 505 1252 nb
529 1192 641 1254 incolis
659 1191 866 1286 Geraesticum
888 1196 993 1256 vocari
1017 1193 1123 1256 scribit

82 1287 200 1352 Liriut
218 1303 276 1370 57,
300 1305 357 1366 27.
376 1289 396 1352 l.
422 1321 469 1334 -
495 1293 613 1374 quippe
635 1293 673 1354 ab
698 1307 787 1378 tergo
804 1293 891 1357 urbie
914 1294 1018 1358 situm.
1060 1295 1123 1356 Pli-

82 1395 161 1454 niue
184 1394 219 1451 in
244 1393 350 1454 ioniae
367 1391 496 1454 urbium
512 1391 642 1454 recensu
659 1393 792 1456 nostram
809 1396 931 1465 omisit,
958 1410 988 1458 at
1014 1395 1123 1460 inlulio

82 1495 320 1566 adnumeravit,
346 1495 400 1570 (5,
427 1505 484 1572 30.
506 1491 527 1557 s.
547 1499 623 1574 31.)
653 1495 708 1556 etsi
731 1497 764 1556 in
791 1499 900 1560 lottiae
916 1497 1123 1580 descriptione

85 1606 120 1670 5,
139 1607 198 1673 31.
217 1591 236 1654 l.
256 1611 314 1673 29.
342 1593 418 1654 facta
440 1613 497 1676 pro
515 1595 609 1656 iuxta
628 1618 680 1656 eas
699 1595 865 1660 Pintianuo
886 1601 1124 1660 emendandum

83 1709 178 1777 putat
192 1697 287 1756 iuxta
302 1695 388 1764 Teos,
403 1696 475 1776 quia
487 1701 738 1778 praetermittere
750 1699 794 1758 ibi
806 1719 871 1761 non
883 1701 1032 1781 potnerit.
1062 1699 1125 1763 Ne·

82 1797 245 1880 gligenter
259 1796 390 1877 quidem
405 1797 480 1880 egit,
495 1809 633 1860 ettamen
651 1801 787 1860 omnino
801 1819 867 1862 non
886 1801 1002 1864 omillt.
1032 1802 1125 1866 Prirto

83 1901 185 1958 etiam
204 1899 240 1958 in
259 1893 381 1960 Velleio
404 1917 432 1968 ι,
449 1909 484 1976 4,
506 1911 539 1978 5.
560 1912 704 1972 notatur,
739 1900 794 1962 nbi
818 1899 1003 1963 consulendi
1026 1905 1124 1964 inter·

83 2012 204 2080 pretea.
256 1999 364 2060 Claros
395 1998 507 2061 habuit
534 1999 638 2072 niveo,
681 2003 715 2062 in
740 2001 854 2082 quibua
880 2003 1017 2063 maxime
1046 2006 1125 2064 lina·

85 2113 272 2169 creontem,
310 2119 406 2182 quem
445 2101 562 2160 Teium
600 2105 791 2164 memoravit
830 2103 894 2162 iam
938 2103 1125 2167 Herodoto·

88 2213 121 2280 3,
147 2215 228 2263 tot.
265 2200 406 2262 Plurima
427 2202 484 2262 alia
506 2215 650 2264 veterum
673 2204 740 2264 lnca
756 2203 894 2286 conlegit
910 2201 1072 2266 Fischerne
1091 2206 1125 2264 in

85 2303 211 2385 proleg.
226 2301 264 2362 ad
283 2303 359 2364 edit.
378 2321 408 2384 p.
428 2315 474 2382 59
494 2299 556 2384 sqq.
590 2305 807 2384 Apelliconem
831 2305 918 2366 addit
932 2303 1044 2367 Strabo
1070 2319 1124 2382 13.

85 2422 118 2485 p.
143 2415 230 2481 409.
248 2399 269 2464 l.
286 2405 370 2482 609.
397 2417 429 2464 et
455 2413 509 2482 ι4.
532 2425 563 2486 p.
584 2415 669 2484 443.
690 2403 710 2467 l.
728 2403 812 2486 644.
845 2419 877 2467 et
902 2407 936 2466 in
959 2403 1126 2490 posteriori

85 2506 161 2566 loco
184 2503 280 2564 etiam
298 2503 501 2574 Hecataeum.
528 2503 743 2579 historicum*
766 2508 970 2591 Protagoram
990 2505 1126 2588 philolo·

85 2605 204 2687 phum,
230 2617 263 2664 et
283 2605 475 2684 Scythinnm
495 2621 621 2687 poetam
638 2609 827 2689 Stephanus.
868 2609 910 2671 H.
925 2628 1025 2690 prope
1043 2609 1138 2688 Segi·

85 2706 158 2787 giale
179 2707 192 2780 (
203 2704 317 2786 Aegl.)
337 2725 466 2787 perram
483 2707 594 2768 urbem
614 2710 721 2770 ruinae
738 2709 984 2793 conspiciuntur.
1007 2711 1126 2792 quibua

86 2825 213 2869 nomen
232 2807 309 2866 dant
323 2805 468 2872 Bodrun.
503 2811 573 2873 Vid.
589 2810 738 2874 Pococke
753 2831 780 2875 o.
796 2813 818 2875 l.

172 3007 467 3092 Clazomenae)
527 3011 584 3076 Gr.
620 3003 850 3101 Κλαζομεναὶ,
896 3013 1126 3077 recentioribus

87 3113 203 3176 etiam.
234 3125 271 3172 ut
300 3112 439 3173 Hierocli
459 3133 491 3195 p.
508 3133 553 3176 m.
571 3115 655 3178 660.
685 3115 718 3182 in
748 3115 862 3174 notitia
886 3115 992 3178 ecclei.
1016 3137 1046 3198 p.
1066 3131 1124 3189 27.

87 3207 300 3298 Κλαζομενὴ.
338 3211 454 3273 Plurali
475 3227 580 3276 tamen
598 3215 733 3276 efferunt
750 3217 845 3276 etiam
865 3215 978 3279 Latini.
1018 3217 1125 3278 lncola

92 3313 315 3377 Clazomenius
330 3313 363 3373 in
386 3329 518 3396 utreque
538 3316 663 3400 lingua;
696 3317 730 3375 in
754 3319 861 3377 nttmie
880 3317 976 3377 etiam
997 3311 1127 3402 tilam·

88 3435 229 3505 μηνιων,
254 3414 353 3476 rarius
366 3411 608 3506 Kde<oppvwv,
633 3435 710 3498 quae
732 3429 815 3478 certe
835 3413 935 3477 adfert
957 3413 1075 3478 llalche
1091 3417 1125 3477 in

84 3517 170 3578 Lex.
180 3533 273 3576 num.
284 3515 324 3576 T.
342 3535 370 3576 t.
387 3515 425 3579 P.
444 3533 476 3580 o.
493 3521 608 3598 0604
625 3516 664 3599 lq.
699 3517 855 3579 Condidit
870 3517 982 3578 urbem
1000 3516 1128 3580 Paralue

89 3615 225 3702 (Strabo
248 3625 301 3706 04.
320 3613 386 3699 in.)
418 3618 471 3680 vel
495 3617 691 3699 Parplroruo.
732 3618 1008 3700 Colophoniorum
1046 3619 1123 3682 dux.

89 3715 236 3802 (Paulam
255 3731 288 3792 7,
308 3731 340 3795 3,
358 3714 408 3802 5.)
459 3719 555 3800 Quod
580 3721 666 3800 ptine
688 3721 849 3801 Grynium,
875 3738 953 3799 quae
970 3731 1036 3779 erat
1052 3719 1126 3781 urba

89 3819 244 3886 Aeolidis,
270 3819 387 3878 dictam
405 3816 493 3880 inille
510 3817 624 3888 scribit.
651 3821 768 3882 Ilalche
787 3821 819 3881 in
836 3820 912 3882 Lex.
932 3839 1020 3880 num.
1039 3821 1079 3884 T.
1096 3839 1125 3883 t.

90 3921 125 3982 Ρ.
147 3935 181 3982 2.
205 3937 236 4001 p.
252 3921 336 3982 6οι.
365 3919 451 3980 unde
472 3921 635 3998 Grynoeue
652 3923 767 4001 Apollo
787 3939 907 3982 nomen
926 3920 1050 3990 tulerit,
1085 3939 1125 3982 ex

88 4021 253 4102 Stephano
274 4033 358 4082 certo
382 4021 506 4102 probari
526 4042 591 4082 non
611 4022 729 4104 potell.
755 4023 866 4103 inquo
885 4019 987 4083 lecure
1005 4019 1126 4083 lectatur

89 4123 134 4186 all
152 4121 311 4184 ortelium
326 4123 362 4184 in
379 4119 456 4186 thel.
475 4122 593 4209 Geogr.
610 4123 644 4187 h.
664 4145 696 4188 r.
750 4121 828 4196 Nec,
859 4122 1034 4206 quodvult
1057 4121 1126 4186 Ser·
