2828 4966
191 389 398 450 ΙΝΡΟΜΡ.
436 391 555 448 MEL.
597 391 679 446 1..1.
722 391 803 452 c.1.
846 392 922 463 ιι.
1045 409 1083 472 ι9

43 549 44 560 ¹
83 563 149 624 nodo
173 564 283 636 latiori,
320 566 428 627 modo
466 562 643 648 angustiori
678 563 904 648 significatione
936 565 1080 648 ponitur.

83 667 160 726 latiori
184 681 297 748 praeter
326 665 523 750 superiores
556 665 693 725 muudus
719 667 893 748 explicatur
917 669 1012 728 etiam
1043 667 1082 730 ab

83 766 392 852 ssdnoOrig.5.28.
431 781 492 846 13,
525 787 554 828 r.
608 765 660 826 Sic
680 763 810 830 Ocellua
836 768 981 828 Lucanus
1002 787 1028 830 c.
1054 789 1085 831 ι.

81 865 105 926 n'
124 861 182 930 tte
209 865 260 932 nai
288 864 332 932 ra*
366 868 442 932 πᾶν
475 861 631 954 ὀνομάζω
658 863 715 930 ra'v
743 859 919 956 σύμπαντα
949 861 1083 954 κόσμον.

80 967 205 1034 sticalii.
238 972 425 1052 Vtrumque
445 985 556 1030 tameo
570 970 694 1032 Stoicos
710 969 877 1030 distinxisse
893 967 997 1030 scribit
1014 972 1086 1032 l'lu·

79 1071 162 1130 unius
178 1071 213 1132 de
233 1073 360 1152 placitis
390 1068 586 1154 philosoph.
612 1085 644 1138 a.
674 1091 702 1132 1.
752 1071 823 1132 vid.
849 1069 1021 1134 Muncker.
1045 1072 1085 1134 ars

79 1169 159 1254 Hygia.
182 1173 268 1234 Poct.
297 1173 433 1234 Astron.
465 1192 496 1241 r,
529 1193 558 1233 t.
588 1183 621 1231 et
647 1189 726 1252 quoa
751 1185 917 1232 memorat.
971 1171 1022 1235 Cs.
1050 1183 1085 1234 et

79 1271 205 1348 sipiuein
226 1275 441 1358 Physiologia
465 1273 648 1333 Stoicorum
671 1271 727 1334 lib.
746 1287 778 1334 2.
802 1273 917 1335 dissert.
940 1289 992 1342 17.
1019 1276 1084 1336 An·

77 1373 165 1453 gastins
178 1393 230 1458 pro
250 1375 339 1436 coelo
358 1375 534 1435 mundum
554 1385 681 1455 ponunt
695 1373 815 1436 Tibuss.
834 1389 866 1452 5,
884 1385 918 1452 4,
942 1391 994 1449 17.
1018 1395 1084 1436 nox

77 1466 159 1563 euersa
175 1477 337 1558 quadrigis
355 1477 551 1538 Aethereum
574 1475 743 1546 mnndum
776 1474 924 1538 Manilius
940 1477 985 1538 in.
996 1473 1084 1564 snse-

76 1595 98 1632 n
111 1607 143 1618 -
159 1575 297 1638 deducere
314 1577 447 1638 mundo
463 1575 653 1654 Adgrediar.
686 1576 759 1637 Vid.
777 1575 859 1638 Piin.
879 1592 910 1648 a,
935 1597 964 1640 r.
992 1579 1082 1639 l'lato

75 1676 198 1738 nCieero
217 1682 250 1738 in
271 1681 421 1740 Timaeo
450 1695 495 1764 ςο.
513 1675 544 1738 ll.
567 1677 692 1758 aliique.
745 1677 844 1758 Saepe
864 1679 906 1738 ita
923 1679 1081 1762 Hyginus.

76 1775 107 1836 Cf.
118 1799 180 1858 quae
196 1793 348 1840 notarunt
366 1779 510 1842 Servius
524 1779 562 1838 ad
580 1779 690 1860 virgil.
707 1777 822 1862 Georg.
847 1799 874 1848 t.
890 1795 973 1858 2140.
1011 1781 1084 1840 Vul-

76 1879 340 1956 perimulae.
366 1881 394 1942 i.
433 1879 579 1940 Turneb.
601 1877 753 1940 adversar.
777 1899 829 1957 ιι),
854 1889 911 1956 24.
948 1891 1004 1956 28.
1030 1891 1084 1960 ¹4·

77 1979 183 2044 Gronov.
195 1984 231 2042 ad
243 1985 338 2046 Statii
357 1979 472 2042 Theb.
488 1998 542 2050 ιι,
558 1994 637 2058 130.
666 1979 849 2042 Macrobius
866 1983 899 2040 in
912 1982 1084 2042 Somnium

75 2080 132 2161 stip.
149 2102 173 2150 1.
189 2099 245 2146 20.
272 2087 362 2146 etin
384 2079 514 2144 observ.
536 2100 565 2150 ι.
585 2098 619 2160 9.
653 2083 810 2142 Hardnin.
833 2082 870 2142 ad
896 2081 976 2142 Plio.
994 2097 1027 2150 a.
1053 2100 1081 2144 t.

75 2183 197 2247 staveren.
218 2188 256 2246 ad
283 2186 421 2268 Hygin.
441 2203 466 2246 c.
486 2182 508 2244 l.
530 2203 600 2266 pag.
617 2191 703 2262 408.
729 2195 761 2243 et
783 2201 863 2262 quoa
879 2183 924 2242 ibi
941 2183 1019 2242 etin
1037 2184 1083 2242 in·

76 2279 123 2342 sice
136 2305 161 2365 p.
174 2289 251 2364 536.
273 2286 452 2368 producit.
489 2283 615 2344 Primae
630 2287 714 2344 inter
734 2281 942 2364 philosophos
958 2285 1083 2344 caesum

77 2381 260 2466 scarsmlhss'e
284 2387 417 2447 dicitur
446 2385 649 2467 Pythagorae,
681 2385 810 2446 testibus
840 2384 1008 2446 Plutarcho
1043 2385 1082 2448 do

76 2483 163 2561 placitis
182 2487 411 2570 philosophor.
430 2495 463 2562 4,
493 2507 522 2548 r.
546 2505 710 2562 anonymo
731 2485 815 2566 apud
836 2484 988 2545 Photium
1012 2485 1082 2548 cod.

78 2597 136 2662 259.
150 2610 177 2669 p.
190 2601 295 2669 ¹5¹8·
326 2591 485 2670 Diogene
501 2587 625 2648 Laertio
641 2587 673 2646 iu
691 2588 755 2646 vita
774 2597 806 2662 8,
823 2595 882 2662 48.
903 2585 922 2647 s.
943 2605 1007 2668 cap.
1026 2597 1084 2662 25.

76 2686 209 2761 piamen
223 2705 354 2760 monet,
382 2687 639 2768 Theophrastum
657 2688 686 2746 id
707 2687 897 2753 Parmenidi.
920 2687 1085 2747 Zenonem

77 2783 179 2849 Hesiodo
202 2793 358 2853 tribuere.
409 2789 483 2850 vid.
506 2789 552 2848 ihi
575 2787 613 2851 Is.
629 2787 760 2850 Casaub.
785 2801 817 2849 et
842 2788 950 2870 aegid.
975 2787 1085 2848 Mena·

76 2888 134 2965 gin,
162 2894 302 2974 itemque
345 2889 475 2970 Lipsius
512 2891 546 2948 in
586 2888 784 2973 physiologia
817 2889 949 2950 Stoicur.
971 2889 1025 2949 lib.
1050 2903 1111 2975 Ω.γ

77 2987 120 3047 dis.
136 2988 162 3052 fi.
208 2997 260 3055 Sic
276 2991 386 3054 etiam
405 2990 584 3051 Aristotelea
599 2991 638 3052 de
655 2991 744 3052 coelo
761 3009 787 3050 c.
805 3007 838 3068 9.
866 2989 923 3048 ubi
941 2991 979 3049 de
996 2989 1086 3050 vocis

78 3088 207 3172 umplici
224 3095 388 3174 exponit:
423 3085 465 3153 ro*
486 3083 583 3164 ὅλον,
605 3092 727 3173 inquit,
754 3083 807 3156 aei
829 3085 871 3154 ro*
890 3088 956 3156 πᾶν
972 3083 1087 3154 εἰώθα-

79 3205 115 3270 ,to
132 3187 224 3278 λέγειν
249 3185 411 3281 οὐρανόν.

129 3397 255 3480 unum)
282 3397 365 3458 Hoc
381 3395 454 3455 ioco
470 3394 593 3476 decepti
610 3395 739 3477 quidam
754 3395 841 3458 docti
857 3395 919 3457 viri
935 3389 1086 3476 scripsere.

80 3487 167 3554 iselam
181 3498 231 3558 hie
250 3501 292 3560 de
311 3493 469 3558 universo
487 3497 609 3558 mundo
632 3517 740 3580 agere,
767 3517 833 3558 non
852 3499 892 3558 de
907 3497 1013 3564 coelo,
1041 3495 1088 3556 id·

81 3597 218 3668 queadeo,
253 3601 333 3679 quia
360 3615 463 3656 unum
485 3597 544 3657 eise
564 3599 690 3658 coelum
714 3599 818 3660 nullus
837 3599 930 3679 plane
953 3594 1088 3678 philoso-

82 3691 199 3767 phorum.
224 3701 337 3780 piures
355 3715 435 3758 vero
450 3696 510 3758 eise
525 3699 663 3760 mundos
678 3699 826 3780 quidam.
852 3713 943 3779 atque
964 3699 996 3756 hi
1020 3715 1088 3758 nou
1184 3725 1187 3730 ·

84 3791 173 3858 obscuri
188 3797 388 3882 scripserint;
421 3795 473 3858 sed
489 3798 512 3856 ii
532 3800 684 3859 nimirum
700 3799 877 3860 meminisse
900 3799 1088 3868 debuerunt,

85 3892 244 3961 tristantem
259 3901 321 3961 lib.
343 3915 375 3960 2.
401 3897 442 3958 de
462 3899 551 3961 coelo
567 3919 632 3980 cap.
652 3902 684 3962 6.
708 3899 770 3960 hoc
786 3901 825 3960 ati
847 3899 981 3959 verbum
999 3901 1090 3958 tradi·

43 3997 45 4070 ᾗ
86 3991 151 4056 c'ise:
179 3993 228 4062 in
252 3999 314 4091 μὲν
342 3992 387 4073 εἷς
410 3993 468 4059 aas
489 3993 586 4087 μόνος
610 3995 694 4063 ἐστὶν
723 3990 873 4087 οὐρανός,
913 3996 969 4061 καί
995 3985 1091 4074 οὗτος

46 4149 53 4162 .
88 4087 237 4188 itin-mn,
273 4095 335 4166 noi
368 4095 485 4177 ἀΐδιος,
518 4095 566 4166 ἔτι
594 4097 627 4165 δὲ
653 4091 835 4190 κινούμενος
861 4096 1009 4194 ὁμαλῶς,
1041 4095 1091 4166 ἐπὶ

646 4201 758 4267 ›Ba
