2756 4964
370 455 413 526 aa
640 445 799 507 norea
840 410 1138 505 axacarrcta

371 634 507 707 nepote;
540 611 684 703 (ioseph.
708 633 772 682 atrt.
800 619 871 682 iud.
902 638 931 691 ι,
955 621 988 684 6.
1014 617 1036 684 s.
1061 633 1093 696 7.
1111 619 1176 695 in.)
1211 617 1363 687 Galatae,

374 723 463 786 Gallo
485 723 635 804 Cyclopia
658 735 691 782 et
712 721 848 782 Galatiae
870 721 935 782 filio
959 722 1130 799 (Tinraene
1146 722 1178 781 in
1195 719 1339 799 Etymoi.
1358 719 1364 778 i

372 825 404 888 h.
420 826 472 900 v.)
498 825 620 892 meiius,
645 835 681 882 ut
696 823 836 904 plerique
853 823 978 891 volunt,
996 823 1132 892 aGailie,
1154 823 1208 902 qni
1224 819 1364 881 abundat

373 925 591 994 multitudine.
616 924 650 984 in
666 924 765 984 varias
780 907 926 1006 regiones
941 925 1127 1006 migrarunt.
1154 927 1168 1002 (
1176 921 1285 984 lustin.
1298 929 1353 997 aci.

375 1037 433 1106 25.
460 1042 493 1088 Ω.
514 1039 592 1088 extr.
635 1023 747 1086 Strabo
771 1033 805 1102 4.
836 1045 868 1105 p.
890 1041 970 1103 129.
995 1022 1015 1087 i.
1043 1035 1121 1102 187.
1159 1025 1232 1089 Liv.
1259 1033 1316 1102 38.
1351 1041 1363 1083 t

373 1127 542 1190 Memnon.
565 1145 631 1206 cap.
658 1139 716 1188 no.
738 1123 821 1205 apud
843 1125 1015 1196 Plautium,
1046 1121 1176 1186 Fauian.
1197 1143 1227 1194 t.
1252 1133 1287 1200 4.
1316 1136 1347 1196 7.

376 1247 432 1298 ιο,
452 1241 507 1307 23.
528 1241 561 1288 et
581 1226 715 1308 plnres.)
746 1227 793 1286 lta
808 1244 886 1286 vero
904 1226 1074 1305 Bithyniae
1090 1239 1212 1306 partem
1228 1221 1364 1306 adpeliai

244 1325 246 1332 ’
370 1349 465 1411 quam
495 1327 537 1389 ob
566 1326 748 1409 praestitum
779 1319 977 1387 auxilium‘a
1009 1326 1186 1387 Nicomede
1212 1341 1364 1406 acceperat

371 1429 468 1491 tradit
488 1427 596 1490 lustin.
617 1439 674 1503 25,
695 1443 727 1489 Ω.
745 1441 825 1490 extr.
850 1427 1031 1511 Phrygiam.
1059 1421 1280 1510 Cappadociae
1302 1424 1364 1486 eti

370 1529 559 1613 phlagoniae
578 1529 756 1598 finitimam.
779 1528 926 1610 imposito
942 1545 981 1590 eo
998 1531 1132 1590 homine
1146 1523 1307 1606 occupaffe
1329 1543 1364 1584 cu

370 1631 515 1712 Appiano
530 1629 563 1689 in
581 1629 759 1692 Mithridat.
776 1649 802 1691 c.
824 1641 904 1709 ¹¹4·
929 1641 962 1691 et
983 1629 1050 1690 aliie
1076 1627 1188 1690 Strabo
1212 1625 1270 1689 lib.
1289 1636 1322 1704 4.
1341 1644 1364 1686 c.

372 1747 405 1793 et
424 1729 479 1794 lib.
500 1745 555 1794 to.
569 1730 614 1792 in.
639 1730 694 1791 ubi
718 1733 814 1792 etiarn
837 1729 932 1792 habeo
949 1714 1087 1790 Galatiae
1104 1726 1348 1810 descriptionem

232 1815 238 1822 ’
370 1832 406 1893 tn
427 1831 536 1894 anno
553 1841 585 1908 5.
608 1841 668 1910 42.
683 1829 704 1894 r.
720 1841 781 1911 43.
833 1831 917 1892 nne
939 1831 1037 1916 tgrtur
1058 1828 1096 1890 ab
1117 1830 1156 1891 rr.
1176 1828 1292 1898 caro..
1323 1845 1361 1906 qu

371 1931 418 1994 ihi
442 1931 597 2018 duguiiue
618 1933 796 2014 reliquerit.
830 1951 949 1994 nomen
972 1931 1061 1994 ducit
1086 1928 1232 2011 Etymol.
1261 1927 1308 1990 M.
1328 1945 1362 1986 cu

371 2033 489 2094 Malaia
509 2035 544 2094 in
565 2033 746 2117 Chronogr.
771 2032 826 2095 lib.
846 2051 880 2113 9.
902 2053 934 2116 p.
953 2045 1012 2112 93.
1032 2033 1110 2094 Ven.
1150 2029 1246 2092 catio
1272 2029 1364 2091 Graec

371 2135 456 2196 dicta
470 2133 510 2194 ab
526 2133 689 2214 utriusque
705 2137 816 2216 populi
831 2133 1061 2212 commistione,
1078 2131 1165 2193 unde
1179 2121 1295 2222 Praef.
1309 2128 1364 2190 Gra

370 2235 438 2296 aiae
455 2233 574 2296 Galliae
593 2235 678 2318 apud
697 2235 821 2297 Gruter.
839 2253 871 2316 p.
881 2245 966 2314 450.
983 2255 1015 2295 n.
1033 2253 1063 2298 r.
1090 2233 1175 2294 Hinc
1189 2251 1270 2296 rero
1285 2229 1364 2312 dupit

369 2329 524 2397 Γαλατία
542 2335 628 2416 apud
653 2333 870 2397 Dioscoritiem
894 2329 913 2421 ἣ
938 2327 1026 2398 troad
1048 2329 1106 2421 τὴν
1129 2315 1238 2398 'Acin'v
1261 2348 1292 2412 3.
1314 2351 1340 2394 r.
1363 2363 1364 2380 .

369 2427 502 2521 inari
522 2429 583 2508 τὰς
602 2426 733 2510 'dirrare
756 2448 786 2514 3.
814 2447 871 2511 28.
924 2437 973 2497 De
1001 2433 1157 2497 divisione
1179 2436 1213 2494 in
1244 2445 1364 2517 ippone

370 2535 555 2598 tetrarchiae
575 2547 609 2597 et
626 2533 818 2618 reipublicae
837 2533 942 2597 iorma
966 2536 1030 2600 vid.
1048 2535 1163 2598 Strabo
1189 2549 1244 2597 to.
1266 2555 1297 2618 p.
1315 2547 1363 2610 39¹

370 2633 392 2700 s.
410 2637 493 2712 567.
522 2635 577 2716 qui
598 2637 727 2698 tandem
752 2639 785 2697 in
805 2639 901 2700 uniua
927 2637 1070 2699 Deiotari
1097 2635 1285 2719 potestatem
1308 2631 1363 2694 Gai

369 2737 448 2798 tiam
466 2736 581 2799 veniffe
599 2737 702 2806 addit.
725 2737 793 2819 poii
808 2739 982 2816 Amyntae,
1006 2738 1093 2800 unde
1110 2739 1253 2801 Romani
1271 2751 1362 2814 occup

368 2851 454 2900 runt.
493 2835 656 2900 Cietiarn
674 2839 736 2899 Dio
755 2850 812 2917 55.
830 2839 888 2901 26.
914 2839 1093 2922 Errtrop.7.
1117 2858 1171 2902 to.
1192 2867 1244 2882 -
1275 2837 1362 2897 Tetri

369 2937 498 2999 charum
519 2939 615 3020 aliqui
636 2959 747 3024 regum
764 2941 860 3002 eiiam
882 2939 974 3002 titulo
991 2941 1097 3000 ornati
1109 2938 1191 3010 sunt,
1215 2921 1362 3001 velutiid

368 3035 520 3102 thridatee
540 3059 557 3100 a
577 3039 658 3100 lulio
681 3038 808 3102 Caesare
828 3041 912 3118 (Dio
926 3050 986 3119 ipo.
1003 3043 1082 3119 48.)
1104 3039 1214 3103 etalii.
1266 3039 1306 3100 At
1327 3033 1361 3094 vit

368 3137 409 3200 de
430 3139 469 3200 iia
490 3139 645 3201 lieinerue
672 3141 861 3203 lieinecciua
883 3142 917 3202 in
940 3139 1010 3204 hist.
1034 3141 1094 3203 iul.
1109 3143 1150 3204 T.
1169 3155 1202 3218 3.
1217 3159 1251 3222 p.
1268 3147 1361 3215 233·⁴

367 3247 443 3319 499
463 3236 503 3320 tq.
529 3252 562 3299 et
574 3241 613 3301 in
630 3241 751 3322 primia,
776 3261 854 3323 quae
871 3241 1012 3304 coniecta
1033 3241 1109 3302 dant
1124 3238 1360 3304 Pelioutieriutt

367 3339 613 3404 Wernedoriiue.
658 3339 741 3405 Nota
755 3341 797 3404 eli
817 3341 943 3426 epistola
960 3341 1064 3405 Paulli
1077 3341 1116 3404 ad
1134 3343 1268 3407 Galatae.
1359 3357 1360 3387 ¹

440 3541 674 3627 Lycaones)
724 3545 779 3608 Gr.
803 3535 981 3620 dominere.
1015 3545 1104 3608 unde
1125 3537 1300 3616 dottedvtor
1318 3523 1359 3617 tfli

367 3637 546 3724 Stephano.
569 3645 626 3706 ubi
643 3645 717 3708 addi
732 3649 828 3710 etiam
842 3645 944 3728 potest
961 3667 1000 3708 ex
1015 3645 1170 3710 Strabone
1193 3663 1246 3710 ro.
1262 3666 1292 3727 p.
1309 3648 1349 3720 37

367 3739 390 3802 i.
410 3753 493 3822 557.
516 3741 727 3822 Λυκαονικός.
764 3747 867 3833 Regio
891 3749 1060 3828 Lycaonia.
1099 3747 1230 3810 Nomen
1247 3767 1262 3808 a
1281 3745 1322 3821 Ly

365 3861 425 3914 ae.
451 3845 671 3930 (Stephanae)
692 3849 826 3918 Arcade.
857 3849 912 3930 qui
935 3849 1053 3911 oraculi
1072 3849 1196 3911 monito
1218 3847 1263 3910 ibi
1282 3839 1334 3904 urb

366 3944 522 4009 condidit.
547 3948 706 4026 (Eussath.
730 3949 767 4011 ad
792 3947 925 4030 Dionys.
949 3971 982 4011 v.
1006 3951 1112 4028 857.)
1160 3949 1209 4010 Ad
1234 3949 1331 4026 cappa

259 4043 262 4054 ‘
366 4043 447 4106 ciam
470 4041 564 4108 refert
585 4049 786 4114 Ptolemaeus
809 4063 842 4129 5.
868 4053 901 4115 6.
933 4049 972 4112 ad
997 4049 1163 4112 Orientem
1190 4037 1338 4128 Panrphd

365 4145 459 4226 ponit
476 4146 610 4228 Dionys.
627 4171 661 4214 v.
678 4153 762 4230 856.
790 4153 962 4215 Terminoa
979 4150 1053 4216 iacit
1066 4150 1179 4218 Strabo
1198 4167 1252 4216 ra.
1265 4115 1356 4232 p.39i
