2756 4964
321 378 381 452 ιὀσ
586 393 746 454 uorsa
783 392 1082 453 nxuonrrcac

318 565 454 631 molliter
467 567 500 628 in
519 565 647 647 planum
668 564 830 629 devectam.
866 566 958 626 Idem
973 565 996 626 s.
1010 587 1041 628 v.
1059 561 1253 628 pectuscum
1270 561 1354 624 mol·

319 663 426 759 liffime
444 667 552 728 aditur
572 663 653 728 urbs.
693 665 808 728 Caesar
827 665 867 727 de
884 668 921 728 B.
946 667 984 729 C.
1003 685 1034 738 a,
1060 687 1114 730 ro.
1140 665 1230 726 molle
1240 656 1353 756 sasti-

317 773 413 851 giam.
448 763 617 830 Minucius
633 762 725 828 Felix
740 764 775 828 in
791 767 904 831 octav.
920 787 947 829 c.
965 783 997 844 3,
1013 776 1048 847 4.
1068 788 1127 829 ora
1142 767 1232 826 curvi
1248 764 1356 830 molli·

318 883 366 932 ter
391 870 501 932 litorii.
548 864 680 930 Solinus
702 889 729 929 c.
751 879 804 946 ι4.
824 867 846 928 s.
868 877 901 942 8.
932 868 1018 930 collis
1050 867 1164 930 dextra
1192 865 1357 948 saevaque

318 970 451 1032 molliter
472 989 597 1030 curvus.
648 969 689 1030 At
706 965 772 1050 ipse
791 969 879 1029 Mela
900 965 1118 1029 subministrat
1137 968 1287 1048 exempla
1314 989 1354 1042 u,

323 1090 354 1142 2,
379 1081 411 1146 8.
444 1093 473 1140 r,
501 1080 555 1144 18,
579 1087 609 1129 a.
642 1086 696 1146 19,
720 1072 752 1132 6.
802 1068 855 1130 Est
876 1083 985 1130 autem
1005 1069 1193 1150 paullatim,
1224 1067 1355 1134 leniter.

317 1167 413 1234 Prius
428 1171 528 1230 verbo
543 1165 689 1250 fustigare
704 1165 796 1230 addit
810 1169 914 1230 noster
933 1187 964 1240 a,
986 1183 1039 1246 15.
1057 1165 1213 1252 posterius
1227 1168 1357 1232 Caesar

319 1271 360 1332 de
381 1273 416 1332 Β.
441 1271 479 1331 G.
503 1289 534 1338 a,
557 1280 589 1344 8.
624 1284 656 1330 et
677 1271 718 1332 sic
728 1263 903 1360 fastigium
926 1271 991 1331 leue
1009 1266 1125 1330 Livius
1151 1281 1208 1347 25,
1231 1271 1291 1345 56,
1315 1275 1356 1336 6.

318 1369 433 1434 Caesar
450 1371 489 1430 de
507 1373 545 1432 lt.
562 1372 600 1432 C.
620 1388 651 1439 a,
674 1384 729 1449 24.
764 1368 899 1458 Curtius
924 1371 958 1442 6,
981 1372 1013 1433 6.
1064 1369 1115 1432 Cf.
1138 1367 1276 1432 omnino
1307 1373 1359 1436 de

318 1473 383 1536 hoc
404 1471 463 1532 usu
483 1467 576 1532 vocis
598 1471 706 1532 leniter
722 1471 887 1535 Drakenb.
903 1471 944 1532 ad
959 1467 1032 1532 Liv.
1050 1489 1082 1544 a,
1099 1483 1157 1549 50,
1179 1492 1231 1537 ιο.

390 1694 435 1736 ccc
452 1663 484 1764 s
482 1673 575 1753 pati
582 1693 600 1733 0
608 1670 627 1754 )
675 1671 749 1734 Post
764 1669 912 1756 spatium,
936 1671 1104 1758 postquam
1119 1669 1183 1734 suit
1197 1671 1359 1757 spatiosa.

318 1775 452 1839 Sueton.
470 1771 505 1834 iu
518 1773 607 1835 Caes.
622 1793 649 1834 e.
666 1783 719 1848 ¹8·
753 1774 815 1852 [cx
833 1787 982 1853 praetura
996 1789 1034 1836 ut
1047 1795 1075 1836 c.
1091 1791 1149 1849 71.
1176 1773 1226 1837 Cf.
1243 1773 1360 1838 inter-

315 1891 425 1962 pretes
442 1872 483 1934 ad
502 1871 614 1935 Vellei.
635 1889 740 1950 233,
768 1877 819 1956 1.]
853 1875 1156 1938 avauauustS.
1206 1876 1361 1960 Expro

274 1985 279 1996 ¹
315 1975 387 2070 post
410 1976 501 2058 saepe
520 1973 664 2058 ponitur,
691 1995 753 2038 nec
770 1973 927 2058 exemplis
946 1965 1027 2058 eget.
1069 1976 1226 2054 Spatium,
1254 1981 1363 2060 quod

314 2093 403 2140 recte
437 2073 569 2138 monuit
600 2073 769 2138 Iiirschius
795 2097 823 2138 e.
848 2079 869 2138 l.
908 2077 1051 2138 absolute
1084 2078 1222 2159 positum
1256 2079 1364 2144 Mela

316 2178 410 2260 saepe
425 2197 485 2261 pro
507 2173 682 2238 latitudine
703 2173 854 2248 adhibet,
880 2199 911 2238 v.
929 2198 956 2238 c.
985 2199 1014 2248 1,
1036 2201 1065 2248 r,
1080 2187 1113 2254 4.
1138 2176 1179 2237 de
1197 2179 1362 2262 Bosporo

316 2275 478 2353 Thracio;
517 2299 547 2347 ι,
571 2289 604 2352 5,
625 2288 658 2350 5.
683 2276 723 2337 de
749 2293 847 2360 portu
866 2279 1006 2360 Magum
1048 2301 1078 2348 a,
1102 2279 1135 2348 6,
1164 2300 1192 2338 ι.
1214 2277 1256 2338 de
1278 2281 1363 2342 Nu·

316 2375 438 2452 midia;
486 2400 515 2446 1,
539 2393 573 2452 7,
599 2389 631 2452 5.
662 2375 702 2437 de
727 2374 814 2456 Syrti
842 2375 986 2450 minore;
1027 2396 1059 2448 a,
1087 2387 1175 2451 2‚8.
1202 2378 1363 2444 deloco

317 2477 437 2548 clauso,
460 2497 526 2561 quo
543 2478 662 2538 Xerxes
681 2475 791 2559 copias
806 2478 933 2540 mensus
950 2477 1002 2551 est,
1025 2493 1057 2538 et
1071 2474 1160 2538 alibi.
1195 2477 1246 2541 Cf.
1263 2482 1362 2544 Bur-

315 2599 425 2640 mann.
444 2579 484 2638 ad
499 2579 644 2659 l'ropert.
663 2596 694 2647 a,
714 2593 770 2653 23,
789 2593 821 2654 3.
846 2593 888 2648 et,
916 2599 1014 2662 quern
1035 2577 1163 2650 laudat,
1187 2578 1362 2648 d’orv-iu.

314 2676 352 2741 in
368 2675 503 2741 Miscell.
518 2677 651 2743 Observ.
669 2679 737 2740 Vol.
756 2691 789 2756 5.
808 2680 848 2740 Τ.
865 2693 897 2755 3.
916 2700 947 2762 p.
969 2689 1013 2758 14
1026 2679 1092 2764 sqq.

389 2877 638 2962 adductior)
688 2879 762 2941 Post
782 2876 992 2942 latitudinem
1011 2877 1049 2942 fit
1071 2875 1226 2953 strictior,
1254 2883 1364 2950 locu.

277 3057 281 3067 .
314 2979 405 3044 tione
424 2979 568 3041 desumu
589 2983 628 3040 ab
651 2977 791 3064 aurigis,
825 2979 881 3066 qui
901 2979 1058 3044 dicuntur
1074 2982 1237 3044 adducere
1261 2985 1363 3060 lora,

314 3103 418 3168 quum
443 3101 603 3164 equorum
629 3081 758 3142 cursum
782 3083 899 3143 volunt
924 3079 1093 3162 inhibere,
1127 3101 1194 3166 quo
1218 3080 1275 3157 fit,
1314 3106 1366 3150 ut

313 3180 465 3246 breviora
498 3179 586 3241 fiant.
636 3183 708 3242 Hoc
738 3181 890 3243 transfert
919 3184 1009 3248 Mela
1037 3183 1079 3243 ad
1104 3197 1215 3245 terras.
1267 3185 1363 3250 Pari

314 3278 527 3346 translatione
552 3277 687 3342 Tacitus
710 3279 809 3360 [triu.
834 3297 866 3360 3,
893 3287 948 3364 7.]
976 3283 1145 3346 adductius
1166 3287 1367 3365 impertrare

317 3383 382 3466 [cf.
405 3380 441 3442 in
465 3378 640 3444 Germania
662 3403 690 3444 c.
710 3385 792 3463 43.]
823 3402 883 3464 pro
901 3375 1052 3473 seuerius.
1097 3406 1120 3445 1.
1147 3405 1364 3455 onouovrvs

315 3485 390 3548 Ma.
419 3501 449 3544 a.
502 3479 557 3544 sic
579 3483 682 3544 Valer.
707 3485 812 3544 Flacc.
839 3483 872 3562 6,
897 3499 977 3553 271.
1007 3482 1166 3546 adductae
1193 3483 1363 3558 habenae,

313 3584 441 3647 Eodem
461 3583 561 3642 modo
578 3580 699 3646 dicitur
715 3583 755 3644 de
777 3602 873 3652 arcu,
903 3581 1007 3644 veluti
1027 3584 1115 3666 apud
1131 3581 1228 3648 ovid.
1252 3585 1365 3669 epist.

319 3703 350 3764 a,
374 3697 453 3759 131.
471 3683 631 3744 adductus
655 3704 766 3745 nervus
787 3683 873 3765 apud
890 3685 1032 3745 eundem
1046 3685 1181 3750 Metam.
1204 3708 1232 3758 ι,
1255 3697 1309 3766 45
1316 3705 1362 3768 5,

314 3781 403 3846 Hinc
425 3782 617 3844 transfertur
638 3784 679 3844 ad
699 3781 779 3854 alia,
813 3803 898 3866 quae
923 3782 1180 3868 adstringuntur,
1213 3804 1363 3854 contra.

314 3887 457 3954 huntur,
483 3878 535 3943 uti
558 3880 593 3942 in
611 3881 761 3944 Suetonii
781 3881 893 3945 Tiber.
916 3905 944 3946 c.
965 3887 1023 3960 63.
1044 3885 1203 3948 adductus
1221 3888 1363 3958 vultus,

256 4005 259 4014 ¹
313 3987 356 4048 Et
371 3986 411 4044 stc
424 3983 464 4044 de
480 3997 577 4044 terra.
609 3980 755 4046 Avienus
771 4007 802 4045 v.
823 3985 904 4048 266.
927 3983 1053 4048 reddit:
1079 3988 1366 4080 Artiusaugufio

314 4083 463 4150 conducit
492 4083 589 4147 litora
617 4095 734 4150 tractu.
785 4083 941 4149 Ceterum
972 4083 1119 4171 priorem
1147 4085 1366 4160 sententiam
