2764 4958
239 367 244 376 ’
328 416 422 487 240.
598 407 760 468 norae
799 410 1103 470 axccaarcaa
1232 417 1236 424 ·

328 595 433 646 uenat
456 581 617 646 Plutarch.
637 581 672 644 iu
687 581 754 646 vita
775 602 842 664 cap.
862 597 920 662 27.
947 604 1022 646 euru
1046 582 1137 648 suilla
1159 583 1256 654 addit,
1283 599 1345 662 qua·

329 684 394 747 lem
410 685 548 768 fingant.
579 695 612 746 et
634 702 748 746 vocem
764 683 893 747 edidisse
907 683 1044 768 asperam
1063 688 1195 769 equinae
1213 684 1344 746 hircinae·

329 806 392 868 que
411 785 554 850 similem.
585 785 655 850 Vid.
672 784 849 848 Philostrat.
865 785 900 846 in
915 787 982 848 vita
995 787 1159 869 Apollonii
1175 789 1206 857 6.
1224 801 1276 859 27.
1297 782 1345 844 ulti

330 887 442 950 similia
464 888 638 956 iactantur,
671 899 705 948 et
725 887 912 966 Satyrorum
934 885 1035 950 sorana
1060 903 1095 951 et
1116 889 1163 952 rei
1178 883 1346 968 veritaesad·

331 988 470 1052 struitur.
520 988 591 1050 Alia
613 986 701 1048 ‹labit
720 986 931 1062 ¹Cusauhouue
958 1010 985 1059 ι,
1014 1007 1046 1052 a.
1067 1007 1100 1053 c.
1118 991 1140 1055 l.
1173 1003 1205 1053 et
1225 991 1256 1050 in
1276 985 1347 1048 notia

333 1089 471 1154 Creniue
486 1099 520 1150 et
535 1087 759 1152 Rambachiua.
795 1090 889 1152 Talea
904 1087 993 1152 fuisse
1009 1090 1171 1164 videntur,
1191 1091 1254 1173 qui,
1277 1085 1347 1154 silvia

334 1190 493 1258 innutriti.
522 1189 561 1252 ab
578 1189 747 1250 hominum
764 1188 924 1252 consortio
938 1193 1065 1260 remoti,
1091 1193 1194 1255 vitam
1213 1199 1348 1275 egerunt;

332 1293 367 1354 ui
386 1291 442 1374 ipsi
464 1290 503 1353 ad
524 1291 626 1352 limiae
649 1290 781 1374 relegari
804 1290 940 1364 debent,
971 1294 1005 1354 in
1023 1293 1138 1374 quibua
1158 1295 1249 1376 pouit
1268 1289 1351 1352 etiam

332 1393 457 1456 Pliniua
476 1407 509 1468 7,
525 1407 558 1454 a.
586 1403 620 1470 8,
636 1402 695 1470 8⁰·
712 1389 734 1453 l.
751 1399 811 1471 54.
864 1391 916 1456 cf.
934 1394 1032 1455 etiam
1047 1395 1194 1457 Bochart.
1214 1394 1246 1454 iu
1262 1389 1351 1454 Chaa.

338 1514 368 1564 ι,
392 1505 448 1572 ¹8·
471 1505 505 1556 et
519 1493 664 1578 Vitringa
679 1491 720 1555 ad
739 1490 799 1556 les.
818 1505 874 1573 13,
895 1513 908 1559 t
916 1511 952 1574 9·
977 1529 1030 1544 —
1066 1496 1218 1560 Redeunt
1237 1489 1311 1555 inin
1329 1507 1353 1558 ιι

333 1592 692 1676 nocumentum.

408 1795 663 1880 Aegipanum
671 1793 690 1878 )
741 1796 928 1878 Satyrorum
943 1796 1207 1882 Aegipanumqne
1221 1799 1254 1860 in
1268 1793 1357 1872 Libya

335 1899 454 1962 codem
475 1899 594 1972 modo,
621 1899 800 1981 iiademque
818 1918 902 1982 pene
919 1899 1025 1962 verbio
1048 1901 1225 1963 meminere
1237 1898 1357 1963 Plinius.

335 1995 394 2088 [5.
417 1991 473 2086 8.]
500 2001 634 2064 Solinua
657 1996 745 2088 [cap.
760 2009 819 2079 34.
834 1997 857 2062 s.
875 1993 954 2086 gn]
978 2012 1011 2062 et
1031 1999 1208 2066 Martiauue
1230 1997 1360 2082 &pellar

247 2119 249 2126 ·
337 2097 415 2189 [lib.
433 2102 467 2166 6.
488 2121 521 2184 p.
539 2097 646 2189 215.]
674 2120 772 2164 uerno
787 2114 895 2162 tamen
914 2101 1019 2173 addit,
1043 2103 1142 2184 qualia
1158 2100 1256 2165 suerit
1270 2099 1361 2162 sorma

334 2203 549 2288 Aegipanum.
581 2201 773 2268 Posteriores
787 2203 868 2264 duos
882 2201 1045 2286 ignorasse,
1062 2201 1152 2266 facile
1165 2203 1361 2268 crediderim:

335 2325 376 2366 au
399 2321 477 2366 vero
507 2305 604 2366 etiam
629 2304 751 2365 Pliniua
777 2303 943 2388 ignorarit,
978 2323 1045 2366 non
1074 2307 1191 2372 attinet
1216 2320 1369 2387 quaerere.

338 2405 422 2468 Saue
442 2424 545 2486 neque
559 2406 594 2466 in
609 2401 712 2466 sorana
727 2403 823 2466 huiue
837 2403 967 2466 monslri
983 2407 1203 2478 conveniunt,
1229 2407 1251 2468 si
1268 2419 1363 2465 tamen

336 2503 484 2569 monstris
507 2503 581 2568 sunt
601 2502 805 2574 accensenda,
838 2525 917 2586 quae
941 2504 1011 2566 sunt
1035 2527 1121 2569 mera
1144 2507 1364 2570 Graeculorum

337 2618 531 2670 commenta.
578 2606 743 2670 Salmasius
757 2607 791 2666 in
806 2607 892 2668 notia
908 2607 947 2668 ad
962 2607 1109 2670 Soliuum
1133 2604 1186 2696 [p.
1204 2630 1249 2672 m.
1267 2596 1364 2690 293·]

338 2727 377 2772 cx
392 2707 544 2788 parallelia
559 2706 739 2770 minoribus
754 2707 914 2768 Plutarchi
935 2704 1028 2795 [Vol.
1045 2724 1077 2786 7.
1096 2711 1181 2788 256.
1199 2712 1251 2773 ed.
1268 2699 1364 2789 Lips]

338 2806 493 2871 adstruere
519 2821 668 2891 conatur,
694 2808 855 2892 Aegipaua
880 2809 975 2870 illum
1001 2808 1077 2882 else,
1112 2831 1211 2892 quem
1237 2805 1369 2874 Romani

337 2910 503 2976 Silvanum
518 2923 646 2974 vocant.
682 2909 745 2972 Sed
759 2928 836 2972 vero
849 2909 942 2971 valde
956 2913 1084 2974 infirmo
1099 2914 1214 2974 nititur
1230 2912 1367 2978 tibicine;

338 3031 443 3095 neque
459 3013 547 3073 enirn
563 3013 738 3094 quidquam
762 3013 895 3084 certina,
921 3031 1018 3094 quam
1036 3013 1180 3076 libellum
1202 3015 1295 3078 illurn
1316 3009 1369 3073 ella

338 3112 463 3197 prorsus
492 3113 665 3198 indignum
693 3111 876 3176 Plutarcho.
902 3147 952 3161 -
1002 3114 1046 3176 Et
1075 3113 1221 3197 proiecto
1253 3129 1369 3175 tantuna

339 3216 423 3276 iuter
439 3212 499 3278 sesa
515 3214 668 3276 differunt
681 3213 804 3276 Silvani
817 3225 850 3272 et
865 3216 1059 3298 Aegipanes.
1085 3229 1122 3277 ut
1144 3215 1306 3279 difficiliue
1323 3213 1369 3274 ali·

340 3315 418 3398 quid
439 3317 595 3400 reperiar,
627 3317 661 3377 iu
682 3332 746 3396 quo
764 3315 984 3398 conveniunt,
1014 3337 1113 3398 quam
1130 3319 1164 3378 in
1181 3339 1246 3399 quo
1264 3319 1369 3378 diacre·

341 3431 432 3501 pant.
469 3417 647 3502 Aegipanes
661 3417 750 3478 euim
765 3434 833 3476 nou
848 3429 885 3476 ut
897 3417 1022 3479 Silvani
1042 3437 1115 3478 curn
1137 3417 1218 3481 facie
1236 3421 1369 3479 hnmana

340 3517 573 3603 pingebantur,
608 3537 722 3581 verum
747 3517 875 3598 caprina
906 3516 1045 3598 prorsus.
1079 3521 1146 3582 imo
1173 3511 1369 3606 αὐτόχρημα

342 3621 429 3701 capri
451 3632 543 3682 erant
563 3619 708 3703 superne.
758 3617 979 3701 l’iugebantur
1001 3633 1164 3701 praetcrea
1181 3643 1257 3683 cum
1276 3619 1369 3682 cauda

342 3717 445 3803 piscia.
485 3719 588 3784 Causa
608 3720 751 3782 nominis
770 3718 850 3780 haec
872 3719 926 3782 est.
965 3719 1108 3804 Aegipan
1128 3725 1216 3785 lovis
1238 3725 1321 3785 silius
1339 3733 1369 3781 er

343 3841 435 3902 capra
452 3821 589 3884 Boeotia
612 3821 671 3884 elle
692 3821 838 3904 fingitur,
872 3839 970 3902 quam
990 3823 1089 3884 etiarn
1112 3821 1265 3886 Oleniam
1286 3839 1369 3886 voca<

344 3941 432 3986 rere.
481 3923 546 3985 alii
565 3923 652 3986 Iovia
673 3921 865 3984 collacteum
881 3920 1019 3992 faciunt.
1044 3936 1223 4007 natumque
1238 3946 1276 3988 ex
1295 3927 1369 4006 Aega

343 4021 441 4086 Pania
470 4024 617 4108 coniuge.
668 4023 755 4086 Hinc
778 4022 942 4106 Aegipana
971 4023 1096 4085 dictum
1120 4026 1221 4090 aiunt.
1262 4023 1369 4088 luvill't

344 4121 399 4186 hic
420 4123 539 4188 dicitur
569 4127 683 4190 lovem
706 4125 744 4190 iu
775 4120 861 4188 bello
887 4133 997 4185 contra
1029 4124 1238 4210 Typhonem.
1295 4127 1369 4212 Quia
