2892 4950
323 385 388 460 ⁶56
474 425 479 434 .
595 381 759 442 uerae
799 381 1106 442 uxr-:emmae

324 557 435 620 cornix
455 556 490 618 in
506 554 600 618 omiti
622 575 770 618 connexu
788 553 828 620 ci.
847 555 888 618 ad
910 576 940 626 t.
961 573 1017 634 17,
1035 572 1069 637 3.
1104 549 1355 621 Luculentiffime

325 658 419 720 litnm
433 655 581 721 describit
593 657 742 720 Ariilides
756 660 798 720 T.
822 677 851 722 t.
865 679 897 739 p.
908 672 992 739 257.
1008 661 1061 722 ed.
1079 657 1168 723 lebb.
1203 662 1280 722 Duo
1295 661 1357 721 eius

323 773 436 844 portua
452 771 685 822 commemorat
700 759 815 822 Strabo
835 760 892 824 lib.
913 777 967 824 ια.
982 781 1010 824 c.
1032 761 1054 824 l.
1080 760 1139 821 ubi
1157 775 1191 823 et
1213 763 1302 844 plura
1321 761 1356 822 ad

324 863 395 924 eius
419 861 547 922 laudem
571 858 759 922 adferuntur
781 875 815 924 et
838 863 1042 946 dignitatem.
1071 862 1154 926 Add.
1171 865 1257 926 Flor.
1275 876 1306 942 5.
1327 874 1356 939 5.

324 977 359 1024 et
381 963 529 1024 Aristides
545 981 572 1024 c.
594 962 616 1024 l.
670 962 845 1024 Alcibiadis
875 977 1021 1046 tempore
1053 959 1246 1049 ἂτείχιστον
1268 963 1358 1034 fuiff‘.

324 1062 622 1144 scribunt'l'hucyd.
633 1075 667 1142 8,
685 1078 766 1140 107.
789 1077 823 1126 et
839 1065 973 1128 Diodor.
990 1081 1045 1142 15,
1061 1076 1122 1146 40.
1149 1068 1238 1150 quod
1255 1081 1357 1128 tamen

324 1163 536 1247 Oudendorp.
560 1166 600 1226 ad
621 1166 765 1228 Frontin.
784 1178 818 1244 3,
836 1183 870 1245 9,
888 1167 922 1230 6.
942 1169 1097 1250 explicat:
1127 1189 1245 1252 perum
1260 1169 1358 1230 muni·

324 1281 404 1329 tam.
438 1267 585 1328 innotuit
602 1267 732 1328 inbelle
749 1266 980 1339 Mithridatico,
1004 1269 1203 1333 Mithridatis
1223 1274 1357 1331 maxime

324 1367 508 1437 obstdione.
531 1367 667 1451 (Strabo
683 1387 710 1430 c.
732 1367 753 1430 l.
786 1369 923 1451 Appiae.
944 1371 978 1430 in
1003 1370 1151 1436 Mithrid.
1172 1392 1200 1434 c.
1220 1387 1267 1444 72
1282 1363 1359 1453 qu.)

323 1471 411 1532 unde
426 1471 606 1552 praemium
623 1469 778 1532 libertatis
792 1470 918 1540 tulerat,
941 1491 1003 1554 qna
1020 1469 1186 1550 fruebatpr
1197 1469 1359 1536 Strabonis

323 1585 444 1640 aetate,
471 1570 540 1653 pell
562 1571 604 1630 ob
622 1571 797 1634 violentiae
811 1575 945 1634 crimina
962 1573 1130 1635 adversum
1144 1575 1232 1638 cives
1246 1577 1359 1637 lloma·

322 1691 382 1734 nos
400 1673 559 1756 eripuerat
572 1671 732 1736 Tiberine.
759 1675 876 1752 (Tacit.
895 1675 977 1736 Anu.
991 1684 1025 1753 4,
1043 1677 1103 1752 36.
1121 1691 1155 1738 et
1169 1677 1216 1736 ibi
1233 1675 1357 1758 Liplius,

322 1777 456 1838 Sueten.
480 1775 514 1834 in
530 1773 639 1835 Tiber.
661 1794 731 1856 cap.
750 1781 822 1854 57.)
856 1777 974 1837 Terrae
990 1790 1082 1837 motu
1106 1775 1287 1839 nunculiam
1309 1777 1359 1838 ad·

322 1877 409 1938 iuvit
426 1875 597 1937 liberalitas
615 1875 783 1938 Hadriani.
810 1877 965 1954 (llllalalas
984 1879 1017 1938 in
1039 1878 1211 1964 chronogr.
1228 1879 1284 1942 lib.
1305 1897 1357 1942 tt.

321 1997 353 2060 p.
374 1989 454 2054 118.
471 1979 569 2054 Ven.)
621 1979 749 2040 Incolae
764 1979 917 2038 dicuntur
932 1973 1108 2064 Κυζικηνοὶ
1126 1982 1159 2042 in
1178 1979 1360 2042 auctoribus

321 2093 355 2142 et
375 2079 500 2150 onmis,
534 2079 621 2142 unde
642 2073 847 2164 polleffivum
871 2077 973 2143 adfert
993 2081 1177 2162 Stephanus
1197 2077 1360 2170 Κυζικηνι·

322 2175 397 2257 κός,
438 2181 525 2262 quod
560 2181 659 2265 vulgo
693 2180 858 2266 legebatur
891 2181 925 2242 in
957 2179 1165 2264 Aristophane
1207 2183 1249 2246 de
1281 2183 1358 2245 Pace

321 2303 356 2346 v.
379 2283 484 2360 1176.
511 2283 552 2343 ad
568 2301 664 2365 quem
677 2279 717 2346 cf.
737 2281 918 2345 brunckius
937 2295 970 2344 et
990 2283 1205 2347 invernizius.
1259 2285 1357 2346 Hodie

321 2385 410 2448 urbis
431 2385 547 2470 exigua
571 2383 688 2446 rellant
709 2384 857 2468 vestigia,
890 2383 1066 2466 exquibus
1088 2385 1357 2468 amphitheatrum

321 2500 557 2563 commemorat
583 2485 791 2547 Lechevalier
815 2488 850 2548 iu
877 2503 1002 2570 voyage
1028 2486 1067 2547 de
1093 2487 1124 2546 la
1150 2485 1356 2570 Propontide.

320 2587 384 2650 Sed
408 2587 498 2669 plura
522 2589 562 2648 de
585 2583 626 2648 iis
649 2585 853 2648 coutulerunt
875 2584 1025 2648 Pococke
1041 2587 1082 2649 T.
1099 2601 1133 2663 3.
1155 2608 1187 2669 p.
1214 2590 1284 2654 166
1300 2585 1356 2670 qu.

320 2701 354 2749 et
373 2689 474 2748 Lucas
492 2706 618 2773 voyage
641 2687 721 2750 dane
740 2687 770 2749 la
788 2681 888 2752 Grece
909 2688 950 2754 T.
972 2708 1001 2752 t.
1022 2707 1055 2772 p.
1072 2686 1118 2764 36
1137 2687 1201 2772 sqq.
1231 2704 1304 2772 379
1319 2687 1356 2770 lq.

319 2791 416 2854 Stetit
435 2807 535 2873 prope
556 2788 685 2853 Aratolu'.

397 2991 587 3075 Minyis)
620 2995 671 3056 De
688 2993 830 3056 neminie
844 2992 966 3077 origine
981 2993 1086 3054 multa
1103 2992 1229 3056 dabunt
1240 2989 1359 3058 Voffins

323 3095 363 3160 ad
386 3093 490 3155 Valet.
512 3097 534 3156 F
537 3097 614 3158 laec.
637 3115 665 3166 t,
689 3109 773 3170 310.
806 3095 921 3172 Heyne
945 3093 987 3155 ad
1009 3095 1196 3176 Apollodor.
1220 3117 1251 3168 r,
1275 3113 1306 3180 9,
1326 3107 1357 3172 3.

321 3210 354 3258 et
374 3193 426 3260 td.
452 3197 587 3277 aliique,
622 3215 700 3276 quoe
722 3197 866 3257 indicant
893 3207 927 3256 et
946 3195 1009 3256 viri
1031 3196 1119 3257 docti
1141 3197 1181 3256 ad
1203 3197 1356 3280 Stephon.

255 3287 258 3294 ¹
320 3297 343 3362 i.
359 3319 391 3360 v.
411 3289 533 3366 blinda.
560 3319 597 3360 ex
614 3297 729 3379 quibus
746 3295 810 3358 fere
827 3293 972 3366 eflicitur,
998 3315 1036 3356 ex
1055 3295 1263 3360 Orchomeno
1278 3299 1359 3360 circa

321 3399 443 3462 Iolcum
471 3397 656 3470 conledille,
694 3413 728 3460 et
753 3393 917 3479 ta'mquam
951 3397 1167 3480 expeditionis
1199 3401 1359 3481 principes

321 3519 380 3584 pre
404 3503 596 3584 Argonautis
622 3502 711 3582 poni.
765 3498 857 3560 Tella
878 3497 985 3561 Schol.
1011 3497 1141 3560 Pindari
1162 3501 1202 3558 ad
1225 3499 1357 3581 Olymp.

326 3613 380 3682 ¹4·
399 3614 430 3678 5.
462 3602 539 3662 dicti
568 3605 668 3663 etiam
695 3598 766 3661 lunt
795 3595 950 3662 Mreu‘idor
976 3600 1045 3670 rel,
1078 3615 1115 3660 ut
1136 3601 1206 3660 vult
1234 3601 1357 3678 Heyne,

322 3697 496 3794 lllrruq'tdnr.
558 3703 681 3766 Necem
715 3715 825 3764 autem
855 3701 908 3762 hic
941 3715 1229 3764 commemoratam
1259 3703 1358 3785 Argo·

319 3807 426 3868 nautis
450 3803 708 3886 imprudentibus
731 3803 842 3866 tribuit
863 3801 960 3863 etiam
986 3802 1168 3884 Apollodor.
1191 3823 1221 3871 r,
1243 3819 1278 3882 9,
1303 3814 1357 3879 ¹8·

320 3909 376 3968 ulti
412 3907 589 3990 pleniorem
619 3903 718 3966 habes
752 3903 934 3975 historiam
973 3901 1114 3985 ipsorum
1146 3903 1221 3964 duci
1252 3901 1356 3966 laloni

321 4009 443 4094 llygiu.
465 4005 530 4070 fab.
559 4009 616 4072 16.
668 4003 720 4070 Ci.
748 4005 853 4068 Valet.
878 4003 980 4068 Flacc.
1008 4017 1046 4084 5,
1071 4015 1156 4086 040.
1204 4005 1355 4087 Apellen.

319 4109 427 4178 lihod.
452 4127 483 4183 t.
514 4123 621 4190 1032·
669 4105 801 4174 Herculi
832 4104 982 4192 Orpheus
1007 4108 1042 4170 iu
1066 4105 1187 4194 argon.
1211 4125 1245 4170 v.
1270 4117 1355 4185 520.
