2892 4950
361 389 424 452 510
631 381 794 440 norae
834 383 1133 442 cxcocrrcaa

362 551 449 617 dum.
491 553 641 616 innotuit
664 555 698 615 in
721 553 807 617 bello
828 569 937 617 contra
956 557 1184 629 Aristonicum,
1210 556 1367 640 quiPerga·

361 675 464 724 mum.
489 655 527 719 Ρ.
545 657 583 717 lt.
600 655 774 718 hereditate
790 657 828 717 ab
847 659 950 719 Attalo
968 662 1119 728 relictam.
1143 663 1235 722 armia
1250 659 1298 718 tibi
1314 659 1369 718 cin·

363 757 497 820 dicabat.
549 758 633 839 Quia
648 757 785 818 Hermua
800 760 886 818 iuxta
903 759 1081 822 Phocaeam
1098 759 1134 821 in
1150 781 1230 822 mare
1248 759 1370 824 elabitur.

363 858 502 919 Leucam
534 859 582 918 iili
614 859 870 938 praeponendam
904 857 992 922 fuiiie
1027 876 1140 924 monet
1172 862 1223 922 hic
1254 854 1368 921 Voffiua.

362 959 407 1022 H.
430 975 466 1020 ut
485 973 574 1040 putat
598 959 748 1022 Mannert
764 959 965 1044 Geographie
983 963 1082 1026 Tum.
1097 965 1131 1027 6.
1153 963 1192 1028 Ρ.
1206 977 1238 1043 3.
1257 983 1287 1046 p.
1304 971 1370 1036 333.

363 1061 464 1122 Fadio
486 1079 583 1124 novo.

438 1263 626 1325 Phocaea
633 1261 652 1344 )
703 1261 758 1326 Gr.
775 1257 931 1336 Φώκαια,
957 1265 1111 1330 usitatiori
1132 1267 1258 1350 quidem
1279 1261 1370 1326 forma.

363 1365 491 1446 Nempe
514 1366 599 1445 quod
622 1377 713 1425 notat
736 1365 874 1428 Eustath.
898 1369 936 1427 ad
964 1367 1094 1444 Dionys.
1121 1391 1154 1432 v.
1171 1382 1254 1447 457·
1293 1357 1372 1442 Φὼκη

361 1469 459 1528 etiam
475 1467 557 1527 dicta
573 1466 711 1536 videtur,
734 1479 773 1526 ut
787 1463 884 1552 Νίκη,
908 1465 1041 1532 Νίκαια.
1078 1472 1141 1532 Sed
1158 1473 1197 1532 da
1214 1469 1261 1530 hia
1274 1461 1372 1546 expoli-

363 1581 433 1628 tum
449 1566 492 1629 cst
514 1567 548 1628 in
564 1568 648 1628 uotia
669 1551 739 1628 crit.
754 1587 785 1648 p.
802 1579 873 1644 537
890 1566 929 1649 sq.
983 1571 1123 1632 Gentilia
1138 1572 1212 1633 inde
1226 1581 1309 1630 notat
1321 1565 1373 1626 Ste

362 1669 486 1752 phaone
508 1659 680 1743 Φωκαεὺς,
704 1660 871 1744 Φωκαιεὺς
887 1683 918 1730 et
934 1670 1118 1757 Φωκαΐτης.
1171 1673 1291 1734 Priores
1309 1666 1372 1726 duae

362 1767 483 1832 formae
506 1789 572 1832 non
601 1771 636 1830 in
662 1769 845 1831 auctoribus
871 1769 969 1831 solum
1003 1787 1193 1843 occurrunt,
1228 1769 1276 1832 sed
1302 1781 1328 1827 et
1347 1767 1373 1822 in

362 1873 472 1934 numia
493 1873 654 1952 adparent.
680 1871 756 1932 .Sic
783 1891 839 1952 per
862 1893 894 1932 αι
916 1869 1134 1953 frequentatur
1157 1875 1195 1936 ab
1219 1867 1372 1932 Herodoto.

361 1976 397 2034 in
415 1973 569 2036 Strabone
586 1986 620 2048 3.
635 1993 667 2055 p.
684 1983 763 2051 124.
775 1970 796 2032 s.
812 1987 892 2051 179.
911 1993 967 2054 per
983 1997 1002 2036 α
1021 1975 1138 2058 legitur
1156 1976 1268 2038 eodem
1282 1967 1373 2030 morio.

362 2095 427 2158 quo
451 2063 604 2147 Νικαιεὺς
623 2087 657 2133 et
682 2064 824 2149 Νικαεὺς
843 2094 860 2134 a
881 2071 1003 2137 Νίκαια
1025 2076 1165 2140 ducitur.
1216 2077 1264 2136 De
1286 2065 1373 2130 nunit

362 2175 402 2238 ci.
418 2175 537 2238 liniche
552 2177 592 2236 T.
604 2189 637 2250 3.
655 2175 692 2238 P.
708 2189 741 2236 ω.
758 2193 790 2255 p.
805 2185 897 2251 1225
909 2173 970 2256 sqq.
991 2189 1024 2235 et
1039 2176 1166 2238 Eckhel
1181 2177 1217 2238 Ρ.
1233 2195 1260 2235 ι.
1279 2171 1337 2231 Voi.
1348 2179 1373 2224 2.

361 2299 394 2361 p.
414 2290 458 2354 55
465 2291 484 2352 3
504 2276 545 2357 iq.
586 2279 637 2338 An
653 2294 729 2337 vero
748 2275 842 2336 etiam
860 2269 994 2350 Φωκεὺς
1013 2293 1097 2339 recte
1117 2279 1248 2344 dicatur.
1273 2273 1308 2332 da
1326 2270 1373 2326 1⁴0⁶

361 2380 571 2440 contendunt.
616 2375 793 2456 Stephanus
819 2377 900 2437 hanc
925 2374 1060 2439 formam
1087 2399 1155 2440 non
1181 2375 1298 2460 adtigit.
1341 2367 1372 2428 At

361 2477 548 2540 Scholiaiiee
575 2476 773 2552 Thucydidis
792 2477 829 2536 ad
856 2497 883 2547 ι,
911 2476 1000 2556 13.f.
1026 2478 1103 2541 haec
1124 2479 1237 2539 habet:
1274 2463 1372 2535 Φωκεῖς

362 2577 391 2641 oi
415 2579 472 2661 τῆς
492 2569 654 2648 Ἑλλάδος
677 2571 741 2638 ἀπὸ
763 2571 909 2650 Φωκίδος
934 2573 1077 2654 πόλεως·
1120 2577 1265 2649 Φωκαεῖς
1285 2573 1311 2636 oi
1328 2566 1372 2648 cdi

359 2675 478 2751 Ἰωνίας
502 2672 570 2740 dard
591 2673 742 2748 Φωκαίας
760 2669 895 2749 πόλεως.
939 2679 981 2740 Et
999 2681 1038 2741 iic
1059 2677 1291 2742 Enitathiusud
1311 2671 1372 2734 Dio·

360 2779 427 2862 atys.
449 2790 576 2858 v.437.
613 2778 760 2840 Librariia
778 2780 876 2860 igitur
890 2777 1096 2843 tribuendum
1112 2781 1164 2854 est.
1187 2800 1258 2842 cum
1272 2765 1372 2838 douai

361 2883 457 2946 etiam
473 2885 512 2942 de
530 2879 780 2942 Phocaeenlibua
796 2882 947 2950 occurrit,
972 2896 1009 2942 ut
1026 2886 1060 2942 iu
1077 2883 1242 2944 Herodoto
1258 2887 1288 2958 4,
1309 2882 1372 2948 ¹58·

361 2985 495 3048 Diodor.
518 2995 627 3060 313.
659 2994 691 3042 et
712 2981 746 3040 in
771 2980 838 3042 aliie
861 2982 987 3052 multia,
1020 2983 1077 3043 ubi
1101 2985 1247 3044 meliores
1269 2976 1372 3040 codice⁵

361 3088 486 3150 veriora
508 3083 656 3145 statuunt.
707 3083 759 3144 Sic
781 3081 836 3142 soti
858 3082 973 3142 librarii
995 3103 1032 3144 ex
1056 3083 1118 3165 ipsa
1137 3080 1284 3146 Eustatitii
1306 3089 1373 3157 put*

363 3189 511 3269 ceptione
534 3182 665 3245 incusari
688 3183 821 3252 debent,
852 3185 906 3262 qui
929 3184 967 3244 ad
992 3182 1122 3264 Dionys.
1140 3207 1172 3246 v.
1193 3201 1248 3260 70.
1272 3168 1374 3240 doerit

365 3289 406 3350 de
442 3283 591 3348 Maffiliae
622 3283 841 3345 conditoribus
873 3285 1065 3355 obtrudunt.
1105 3287 1151 3345 uti
1178 3287 1276 3347 etiam
1306 3285 1374 3337 reue

367 3388 472 3450 censet
497 3383 624 3450 Salmas.
657 3388 690 3445 in
714 3386 814 3448 Solio.
842 3405 873 3466 p.
892 3406 935 3446 m.
954 3387 1013 3448 66.
1045 3402 1077 3448 et
1102 3401 1243 3448 auctores
1270 3388 1374 3441 vetet&

368 3490 587 3570 comprobant.
645 3487 706 3547 Sed
733 3486 830 3570 plura·
847 3488 886 3546 de
912 3485 961 3546 his
989 3483 1099 3548 foruna
1125 3502 1291 3566 earumque
1314 3493 1374 3536 nn·

368 3589 493 3652 sulione
519 3601 716 3649 monuerunt
746 3585 894 3648 Dukerue
920 3599 952 3647 et
978 3587 1156 3650 Gottlebar.
1181 3590 1219 3648 ad
1243 3573 1371 3653 'i'huctd

371 3711 403 3763 a,
426 3707 482 3772 13.
508 3687 632 3750 Wetret.
649 3687 686 3748 ad
704 3689 837 3749 Diodor.
856 3698 889 3764 5,
912 3709 924 3746 ι
934 3701 964 3766 3.
1001 3700 1052 3764 13,
1075 3707 1152 3749 roo.
1188 3673 1371 3750 sonitui

366 3797 531 3859 staveren.
552 3792 590 3852 ad
613 3783 734 3872 Hygin.
758 3785 819 3849 fab.
843 3799 896 3866 14.
917 3809 948 3869 p.
964 3799 1023 3865 43.
1066 3786 1116 3850 ef.
1139 3790 1233 3850 atiani
1253 3780 1324 3845 inira
1342 3771 1372 3834 ad

368 3897 489 3958 Melam
509 3909 541 3962 2,
562 3903 594 3968 5.
617 3903 650 3968 3.
702 3890 806 3949 Latini
829 3890 941 3950 dicunt
963 3889 1140 3959 Plancum,
1167 3903 1203 3949 ut
1227 3886 1339 3947 otene.
1355 3875 1372 3933 l·

370 3998 424 4062 vel
439 3988 657 4080 Phocoaeufis,
681 4005 716 4050 ut
730 3991 812 4052 Piin.
829 4002 860 4068 3,
877 4003 911 4072 4.
926 3987 947 4052 i.
966 4007 985 4072 5
1020 3991 1052 4048 iu
1069 3991 1181 4052 eodem
1201 4007 1289 4050 nexu.
1321 3979 1371 4040 No·

368 4119 446 4166 men
477 4094 660 4160 Heraclidae
684 4093 838 4156 Ponticus
863 4091 904 4155 de
934 4091 1056 4175 politiia
1081 4091 1272 4154 Graecorum
1294 4086 1322 4146 h.
1345 4095 1369 4136 v·
