2828 4966
333 397 376 466 ⁷⁸
603 385 764 444 NOTAE
804 385 1106 443 nxoourtcua

502 563 531 642 §.
562 569 596 638 5.
647 557 892 640 Interiora)
941 559 1126 640 Sequuntur
1146 573 1256 644 genter
1274 560 1385 622 medl

300 692 303 696 ·
337 678 509 728 terraneae.
546 663 671 744 Nempe
692 663 819 742 quanrlo
835 662 875 722 tle
894 662 985 722 terrie
1005 663 1146 743 loquitur
1162 663 1274 732 noller,
1300 664 1385 722 inte

338 768 404 830 rius
422 765 569 850 fignificat
583 767 730 846 regiones
749 783 766 823 a
784 765 863 825 mari
879 777 1027 824 remotae.
1070 763 1139 824 vid.
1162 785 1190 834 r,
1209 765 1241 834 6.
1262 781 1297 826 a.
1323 765 1385 824 ub

341 865 408 949 ipse
429 868 563 948 explicat
583 865 639 926 oc:
673 865 803 924 interius
825 877 855 925 et
877 863 968 944 louge
978 855 1067 957 satir
1087 885 1108 924 a
1129 863 1230 927 litore.
1276 863 1385 924 Omn

341 968 480 1051 obponit
502 967 667 1046 r,19.iu.
696 961 753 1025 ubi
777 962 818 1027 cl'.
840 978 957 1026 notata.
998 967 1041 1026 Et
1065 965 1208 1031 ficalibi.
1255 964 1386 1028 Contr.

341 1067 383 1134 tle
402 1069 481 1131 meri
496 1067 539 1132 eli
554 1071 588 1133 in
602 1069 710 1132 medlo
729 1068 819 1138 mari,
847 1079 885 1128 ut
900 1082 932 1137 2,
950 1081 982 1144 7.
1004 1087 1059 1129 ιι.

422 1269 639 1352 Gaudori)
695 1271 813 1351 Incipit
833 1267 937 1331 rursus
964 1289 981 1330 a
1004 1283 1091 1351 parte
1116 1269 1200 1332 Aliae
1221 1269 1386 1330 orientali

342 1373 396 1434 Ile
416 1372 487 1452 ipsu
511 1373 561 1434 hie
585 1373 709 1454 populie
731 1372 794 1432 live
817 1369 997 1453 scripturam
1022 1371 1153 1454 spectes,
1189 1369 1250 1431 live
1274 1370 1386 1430 urum

343 1469 448 1533 ferret
461 1475 668 1556 interpretum
679 1475 861 1554 disputatio.
872 1477 920 1532 uti
935 1491 973 1532 ex
989 1486 1057 1536 not.
1071 1475 1140 1534 crit.
1158 1474 1268 1555 patuit.
1301 1473 1386 1532 Effe

342 1587 458 1636 rantur
483 1577 570 1634 enirn
598 1577 699 1644 varie,
734 1575 836 1633 veluti
862 1567 1052 1659 Γανδάριοι,
1085 1567 1262 1658 Fauianae.
1301 1565 1386 1637 Γᾶν

344 1669 458 1756 lauat.
490 1677 576 1756 quod
599 1676 642 1734 ibi
667 1675 787 1738 notavi.
840 1677 943 1736 iidem
966 1677 1061 1735 etiam
1083 1675 1232 1736 dicuntur
1252 1671 1386 1736 Γανδα

344 1772 462 1867 pilata
489 1778 621 1838 Diodor.
651 1793 682 1844 2.
707 1791 765 1852 37.
805 1791 859 1848 17.
884 1795 943 1856 9¹·
966 1791 998 1836 et
1019 1776 1110 1848 alibi,
1148 1775 1325 1838 Plutarcho
1360 1778 1387 1836 ir

341 1878 434 1940 Alex.
454 1877 498 1940 Μ.
518 1897 583 1960 cap.
603 1879 661 1941 62.
688 1879 742 1938 etsi
757 1877 801 1936 ibi
819 1879 850 1937 in
872 1879 935 1938 fine
955 1897 1010 1958 per
1025 1899 1055 1947 τ,
1080 1891 1113 1938 et
1134 1879 1167 1937 in
1188 1890 1265 1940 orat.
1292 1897 1326 1940 ι.
1354 1879 1387 1938 dt

343 1973 444 2040 lortit.
470 1980 556 2038 Alex.
581 2001 612 2062 p.
633 1991 712 2058 295.
733 1977 815 2059 Lipf.
843 1979 900 2038 nbi
921 1979 1051 2058 quidem
1073 1979 1172 2062 vulgo
1192 1973 1387 2066 Γανδρίδαι

344 2077 410 2143 Pro
425 2098 464 2140 eo
482 2076 683 2166 Γαργαρίὁαι
698 2079 792 2141 exstat
808 2081 842 2140 in
858 2078 1012 2158 Dionylio
1031 2101 1062 2140 v.
1086 2091 1190 2158 ¹¹44·
1220 2078 1387 2144 Priscian<

344 2199 380 2244 v.
401 2193 504 2257 1050.
529 2197 559 2242 et
579 2184 705 2243 Avieno
721 2203 752 2243 v.
774 2192 878 2260 1549.
906 2180 961 2241 etsr
981 2179 1079 2248 dubie
1101 2183 1134 2240 in
1158 2181 1218 2252 hir,
1248 2200 1330 2242 curn
1359 2185 1387 2242 ir

343 2281 499 2360 Dionysio
520 2283 591 2341 libri
615 2285 742 2363 qnidam
760 2277 975 2368 Favlanilan.
1001 2284 1088 2363 qood
1107 2296 1139 2346 et
1160 2281 1300 2366 probant
1326 2285 1385 2345 vir

345 2381 451 2450 docti,
483 2397 515 2443 et
537 2384 570 2442 in
597 2382 752 2444 l'risciauo
778 2383 998 2463 Gangaridae,
1033 2403 1092 2464 qua
1119 2381 1219 2446 forma
1246 2397 1387 2444 utuntur

346 2481 473 2554 Larini,
506 2497 541 2546 ut
560 2486 669 2568 virgil.
687 2485 803 2568 Georg.
821 2498 853 2560 3.
878 2485 935 2547 26.
969 2483 1060 2548 cun.
1076 2505 1109 2563 9.
1129 2501 1160 2555 a,
1179 2501 1212 2550 a.
1244 2485 1337 2546 Ptin.
1359 2487 1388 2558 6.

347 2596 408 2647 22.
425 2579 444 2644 s.
468 2601 521 2661 19.
554 2586 654 2646 Solin.
672 2605 699 2648 c.
717 2585 809 2662 55.l.
830 2597 887 2662 52.
915 2583 990 2668 (etsi
1005 2585 1057 2648 hic
1073 2588 1179 2648 minus
1193 2599 1277 2647 recte
1299 2587 1388 2648 Gara

345 2682 475 2764 garides
495 2684 608 2767 habet)
644 2688 743 2748 Valer.
770 2687 868 2750 Flacc.
893 2688 926 2756 6,
950 2689 1008 2760 67.
1039 2699 1072 2746 et
1094 2686 1159 2768 ipse
1179 2687 1388 2752 Ptolemaeus

350 2803 385 2862 7.
410 2806 438 2846 r.
471 2787 527 2866 qui
552 2800 658 2850 tamen
684 2790 742 2852 srtu
767 2787 931 2870 distinguit
952 2809 969 2848 a
992 2787 1154 2850 Gandaris.
1215 2790 1261 2850 lta
1294 2811 1388 2862 vero1

347 2885 432 2968 quali
451 2905 468 2946 a
486 2887 595 2970 Gange
617 2890 780 2970 adpellari.
804 2892 939 2950 undeet
958 2889 1163 2968 Gangaridae
1182 2889 1297 2970 probat
1318 2893 1388 2954 Cel·

348 2986 446 3048 larino
467 2988 500 3048 in
519 2989 635 3072 Geogr.
653 3005 716 3053 ant.
734 3003 765 3068 3,
783 3004 840 3068 23,
858 3001 915 3068 34.
943 3003 976 3049 et
995 2992 1029 3050 in
1056 2992 1198 3052 Diodoro
1223 2995 1388 3062 emendat.

348 3086 616 3152 ottobonum
640 3091 767 3152 Vibium
790 3111 820 3171 p.
842 3092 912 3169 396
929 3087 970 3170 lq.
1004 3089 1055 3153 cf.
1072 3093 1109 3150 ad
1128 3105 1164 3171 5,
1188 3107 1220 3162 7,
1244 3092 1275 3154 6.
1338 3097 1388 3158 Sit

348 3201 480 3270 utruque
498 3188 597 3252 forma
614 3194 750 3254 variatur
765 3192 797 3252 in
812 3191 1010 3253 librieOrnfii
1032 3211 1058 3260 ι,
1081 3210 1110 3254 a.
1127 3213 1158 3276 p.
1170 3207 1229 3255 αι.
1246 3193 1388 3260 Haverc.

348 3288 494 3374 Ipsorum
518 3296 606 3374 regio
622 3293 769 3356 Straboni
793 3303 845 3369 ¹5·
868 3313 898 3374 p.
916 3301 1001 3370 481.
1021 3291 1043 3356 l.
1061 3295 1146 3374 699.
1170 3295 1286 3354 dicitur
1306 3297 1388 3362 rav·

351 3385 455 3478 leole,
478 3407 510 3455 et
526 3393 569 3458 ib.
591 3414 622 3474 p.
640 3405 723 3472 479.
740 3391 761 3452 l.
780 3395 864 3472 697.
887 3389 1089 3480 Γανδαρῖτις.
1128 3393 1180 3458 cf.
1197 3395 1332 3459 Salmas.
1351 3401 1388 3462 ad

350 3493 451 3556 Solin.
468 3515 494 3556 c.
511 3496 533 3557 l.
559 3495 614 3557 etsi
636 3495 686 3556 hic
706 3493 775 3557 falla
797 3515 834 3556 ex
856 3495 1036 3557 auctoribus
1057 3495 1216 3558 admiscet.
1257 3497 1388 3564 Γανδα-

353 3589 425 3680 prul
446 3595 490 3656 est
505 3597 587 3676 apud
602 3596 798 3677 Stephanum
816 3593 836 3658 l.
855 3617 887 3658 v.
908 3589 1000 3658 ‘l’riru
1042 3597 1177 3658 Gravior
1191 3598 1230 3658 de
1246 3597 1308 3658 suu
1327 3604 1388 3664 die·

348 3697 483 3777 putatio.
529 3697 735 3758 Gandaridai
757 3695 827 3758 suos
844 3697 1004 3758 Diodorus
1025 3699 1102 3759 circa
1120 3698 1239 3783 Gangie
1254 3701 1334 3764 ostia
1357 3719 1388 3765 et

349 3795 457 3858 verius
473 3797 636 3860 Oceanum
659 3798 881 3864 adorientem
902 3798 1001 3868 locat,
1028 3799 1060 3859 in
1084 3819 1148 3880 quo
1171 3821 1246 3864 cum
1268 3801 1388 3866 Curtio

349 3909 383 3958 et
403 3897 605 3968 Ptolemaeo,
636 3900 670 3958 in
693 3897 807 3978 quibus
830 3911 936 3961 tamen
961 3897 1032 3959 lunt
1055 3900 1275 3980 Gangaridae,
1311 3925 1388 3967 con.

350 3995 455 4061 sentit.
506 3999 632 4061 Plinius
650 4001 747 4060 etiam
771 4001 804 4068 6,
829 4013 883 4062 aa.
906 3999 926 4061 s.
949 4019 1003 4079 ¹9·
1027 3997 1230 4064 novissimam
1253 4021 1388 4088 gentem

351 4099 391 4164 ad
409 4099 555 4188 Gangem
569 4099 630 4166 ello
643 4098 768 4176 scribit3
792 4111 826 4162 et
846 4121 958 4186 parum
972 4105 1152 4188 discrepant
1168 4105 1223 4167 alii
1243 4110 1387 4192 quidam.
