2764 4954
168 441 218 500 trt
242 439 377 500 torte.
407 445 514 504 Mitt.
557 449 638 507 Lt.
679 455 785 518 c.x1.
828 463 907 534 §.m
991 491 1055 558 539

49 603 208 702 Gmdssam'
226 611 247 676 s.
264 615 481 708 Kirrerdssanr'
494 639 575 703 pare.
611 623 705 692 Plura
720 631 808 698 debit
826 638 931 706 Maiue
946 645 979 708 in
994 671 1052 715 no·

47 706 99 768 titir
114 713 232 794 imperii
245 716 400 779 Adiabeni
415 739 454 781 ex
469 725 608 806 antiquie
630 727 755 796 idoneie
775 752 995 814 monumentie
1014 755 1050 818 in

46 805 154 874 Martini
173 813 249 882 thes.
271 817 387 882 dissert.
411 821 451 885 Τ.
468 835 502 902 3.
521 823 559 888 P.
580 843 611 892 t.
634 849 667 892 n.
686 843 719 911 8.

98 1013 350 1102 Badylottt'a)
398 1022 451 1086 sir
467 1037 501 1086 et
521 1025 657 1104 Graece.
680 1033 890 1116 Βαβυλωνία.
922 1053 972 1117 De
989 1077 1046 1121 tto·

43 1110 116 1176 ninia
130 1117 213 1180 causa
228 1119 406 1202 dieqnisrvit
421 1124 460 1187 de
474 1125 594 1192 Brolsee
609 1133 643 1195 in
654 1135 885 1208 Memoiret—
901 1151 941 1216 de
957 1157 1046 1226 Parin

43 1209 115 1276 Tom.
131 1232 185 1300 27.
200 1241 234 1304 p.
252 1237 312 1301 29.
343 1223 434 1288 Hane
447 1228 612 1311 regionem
627 1237 722 1300 multi
737 1261 927 1325 memorant,
944 1263 1045 1346 magio

41 1315 217 1382 meridianam
234 1322 314 1384 dicit
333 1325 440 1406 Syriae
459 1343 582 1409 partem
595 1333 720 1402 Plinius
736 1353 769 1418 5.
792 1361 846 1426 13.
862 1349 883 1415 s.
903 1371 958 1422 t2.
983 1376 1043 1425 ter·

4 1475 5 1478 ,
40 1413 245 1484 minorantem
267 1442 335 1486 non
351 1445 418 1489 uno
433 1425 532 1510 sperio
554 1437 749 1504 concludunt
763 1462 924 1530 ructoree3
949 1467 1043 1529 ertio·

4 1509 5 1514 ’
39 1529 73 1573 ree
86 1519 162 1580 enim
178 1523 252 1596 alii,
278 1525 330 1585 alii
350 1526 474 1592 latiorea
494 1533 704 1611 constituunt.
736 1557 772 1605 nt
794 1549 881 1614 Meso

4 1673 5 1690 ἶ
39 1616 109 1676 etiam
122 1637 152 1681 et
165 1621 302 1702 Assyriae
316 1645 384 1709 pert
399 1627 533 1703 seratur.
561 1639 610 1697 uti
629 1641 803 1722 atlpellatur
819 1653 931 1720 diserte
945 1681 962 1723 a
979 1667 1041 1728 ΡΗ.

4 1749 5 1776 ;
38 1713 307 1800 ri06,3o.s.26.
335 1729 435 1792 modo
456 1751 473 1793 a
491 1732 647 1800 Chaldaea
670 1741 841 1826 separetur,
872 1765 971 1824 modo
992 1769 1039 1830 illi

4 1827 5 1830 ¹
37 1814 216 1897 attribuerem
242 1825 402 1910 (Ptolem.
421 1843 455 1908 5,
479 1837 558 1920 20.)
590 1841 638 1900 uti
667 1863 726 1906 nee
759 1849 844 1918 Mela
874 1853 1039 1939 seperatim

4 1931 5 2000 j
36 1911 194 1985 Chaldeeem
208 1925 363 2013 adtingit5
389 1951 507 2016 nempe
527 1935 722 2021 Babyloniae
741 1964 861 2031 partem
884 1957 1037 2032 Chaldaei

36 2013 233 2090 inhabitabant.
260 2025 396 2112 (Strabo
411 2033 467 2097 lib.
489 2037 543 2100 16.
567 2059 599 2122 p.
615 2055 700 2126 509.
721 2045 742 2108 s.
761 2052 866 2143 739.)
916 2063 1037 2134 Contra

4 2105 5 2172 t
35 2109 147 2196 Babylon
165 2126 242 2192 urbe
261 2129 296 2190 in
311 2130 541 2198 Chaldaeorum
559 2153 638 2206 tetra
658 2152 833 2232 antiquiror
848 2163 1042 2240 ponebatur.

4 2199 5 2208 ἵ
35 2215 138 2290 (Erech.
158 2242 211 2299 ra,
241 2229 319 2309 ig.)
370 2233 509 2300 Isidorus
529 2239 701 2310 Characen.
720 2269 790 2337 pag.
809 2273 830 2321 a
850 2258 911 2342 sqq.
934 2267 1033 2338 liudi.

34 2311 104 2381 lolam
116 2324 379 2413 Mesopotamiam
402 2335 557 2422 agnoscit,
592 2344 672 2408 dum
696 2351 764 2416 eiue
785 2371 817 2418 et
839 2359 1034 2444 Babyloniae

4 2407 5 2410 ¹
34 2413 88 2482 ine
111 2431 295 2494 extendite
326 2435 499 2520 Zevgmate
531 2441 571 2505 ad
596 2445 783 2519 Seleuciam.
842 2461 927 2527 Cum
954 2493 1031 2536 vero

33 2511 149 2590 Peritem
166 2530 283 2594 urbem
297 2534 477 2618 Stephanus
492 2541 688 2624 babylonem
703 2549 785 2627 serit.
805 2561 843 2620 ad
858 2565 1032 2649 imperinm

35 2611 158 2689 tetrum
176 2631 211 2691 id
237 2635 364 2707 retulit,
396 2640 444 2699 uti
463 2657 548 2705 recte
571 2664 681 2712 monet
702 2652 869 2725 Berkeliue
893 2689 924 2750 p.
944 2679 1028 2741 206.

34 2721 83 2792 qnia
98 2726 132 2788 ste
152 2729 309 2816 discrepat
334 2736 493 2826 Περσικός
513 2757 546 2806 et
567 2745 731 2835 Περσίδος.
783 2759 903 2844 Quaeri
921 2787 1030 2840 autem

34 2813 99 2884 debet
110 2829 144 2888 ad
158 2833 287 2918 Tigrim
307 2835 415 2904 versut
429 2840 588 2907 Persicum
607 2850 727 2926 sinum,
758 2857 813 2920 ubi
838 2863 933 2933 hodIe
952 2875 1030 2940 Itale

33 2919 104 2983 drobi
117 2927 136 2994 s
150 2931 276 2997 Bahali.
328 2937 422 3002 Plura
436 2941 475 3005 de
490 2949 625 3012 nomine
641 2964 673 3012 et
691 2953 748 3016 situ
767 2964 833 3040 peti
852 2966 970 3035 debent
988 2997 1030 3042 ex

34 3013 200 3110 Geographir.
255 3036 440 3120 Antiquitas
460 3045 543 3110 dicta
562 3045 625 3112 suit
646 3052 765 3120 Sinear.
783 3063 864 3127 Dan.
887 3087 916 3139 t.
937 3088 968 3135 o.
994 3093 1028 3140 et
1137 3125 1154 3144 ·,

32 3113 155 3202 inprimis
170 3133 286 3198 Genes.
304 3157 359 3210 to,
380 3159 434 3209 to.
463 3163 519 3216 tt.
536 3163 568 3210 Ω.
585 3169 621 3235 9.
648 3151 702 3215 ubi
717 3157 829 3224 diserte
844 3165 945 3233 Rabet
960 3175 982 3236 i.
997 3199 1027 3244 e.

32 3211 138 3301 Btbylon
159 3235 192 3296 in
217 3237 271 3298 illa
293 3247 536 3325 terraponitur.
586 3251 680 3317 Plura
702 3256 766 3342 legi
788 3265 917 3346 poliunt
940 3279 1026 3357 apud

32 3311 183 3395 Bocbartum
198 3339 235 3398 in
252 3337 373 3426 Phaleg
387 3343 420 3416 6,
437 3355 471 3424 5.
511 3349 640 3415 Postero
662 3368 822 3440 tempore,
848 3385 921 3431 oum
935 3389 1026 3442 antea

32 3411 116 3499 l'trlae,
134 3433 254 3509 Parthi,
273 3453 429 3517 tenerent,
452 3450 709 3530 cepit'sraianue‚
732 3457 819 3526 cellit
835 3467 1023 3552 Hadrianus,

31 3512 192 3682 ltilulorrnam
221 3543 410 3623 provinciae
439 3551 564 3636 redegit
595 3555 772 3640 Septimius
806 3565 943 3640 Sevetue
972 3598 1026 3646 an.

74 3645 174 3701 dot·

78 3829 280 3928 sadaca)
329 3847 382 3911 Sic
404 3861 437 3913 et
462 3849 517 3918 Gr.
540 3849 692 3923 Ἰουδαία.
744 3862 876 3934 Nomen
901 3874 1024 3945 derivat

31 3913 167 4005 Stephanus
187 3946 242 4006 vel
267 3965 285 4007 a
311 3949 389 4011 luda
414 3953 632 4021 Semiramidis
657 3961 734 4034 lilio,
770 3969 822 4028 vel
848 3989 865 4031 a
891 3975 1020 4055 Iudaeo,

31 4015 152 4099 statronis
167 4043 254 4118 filio,
281 4048 369 4111 unde
383 4065 416 4114 et
434 4050 661 4121 fraternitatem
676 4061 869 4132 ludaeorum
885 4089 917 4137 et
932 4081 1022 4160 Spar·

30 4125 136 4200 ltrorum
152 4145 282 4224 quidem
301 4151 478 4235 explicant,
508 4175 587 4242 quae
604 4178 877 4236 commemorator
898 4195 914 4238 t
937 4179 1022 4246 Meo·

612 4260 639 4322 t
664 4276 687 4328 Ω

884 1567 1043 1636 potamiae
1172 1629 1174 1632 .
