2756 4964
167 467 220 524 rn
251 465 396 523 nour.
427 463 538 520 unt.
578 461 660 520 ιι.
703 459 826 524 ovo.
869 464 948 535 aa.
1022 463 1080 543 ιι.

53 637 99 700 Sed
116 638 207 698 cerlo
226 637 385 707 Graecos,
411 655 511 718 quum
527 635 687 698 Punicum
705 655 826 700 nomen
843 635 1010 702 difficulter
1024 661 1077 704 ex·

53 741 166 820 pimus
181 737 237 800 ina
256 739 369 824 lingua
386 737 520 820 pollent.
544 737 660 800 dediiie
680 738 719 800 iit
740 739 781 800 de
798 736 852 801 luo
869 739 930 802 ltoc
946 760 1077 814 nomen.

52 837 221 914 Φιλαίνους,
261 854 302 900 ut
337 840 546 923 significarent
576 839 682 900 laudis
694 830 873 932 studiosos.
929 843 963 904 ld
989 845 1077 924 quod

51 943 154 1004 abunde
175 941 300 1026 probat
321 943 454 1004 illorum
477 940 602 1003 hilioria
626 941 659 1000 in
684 955 827 1002 extremo
851 941 946 1006 huius
966 945 1077 1026 capitia

50 1058 222 1114 memorata,
257 1056 293 1106 et
315 1043 456 1104 maxime
480 1061 497 1104 a
519 1041 663 1104 Sallustio
688 1043 757 1125 lug.
781 1061 808 1104 c.
829 1057 889 1122 79.
919 1059 952 1126 et
974 1047 1075 1112 Valer.

49 1143 117 1206 liar.
135 1161 168 1223 5,
186 1144 224 1210 6.
257 1162 480 1207 rantzorttvs.
532 1143 587 1206 (ir.
605 1143 755 1203 dicontur
772 1143 825 1204 vel
840 1139 995 1210 Φιλαίειου
1008 1147 1077 1224 βω-

47 1239 103 1332 pai,
132 1261 164 1310 et
188 1247 233 1308 lic
251 1245 368 1324 Scylax
387 1267 421 1328 p.
444 1257 506 1325 47.
528 1241 628 1308 Hudl.
659 1243 777 1324 Polyb.
802 1258 835 1322 3,
863 1259 919 1326 39.
946 1263 978 1310 o.
1018 1269 1074 1322 to,

47 1357 91 1426 io,
107 1365 138 1422 7.
164 1347 384 1410 Ptolemaeus
400 1357 435 1426 4.
453 1361 485 1425 3.
501 1347 554 1407 vel
568 1341 730 1408 Φιλαινῶν
743 1339 870 1432 βωμοὶ.
896 1369 954 1428 qua
971 1347 1075 1414 forma

45 1447 154 1511 niuali
170 1447 295 1511 Strabo
314 1463 347 1526 3,
364 1469 396 1528 p.
421 1463 500 1526 rtss.
521 1445 542 1510 l.
564 1463 644 1523 ι7ι.
669 1459 776 1520 et17.
799 1447 1074 1531 p.575.l.856.

43 1565 67 1610 tt
84 1551 281 1612 oonstantiua
306 1551 427 1618 Latini,
459 1549 543 1630 quod
565 1563 598 1611 et
621 1549 748 1608 notavit
768 1547 932 1614 Drakeub.
952 1553 990 1614 ad
1014 1555 1074 1620 Sil.

43 1652 98 1715 iul.
112 1666 165 1731 15.
183 1661 278 1728 704.
315 1651 428 1712 ilarius
442 1651 632 1718 Philaenon.
655 1642 741 1731 qoorl
758 1649 852 1710 habet
866 1651 985 1716 Sallust.
1002 1657 1072 1741 lug.

45 1771 86 1832 ¹9·
105 1769 137 1832 5.
172 1752 351 1816 Strabonis
366 1765 476 1823 aetate,
504 1753 588 1834 quoti
605 1749 669 1834 iple
687 1751 805 1810 indicat
822 1753 855 1812 in
877 1757 973 1834 priori
991 1756 1073 1828 loco.

41 1855 72 1914 ita
85 1857 339 1922 interciderant,
365 1865 401 1912 ut
420 1855 524 1915 nullae
540 1853 678 1935 amplius
699 1852 901 1934 atlparerent.
934 1868 966 1916 et
984 1857 1074 1922 locos

42 1956 259 2019 mitorumodo
281 1974 391 2016 earum
408 1956 595 2017 memoriam
612 1953 763 2024 servaret,
790 1955 838 2015 uti
855 1957 950 2016 etiam
969 1957 1075 2020 Ptole·

40 2077 129 2121 naeus
143 2069 183 2138 4.
203 2071 243 2137 5.
261 2050 421 2118 Φιλαίνου
438 2049 548 2145 κώμην
563 2067 803 2123 commemorat.
818 2057 856 2114 ati
872 2077 965 2137 quam
980 2061 1074 2140 ponit

43 2156 247 2242 mgnominea
264 2177 342 2218 aras.
385 2159 615 2221 Terminorunt
631 2177 682 2218 aas
698 2171 730 2218 et
745 2158 858 2218 finium
876 2157 959 2242 ligna
973 2157 1073 2234 fuisse,

40 2259 141 2324 ibidem
156 2260 317 2324 adfirmat
330 2258 454 2330 Strabo,
479 2273 513 2322 et
530 2258 597 2320 aliia
611 2257 767 2340 exempfis
788 2257 942 2330 inlustrat.
971 2263 1074 2323 veluti

41 2360 168 2426 Herculis
197 2361 367 2424 columnia
400 2358 462 2444 (de
488 2361 603 2441 quibus
629 2361 726 2421 etiam
754 2357 842 2440 [upra
868 2379 933 2441 cap.
959 2359 1015 2443 5.)
1040 2377 1074 2426 et

40 2465 196 2527 lleaandri
221 2464 299 2523 aris.
353 2458 405 2523 Cl'.
427 2461 558 2524 Curtius
573 2477 606 2539 9,
629 2475 682 2540 13.
699 2477 734 2540 9.
768 2461 916 2523 Arrianus
937 2463 977 2525 tle
998 2483 1071 2548 exp.

41 2565 111 2627 ilex.
128 2579 162 2644 5.
183 2583 251 2643 29.
270 2565 317 2624 in.
346 2564 483 2626 Diodor.
503 2579 557 2636 17·
574 2573 634 2641 95·
672 2561 839 2623 Salmasius
854 2561 892 2622 ad
912 2563 1012 2627 Solin.
1036 2588 1070 2649 p.

40 2685 73 2727 u.
85 2671 168 2745 556.
199 2666 353 2728 Raderus
368 2677 400 2725 et
416 2664 652 2726 Freiutbemius
667 2663 706 2724 orl
720 2661 808 2725 Cttrt.
824 2681 849 2724 c.
867 2663 887 2724 l.
911 2679 953 2736 et,
973 2685 1072 2747 qoem

40 2783 182 2846 praetem
211 2778 310 2827 notat
336 2764 507 2850 Well'eling
530 2767 568 2827 ad
592 2765 725 2826 Diotlor.
752 2763 813 2825 sic.
838 2784 864 2826 c.
891 2765 911 2825 l.
948 2765 1071 2830 Cann'e·

40 2871 134 2950 peter.
151 2873 187 2932 in
205 2867 329 2929 differt.
346 2866 387 2926 de
401 2866 629 2949 Brittenburgo
645 2885 672 2927 c.
685 2883 719 2944 9.
737 2885 769 2946 p.
784 2877 862 2942 ¹⁰5·
890 2866 942 2927 Sic
957 2866 1072 2962 sestia-

41 2987 181 3033 aaenrne
204 2967 344 3047 infrag,
366 2985 445 3047 r.9.
484 2968 594 3028 Minus
614 2967 820 3049 probabiliter
836 2966 933 3029 Cone
950 2971 987 3029 ad
1007 2969 1071 3030 Sal·
1132 3030 1135 3038 ,

41 3069 95 3134 lull.
112 3076 183 3157 lug.
209 3091 240 3132 c.
258 3085 320 3148 79.
337 3067 360 3129 f.
391 3067 471 3130 duos
492 3069 712 3150 prominentes
735 3069 767 3128 in
792 3066 870 3128 locis
890 3071 1070 3150 aequalibus

41 3189 157 3236 montes
171 3171 269 3234 fitilla
290 3181 390 3251 putat.
433 3171 573 3254 Quidam
590 3171 629 3230 tle
645 3169 706 3230 aris'
720 3166 938 3249 sepulcralibus
955 3173 1071 3232 intelli·

41 3289 117 3352 gont,
133 3276 245 3358 quales
263 3287 386 3333 erectae
403 3284 486 3350 3⁰⁰·
499 3273 560 3332 illia
571 3271 738 3350 Spartanis.
767 3272 914 3348 (Diodor.
931 3293 942 3331 1
957 3292 983 3340 r,
1001 3275 1070 3350 tr.)

40 3373 75 3434 Et
91 3377 129 3438 lic
146 3399 208 3438 nro
229 3369 331 3434 Decii
354 3373 435 3454 apud
460 3375 650 3435 lornantiem
673 3373 713 3432 de
736 3371 802 3433 reb.
827 3371 898 3432 Get.
923 3393 990 3454 cap.
1012 3383 1068 3450 13.

43 3473 162 3538 &olam
183 3493 298 3540 earum
322 3472 402 3533 inira
424 3473 624 3555 Pomponius
647 3473 789 3553 exponit.
843 3472 988 3542 Nomen.
1013 3475 1069 3536 etii

42 3577 187 3640 tlhsnon
209 3577 367 3644 obvium,
399 3575 560 3636 aGraeois
580 3572 720 3636 effictum
741 3574 799 3645 eil,
831 3575 917 3634 uncle
942 3576 1070 3638 Solinus

44 3696 65 3738 t.
78 3693 135 3757 3ο.
149 3679 170 3742 l.
183 3694 244 3752 27.
269 3677 430 3736 Philaenis
440 3667 608 3763 fratribus
623 3695 645 3734 a
659 3673 763 3736 laudis
777 3675 924 3754 cupidine
936 3674 1068 3737 Groirtm
1179 3765 1181 3768 Ι

41 3799 178 3841 vocamen
194 3779 324 3840 alatrini.
360 3777 519 3838 Punicum
537 3791 642 3838 tamen
659 3773 746 3836 iuiffe
761 3789 845 3838 recte
859 3789 970 3836 monet
984 3777 1068 3838 Peri·

45 3885 155 3952 tonina,
178 3883 220 3941 de
242 3899 309 3960 quo
329 3891 360 3940 et
380 3875 472 3940 infra.
526 3881 573 3938 De
592 3878 649 3937 litu
667 3876 759 3937 haec:
788 3877 988 3938 Nostercotn
1007 3877 1069 3942 Pli-

45 3988 88 4042 nio
107 3997 139 4058 5.
154 3997 189 4062 4.
215 3981 275 4041 ubi
295 3999 332 4040 ex
352 3999 444 4039 arena
464 3976 552 4040 inille
571 3977 682 4048 scribit,
708 3977 902 4046 Ptolemaeo.
926 3978 1069 4042 Sallustio

46 4098 72 4140 at
84 4087 152 4149 aliis
164 4084 282 4148 maiori
299 4079 384 4161 Syrti
405 4081 537 4164 propius
556 4081 743 4144 admovent.
795 4081 885 4140 luxu
901 4081 1068 4143 Automala

657 4180 684 4240 L
711 4195 734 4244 a
