2790 4956
336 427 400 492 ιω
607 414 767 473 Norsu
809 415 1108 474 EXEGETICAE

338 591 493 653 sennaar.
532 585 672 648 Browne
696 588 730 647 in
751 585 855 648 tabula
879 585 924 648 ibi
949 587 1095 670 producit
1115 581 1308 650 Emdurrrrdrr
1326 585 1357 650 ab

336 712 416 760 una,
450 689 489 750 ab
520 689 614 748 altera
641 701 727 769 parte
751 679 907 778 Holfeia‚
942 689 1046 770 quod.
1083 689 1359 750 srintervalluma

337 795 444 871 Syene
463 791 497 852 h.
513 779 633 878 Affnrm
653 787 790 872 spectes,
816 809 834 851 s
856 808 934 852 vero
953 810 1081 894 parurn,
1108 803 1161 853 aut
1176 789 1259 851 nihil
1274 788 1358 852 abele

337 893 480 956 videtur.

412 1089 658 1188 Astabores)
709 1091 760 1153 lle
783 1093 1008 1154 terminatione
1030 1093 1062 1152 in
1087 1107 1230 1154 arctes
1254 1092 1360 1153 dictum

338 1198 374 1258 in
392 1197 479 1258 notis
494 1194 618 1254 criticis.
652 1195 835 1254 Secundum
846 1194 1034 1272 Strabonem
1052 1209 1104 1267 ι7.
1121 1215 1153 1276 p.
1166 1205 1249 1275 541.
1260 1192 1279 1256 s.
1290 1193 1360 1270 736.

338 1297 392 1359 hic
409 1297 448 1358 ad
471 1295 624 1358 orientale
644 1293 770 1356 Meroes
791 1296 871 1357 latus
895 1295 984 1365 fluit,
1011 1296 1086 1357 alter
1110 1295 1255 1376 Astapus,
1280 1311 1362 1374 quem

338 1398 377 1460 ab
393 1398 462 1459 aliis
478 1393 641 1458 Allolaban
659 1396 766 1456 vocari
782 1397 874 1467 dicit,
901 1415 918 1457 a
939 1397 1070 1457 meridie
1090 1397 1122 1457 in
1146 1396 1259 1457 Nilum
1275 1395 1363 1456 effun-

339 1500 437 1562 ditur.
479 1494 614 1558 Diverso
637 1495 778 1576 respectu
801 1497 884 1578 apud
906 1495 1047 1558 Plinium
1067 1509 1099 1574 5.
1123 1517 1176 1558 ιο.
1202 1495 1223 1558 [.
1240 1513 1272 1575 9.
1297 1495 1365 1556 Alla-

329 1599 434 1661 liores
450 1618 466 1659 a
482 1597 589 1667 laeva,
616 1617 632 1657 a
649 1598 755 1658 dextra
771 1596 930 1679 Astosapes
946 1599 1095 1660 decurrit.
1146 1601 1198 1659 De
1216 1601 1364 1676 utriusque

340 1699 566 1762 terminatione
582 1699 696 1758 variata
712 1699 835 1759 dictum
852 1699 895 1760 eli
911 1697 967 1760 suo
985 1700 1068 1762 loco.
1104 1699 1199 1760 Prior
1214 1681 1375 1788 Astabores

340 1815 376 1864 et
394 1797 566 1893 Astaboras
583 1811 730 1868 vocatur,
757 1786 907 1882 polleri‘or
922 1797 1094 1893 Astapusa
1117 1797 1272 1881 losepho,
1297 1799 1366 1859 Stu-

334 1901 438 1972 Ιῐιοιιο,
461 1897 635 1970 Euilathio‚
656 1901 796 1982 aliisque,
819 1921 899 1983 quos
912 1903 975 1962 iam
989 1901 1110 1964 notari.
1144 1900 1261 1982 Neque
1274 1913 1367 1960 tamen

341 2003 400 2066 fibi
416 2003 449 2064 in
464 2020 503 2064 eo
523 2015 667 2063 auctores
685 2001 838 2066 constant.
889 2002 989 2088 Quod
1009 2003 1097 2064 enim
1112 2001 1229 2066 Strabo
1248 2021 1274 2063 c.
1290 2003 1310 2063 l.
1330 2019 1367 2061 re

341 2101 419 2174 lert,
445 2103 483 2164 ab
500 2102 568 2164 aliis
586 2115 717 2164 vocatur
732 2094 915 2195 Astofabos.
959 2105 1107 2166 Attamen
1124 2101 1265 2166 occurrit
1284 2103 1366 2162 etiam

341 2196 523 2298 Astosapes.
575 2204 627 2266 Sic
651 2203 733 2265 Plin.
758 2217 791 2266 et
814 2203 960 2276 Solinus.
991 2205 1045 2268 etii
1072 2206 1105 2264 in
1129 2205 1187 2264 illo
1211 2201 1367 2296 Astaspes

342 2307 414 2366 vult
431 2305 631 2374 Harduinus,
658 2305 690 2365 in
715 2305 777 2366 hoc
801 2305 873 2368 cod.
895 2306 1000 2390 regius
1022 2303 1119 2367 habet
1133 2301 1319 2398 Astosapes,
1342 2313 1367 2364 et

340 2405 507 2469 Salmasius
531 2403 666 2485 praefert
688 2396 877 2498 Astasobns‚
913 2407 963 2468 uti
984 2407 1109 2468 Vitruv.
1135 2417 1167 2483 8.
1199 2425 1231 2469 o.
1265 2405 1315 2464 ubi
1334 2401 1365 2464 cl.

343 2505 545 2569 castilionius
569 2519 602 2566 et
628 2507 771 2575 Rodios,
812 2525 952 2588 quorum
985 2507 1038 2569 hic
1069 2507 1160 2569 dedit
1195 2497 1364 2600 Astabosas.

341 2605 455 2688 Neque
470 2605 570 2666 solum
588 2607 621 2666 in
644 2608 786 2668 nominis
804 2606 949 2689 scriptura
964 2609 1120 2680 variatur,
1147 2605 1201 2669 led
1217 2622 1249 2670 et
1266 2611 1298 2667 in
1312 2607 1367 2667 eius

341 2709 518 2769 notatione.
575 2707 687 2769 Noller
707 2722 880 2790 utrumque
903 2711 1012 2771 alveos
1034 2709 1101 2770 Nili
1122 2707 1217 2783 iacit;
1250 2710 1302 2770 alii
1321 2708 1365 2768 du·

342 2811 430 2870 ruina
446 2827 462 2870 a
480 2807 557 2869 Nilo
574 2807 704 2878 diversa,
730 2829 811 2891 quae
828 2811 957 2890 quidem
974 2813 1007 2872 in
1024 2811 1136 2871 Nilum
1153 2823 1365 2873 exonerentur.

343 2908 396 2974 cf.
417 2909 548 2979 Strabo,
581 2908 749 2992 Iosephus.
784 2912 964 2982 Vitruvius,
995 2911 1176 2974 Eustathius
1200 2947 1251 2986 ‚-
1276 2931 1317 2972 cc.
1339 2909 1364 2972 ll.

295 3019 300 3032 '
342 3009 496 3094 Iosephus
511 3029 538 3073 c.
561 3009 582 3071 l.
612 3011 745 3072 Meroen
768 3013 868 3094 cingit
885 3013 961 3075 Nilo
983 3027 1014 3074 et
1036 3013 1086 3074 his
1109 3011 1241 3075 duobus
1262 3013 1365 3078 fluviis,

341 3113 544 3175 Ptolemaeus
559 3121 594 3189 4,
614 3122 647 3187 8.
671 3111 709 3171 ab
733 3111 840 3173 occasu
863 3127 1021 3174 memorat
1042 3113 1172 3183 Nilum,
1201 3113 1241 3175 ab
1260 3113 1366 3174 oriente

342 3211 542 3282 Astaboram‚
569 3231 664 3292 quem
682 3233 758 3272 cum
775 3213 927 3296 dslapode
946 3211 967 3276 s.
983 3215 1091 3296 Astape
1107 3229 1289 3296 utrumque,
1301 3211 1366 3294 ,poli

342 3333 418 3375 cum
435 3313 511 3374 Nilo
527 3313 680 3396 coniungi
701 3314 805 3376 tradit.
858 3315 943 3376 Com
965 3315 1070 3377 nostro
1090 3314 1295 3378 consentiunt
1316 3313 1365 3374 Pli-

342 3415 416 3475 nius
439 3427 474 3476 et
498 3413 642 3483 Solinus,
677 3415 719 3475 ita
746 3428 783 3475 ut
808 3415 968 3478 Astabores
993 3417 1099 3488 laevo,
1130 3417 1243 3498 Astape
1268 3417 1363 3477 dextro

341 3515 433 3576 alveo
459 3525 573 3576 currat.
624 3513 680 3574 lile
700 3515 797 3576 etiam
814 3521 955 3587 nomina,
984 3517 1047 3578 line
1064 3518 1163 3580 dubio
1180 3517 1364 3598 Aethiopica,

342 3616 493 3696 explicat.
518 3629 555 3674 ut
577 3617 668 3696 prius
688 3617 807 3679 indicet
828 3638 951 3678 ramum
971 3638 1069 3698 aquae
1084 3620 1246 3680 venientis
1262 3640 1277 3678 a
1293 3633 1364 3678 tene·

341 3714 423 3786 bris,
448 3715 600 3796 pollerius
622 3717 792 3792 latentem
825 3719 910 3800 quod
931 3720 1046 3801 repetit
1062 3719 1139 3780 inde
1155 3715 1364 3780 Boccatiusde

342 3815 531 3878 fluminibus
549 3815 568 3878 l.
590 3836 622 3878 v.
644 3817 747 3881 Nilus.
799 3819 863 3882 Pro
884 3819 1014 3881 latentis
1034 3833 1140 3881 tamen
1163 3823 1287 3882 codices
1308 3817 1365 3898 qui·

343 3917 416 3978 dam
434 3931 467 3978 et
480 3917 643 3980 Salmasius
656 3921 693 3979 ad
709 3921 810 3982 Solin.
828 3941 854 3981 c.
868 3935 924 3999 52.
939 3919 959 3984 s.
971 3933 1029 4000 35.
1045 3942 1077 4004 p.
1092 3943 1137 3983 ιιι.
1158 3938 1240 4002 297.
1261 3921 1365 3981 volunt

342 4017 463 4080 lateris.
502 4014 553 4080 ef.
571 4017 610 4079 de
632 4020 680 4080 his
696 4022 791 4082 etiam
808 4022 969 4084 d’Anville
991 4025 1046 4084 des
1067 4021 1190 4086 sources
1207 4023 1251 4082 du
1268 4019 1318 4081 Nil
1336 4021 1365 4076 in

341 4117 516 4183 Memoires
538 4150 587 4172 -ι
612 4119 651 4183 de
674 4121 760 4186 Paris
782 4123 850 4187 Vol.
872 4124 930 4188 26.
955 4143 986 4207 p.
1005 4131 1065 4204 47.
1104 4123 1308 4190 decentiores
1328 4132 1364 4180 ta·
