2756 4964
135 389 187 446 nr
215 385 363 443 rotor.
396 379 507 438 mar.
550 379 630 438 cr.
673 379 767 440 cn.
809 381 889 452 to
998 398 1040 466 ar

42 559 251 626 aliblseuetia.
279 553 500 622 considerent.
522 554 571 614 uti
585 567 706 636 praeter
722 554 927 618 Herodotum
945 567 978 634 5.
999 580 1034 642 9.

40 663 142 743 usupra
172 669 379 723 memorator
411 667 556 718 anctorea
587 657 713 716 tradunt
743 656 901 736 Scymuua
934 660 1038 728 chio.

39 785 57 824 r.
68 775 126 842 583.
157 763 292 824 Solinue
317 777 345 819 o.
362 757 426 834 46.
443 753 463 817 s.
481 765 543 834 44.
559 755 668 818 etalii.
720 753 772 820 Cf.
793 758 889 820 etiam
908 760 1038 827 Curtiue

38 879 56 939 5.
70 887 89 934 t.
105 882 151 926 aa.
176 876 212 926 et
231 879 321 944 quae
341 858 390 918 ibi
406 857 614 942 conlegerunt
631 857 835 940 interpretem
860 861 938 924 item
959 863 1041 928 insra

37 967 57 1024 ad
69 965 161 1028 iselam
180 981 214 1034 o.
244 982 278 1033 t,
308 977 342 1021 a.
399 957 532 1042 Vestigia
552 975 662 1020 eornm
678 959 711 1018 in
726 959 858 1024 Thracia
875 966 1039 1044 reperiun-

35 1067 302 1148 trinexpeditiono
311 1059 443 1123 Sullana
457 1073 565 1120 contra
575 1057 794 1122 Mithridatem
809 1063 891 1144 apud
902 1065 1035 1147 Appiam

34 1167 190 1230 irMithrid,
206 1185 236 1228 c.
255 1175 324 1242 55.
360 1157 419 1220 ubi
446 1172 551 1220 tuetur
573 1158 861 1244 Schweighaeuser.
884 1178 916 1224 et
940 1169 1037 1232 Aure·

33 1266 83 1329 lum
100 1271 133 1330 dg
152 1269 191 1330 v,
210 1268 239 1328 1,
257 1279 279 1338 7
287 1275 325 1340 5,
346 1276 384 1334 7.
435 1261 520 1321 Hinc
542 1279 618 1322 vero
638 1260 711 1332 libri
731 1257 841 1343 paffim
862 1264 1037 1353 Paphlago·

32 1373 89 1430 cota
107 1370 249 1432 Henetoa
272 1361 570 1430 vocantVenetoa.
604 1363 652 1422 uti
669 1363 704 1423 fit
721 1363 755 1424 io
770 1363 901 1436 Curtio,
928 1353 1040 1436 contra'

31 1472 50 1527 'u
65 1471 171 1532 Graecia
184 1460 326 1530 ‘Evaroi
344 1465 389 1525 de
406 1463 534 1525 Venetia
551 1462 676 1546 legitur.
702 1465 749 1524 uti
766 1469 847 1546 apud
861 1467 1038 1546 Scymnum
1130 1463 1134 1470 ’

31 1573 71 1632 el
100 1573 143 1632 lta
164 1588 249 1632 vero
276 1567 479 1628 Graecorum
502 1561 667 1644 adspiratio
691 1565 775 1645 apud
799 1566 926 1630 Latinos
953 1573 987 1634 in
1012 1573 1039 1636 V

32 1673 116 1742 amit.
138 1673 188 1732 uti
207 1667 333 1730 diserte
349 1665 392 1726 tle
407 1663 466 1724 bac
480 1683 559 1726 voce
577 1657 690 1727 mone't
705 1666 842 1730 luliannr
858 1671 892 1730 in
908 1685 985 1734 orat.
1006 1692 1038 1738 o.

31 1791 49 1850 p.
61 1789 105 1844 71.
119 1773 169 1834 ed.
189 1768 382 1853 Spanhem.
433 1763 553 1848 Quodsi
570 1765 668 1848 igitur
682 1765 795 1847 priscae
810 1767 895 1830 sedes
913 1770 1040 1852 spectet,

31 1889 87 1936 recte
104 1872 292 1936 conlocavit
318 1865 422 1936 Mela,
448 1865 519 1935 etsi.
549 1865 714 1946 quomodo
741 1869 968 1935 intermortuos
993 1875 1041 1936 ibi

31 1981 132 2036 excitare
145 1987 177 2034 et
193 1967 419 2053 superstitibus
439 1967 641 2050 interponere
663 1970 820 2048 potuerit.
846 1973 965 2031 mirum
980 1977 1042 2034 nti·

31 2095 70 2151 pte
94 2089 122 2136 et
145 2071 268 2156 priscae
298 2067 520 2151 Geographiae
551 2066 662 2127 datum
696 2071 833 2132 videtur.
897 2073 1044 2155 Denique

31 2175 116 2236 i'e‘eti
134 2174 261 2236 misceri
287 2187 359 2232 non
383 2169 501 2230 debent
522 2187 595 2228 cnm
617 2167 754 2232 Venedia
776 2171 812 2230 ad
838 2171 986 2236 villulam
1009 2178 1045 2240 in

33 2276 170 2344 Srmatia.
187 2271 249 2334 'de
272 2269 394 2354 quibua
414 2266 454 2330 cs.
477 2267 559 2330 Plio.
581 2277 616 2345 4,
639 2267 808 2350 27.s.13.
843 2272 1044 2341 Ptolemaeus

35 2388 56 2450 3,
72 2390 100 2452 5.
116 2392 147 2438 et
160 2393 246 2458 qnae
261 2365 421 2454 congessit
434 2369 616 2430 Praetoriue
629 2369 663 2430 in
679 2371 756 2433 orbe
770 2373 908 2436 Gothico
928 2397 954 2445 t.
965 2395 998 2457 9.
1009 2389 1043 2456 5.

34 2495 119 2558 pop.
157 2477 258 2539 Forte
277 2472 419 2534 narratio
443 2469 483 2530 de
505 2470 643 2531 Eridano
664 2485 697 2532 et
717 2472 831 2534 electro
855 2473 942 2548 lecit.
971 2493 1043 2542 uta

35 2577 139 2640 irretio
154 2577 265 2638 ltaliae
281 2575 323 2634 ad
338 2573 493 2634 Sarmatae
509 2589 629 2634 nomen
645 2571 857 2638 tranrserreut.
890 2577 940 2640 Da
960 2577 1045 2662 Gap·

34 2676 178 2746 rodomas
194 2677 237 2740 ad
256 2689 291 2755 5,
311 2684 345 2752 8,
363 2683 398 2751 5.

91 2873 393 2959 Gallograeci)
451 2873 576 2938 Graecia
608 2871 674 2937 sere
708 2877 859 2939 dicuntur
882 2873 1048 2966 Palleat,

37 2983 102 3061 regio
118 2975 301 3048 Γαλατία,
327 2977 426 3038 rariue
444 2970 706 3061 Γαλλογραικοὶ.
733 2994 767 3040 ut
790 2981 823 3040 itt
843 2979 997 3046 Strabone
1016 3001 1048 3048 a.

39 3097 58 3156 p.
73 3093 122 3159 39.
140 3079 163 3143 L
182 3094 269 3160 ¹5⁰·
300 3091 334 3139 et
355 3071 602 3162 Γαλλογραικία
621 3077 675 3138 lib.
699 3093 754 3144 to.
776 3100 807 3160 p.
828 3095 910 3161 590.
927 3081 948 3144 s.
963 3085 1047 3160 566.

40 3176 107 3244 Prior
135 3202 262 3256 nomen
297 3169 455 3244 Γαλάται
489 3179 645 3238 recentius
678 3177 737 3240 else
768 3195 808 3242 ex
840 3183 984 3264 Appiano
1015 3185 1052 3248 in
1137 3255 1141 3262 ,

41 3277 164 3346 llithrid,
191 3303 222 3346 c,
249 3291 334 3360 ¹¹4·
360 3276 497 3340 discitur.
551 3279 661 3338 Liviua
693 3277 758 3340 sere
792 3278 913 3364 semper
941 3284 1052 3347 Gallos

42 3399 120 3456 rorat,
145 3387 193 3444 nti
208 3382 370 3461 exemptis
385 3375 495 3441 docuit
511 3377 661 3442 cellarius
677 3392 708 3460 3,
722 3391 756 3460 4.
778 3401 857 3446 tot.
883 3397 915 3446 et
934 3385 973 3446 stc
991 3386 1051 3450 lul.

42 3478 108 3546 Cael,
123 3485 165 3546 da
181 3485 223 3546 Β,
247 3483 288 3546 C.
314 3495 346 3560 3,
367 3490 402 3558 4.
431 3480 489 3540 ubi
509 3479 548 3544 cs.
574 3481 727 3544 Davisius.
779 3483 864 3544 Hinc
887 3485 1055 3549 Galaticus

41 3599 146 3656 atate,
181 3583 236 3647 sed
259 3598 296 3644 et
318 3575 513 3668 Polnrtcaiy
536 3573 653 3654 κόκκος
674 3583 757 3663 aputl
779 3582 921 3646 Dioscor.
938 3597 971 3665 4,
994 3597 1055 3667 47.

44 3680 175 3748 tantiae
195 3705 327 3746 coccum
344 3682 449 3744 Plinio
467 3699 499 3760 9.
515 3685 573 3760 65.
587 3679 607 3742 s.
619 3693 678 3760 4¹·
706 3684 823 3764 dequo
839 3687 939 3748 multa
955 3687 1057 3750 beck·

42 3800 130 3850 carm.
146 3786 264 3848 Gesch.
282 3786 340 3846 der
357 3785 476 3844 Erfiud.
492 3785 531 3846 T.
547 3797 579 3857 3.
603 3783 640 3843 Ρ.
662 3800 692 3847 t.
742 3783 842 3878 Porro
862 3781 1059 3874 'Ellpoopoo

45 3898 123 3948 ‘aeut
142 3902 304 3949 rocanmr
325 3885 492 3945 aDiodor.
513 3895 544 3960 5.
568 3897 625 3962 52.
651 3897 687 3944 ut
709 3882 772 3966 ipsa
795 3885 882 3969 regio
903 3885 1059 3954 Γαλατία

46 3980 216 4072 didimia
236 4009 252 4050 tt
268 3985 448 4048 Themistio
466 3983 552 4046 Orat.
566 3999 621 4063 23.
635 4005 666 4066 p.
683 4000 765 4063 299.
791 3987 861 4046 Vid.
882 3989 1005 4054 Wett'et.
1021 3994 1062 4054 ad

49 4083 162 4156 [udor.
181 4103 218 4169 5,
237 4103 299 4167 32.
337 4085 430 4149 Olim
449 4085 526 4148 dicti
540 4083 747 4149 Gomarenseo
763 4105 780 4146 a
797 4085 947 4162 Gomaro,
972 4089 1062 4156 Noae

684 4185 710 4249 F
736 4201 759 4253 Ω
