2852 4946
275 383 327 442 m
354 381 492 440 POMP.
524 379 632 438 Mat.
673 380 752 438 LI.
794 377 827 438 t‘.
848 381 927 438 xm.
1063 392 1127 460 39]

456 553 484 618 C
511 553 538 616 Δ
564 553 603 617 P.
654 553 762 616 XIII.

380 701 841 790 errrore.

221 909 437 990 Cilicia)
487 908 616 972 Nomen
647 909 778 990 quidam
804 909 946 970 inditum
971 907 1131 976 volunta

92 1011 195 1075 Cilica
226 1013 381 1096 Agenoria
408 1011 490 1082 filio,
521 1026 559 1072 ut
583 1011 703 1095 Hygia.
733 1007 796 1074 sab.
823 1021 904 1088 178.
942 1010 1131 1073 Herodoto·

88 1117 191 1176 etiam
209 1127 243 1187 7,
258 1131 318 1192 91.
344 1113 529 1195 Apollodor.
543 1125 575 1190 3,
596 1130 625 1174 1.
643 1114 686 1175 in.
708 1113 833 1194 aliique,
857 1131 994 1194 quornm
1010 1112 1130 1194 aliquot

88 1215 135 1274 ibi
160 1213 310 1296 producit
333 1213 458 1292 Heyne.
517 1211 707 1275 Fabnlosom
735 1215 767 1274 id
795 1211 899 1274 censet
921 1213 1069 1278 Bochart.
1095 1215 1129 1276 in

90 1315 199 1380 Chen.
220 1335 248 1384 t,
266 1329 300 1390 5.
325 1329 357 1375 et
371 1315 487 1398 repetit
503 1335 541 1376 ex
562 1297 686 1412 U'p'isi
708 1315 729 1376 i.
747 1335 772 1375 e.
798 1315 926 1395 lapidea,
953 1317 1039 1394 quod
1055 1315 1129 1396 lapi·
1225 1337 1236 1362 ι
1304 1343 1308 1350 ·

90 1414 166 1478 dosa
192 1416 228 1476 sit
254 1429 351 1487 terra,
385 1417 470 1476 unde
493 1435 510 1476 a
532 1417 645 1480 Turcie
673 1416 770 1477 bodie
800 1417 895 1478 etiarn
920 1430 1053 1477 vocetur
1076 1429 1131 1478 tos

91 1515 268 1586 Wileietsr,
299 1517 321 1580 i.
347 1537 376 1578 e.
401 1514 501 1578 saxosa
522 1531 612 1581 terra.
665 1515 819 1598 Ioseplrna
851 1519 884 1576 in
909 1518 1030 1598 antiqu.
1056 1517 1128 1580 Iud.

97 1640 128 1690 a,
145 1620 181 1682 6.
197 1615 220 1679 s.
238 1633 270 1692 7,
293 1639 322 1680 ι.
351 1615 509 1678 Tharsum
530 1619 608 1680 olim
624 1617 810 1700 adpellatana
833 1617 893 1680 eise
913 1621 965 1688 ait,
995 1639 1128 1682 nomen·

91 1741 155 1802 que
177 1719 362 1802 impositum
379 1738 396 1779 a
412 1716 549 1790 Tharso,
575 1721 682 1781 Iarani
700 1719 781 1788 fitto.
808 1719 930 1800 Iapheti
948 1733 1065 1801 nepote
1082 1721 1129 1780 in·

92 1823 241 1901 ditiaque
265 1822 333 1882 eine
357 1819 416 1885 esse
445 1833 535 1902 pntat
565 1819 725 1891 Tarsum„
750 1819 878 1883 Ciliciae
905 1821 1129 1902 metropolirn;

93 1942 189 2005 qnam
201 1919 326 2004 Iosephi
340 1922 528 2002 opinionem
543 1922 657 2005 adtigit
671 1923 767 1984 etiarn
777 1923 955 2004 Stephanus
966 1919 986 1982 s.
998 1943 1029 1983 v.
1042 1921 1128 2008 Tap·

94 2018 161 2099 σός.
196 2023 329 2084 Cilicem
345 2023 422 2083 oiim
438 2023 482 2082 ibi
497 2021 645 2106 regnass'e,
668 2023 835 2084 tradiderat
850 2023 1019 2093 Diodorus,
1042 2037 1078 2082 ut
1093 2024 1128 2082 in

95 2123 281 2209 fragmentis
297 2120 528 2188 aciserturT.2.
544 2144 575 2204 p.
586 2127 670 2203 654.
698 2125 813 2186 Cilicea
824 2137 929 2184 tamen
944 2124 1006 2184 iam
1022 2143 1128 2186 oecur-

94 2239 170 2287 rnnt
188 2225 271 2305 apud
288 2225 465 2286 Homerum
483 2227 519 2288 11.
538 2227 767 2306 6,397.415.
791 2228 832 2286 ita
849 2239 965 2293 tamen,
991 2239 1027 2284 ut
1043 2222 1129 2286 sedes

95 2327 266 2410 habuerint
290 2323 345 2385 sub
367 2326 462 2388 l'laco
483 2339 593 2388 monte
617 2327 655 2387 ad
677 2326 829 2397 Theben,
862 2327 901 2386 de
923 2345 987 2407 quo
1009 2323 1130 2388 consuli

93 2427 197 2511 potest
223 2427 394 2508 disputatio
422 2425 586 2490 Strabonis
610 2443 664 2490 ια.
698 2448 728 2509 p.
754 2435 836 2509 394.
863 2425 883 2490 s.
904 2439 987 2504 572.
1014 2442 1046 2488 et
1073 2441 1127 2506 ¹5·

94 2552 126 2614 p.
143 2537 231 2606 420.
254 2525 276 2588 s.
294 2529 377 2591 611.
405 2528 511 2608 quiet
532 2523 602 2612 post
623 2529 752 2590 illorum
778 2529 981 2614 migrationes
1001 2530 1128 2600 indicat,

95 2641 127 2693 et
143 2649 223 2710 qnae
238 2629 352 2689 adtulit
368 2629 528 2691 Mercerua
543 2630 580 2690 ad
598 2631 713 2708 Dictyn
729 2628 815 2694 Cret.
838 2645 869 2696 a,
893 2645 947 2704 17.
974 2633 1010 2691 in
1029 2631 1129 2694 Hero·

96 2733 174 2793 doto
192 2727 312 2810 saepiua
332 2745 502 2790 occnrrnnt
518 2750 617 2812 prope
638 2732 818 2794 Armeniam
838 2745 869 2790 et
884 2731 1128 2814 Cappadociam.

97 2831 224 2916 Quiboa
248 2831 323 2892 inde
346 2833 491 2894 terminia
513 2830 656 2892 conclusa
676 2828 789 2902 suerit,
823 2851 862 2892 ex
887 2831 970 2893 Mela
993 2834 1128 2912 adparet,

96 2937 146 2995 cui
167 2947 201 2994 et
216 2931 290 2992 addi
310 2931 437 3012 possunt
457 2931 569 2996 Strabo
592 2941 646 3010 ¹4·
669 2953 701 3014 p.
716 2941 801 3011 459.
816 2931 837 2994 s.
856 2934 939 3010 668.
973 2948 1005 2994 et
1028 2933 1131 2994 Ptole·

95 3054 206 3097 maana
225 3046 258 3108 5,
277 3044 311 3109 8.
352 3033 509 3095 Strabone
524 3047 662 3104 auctore,
688 3030 766 3094 facta
784 3033 949 3104 divisione,
969 3033 1131 3095 dicebatur

96 3137 150 3197 rel
169 3133 333 3222 τραχεῖα,
363 3135 417 3194 vel
436 3127 564 3211 πεδιὰς,
596 3132 756 3221 τραχεῖαν
782 3148 1013 3196 commemorat
1033 3135 1129 3196 etiam

95 3237 314 3306 Ptolemaeus,
341 3235 397 3295 etsi
411 3237 502 3298 aliam
519 3233 619 3296 adfert
635 3235 823 3296 divisionem
838 3254 894 3316 per
915 3236 1012 3296 varias
1029 3249 1130 3316 parter

96 3335 295 3418 descriptam.
339 3333 469 3417 Aspera,
495 3337 572 3397 hinc
591 3337 796 3425 Τραχειῶτις
823 3338 921 3405 dscta,
947 3349 984 3396 nt
1009 3337 1130 3398 incolae

95 3437 322 3526 Τραχειῶται,
346 3439 519 3519 occupabat
534 3457 621 3500 oram
638 3437 839 3507 maritImant,
867 3441 918 3498 cni
934 3439 1058 3498 Taurus
1073 3439 1130 3496 im·

95 3539 257 3606 minabat,
295 3539 514 3622 porrigebatur
545 3540 583 3600 ad
618 3537 739 3600 ttauroa
771 3557 871 3618 nsque
903 3551 935 3599 et
965 3539 1130 3612 Pisidiam3

95 3639 275 3722 campestria
290 3659 307 3699 a
323 3639 407 3700 Solis
421 3653 452 3702 et
462 3638 557 3702 Tarso
571 3639 697 3724 patebat
711 3642 749 3700 ad
765 3639 858 3700 Iisnm
872 3653 904 3700 et
919 3639 1130 3721 Cappadocae,

96 3741 229 3820 (Strabo
246 3761 273 3802 c.
288 3740 331 3816 I.)
356 3761 434 3822 qnae
452 3741 603 3822 posterior
622 3741 733 3804 Cilicia
748 3741 887 3818 Propria
902 3739 945 3802 est
961 3741 1041 3821 apud
1059 3741 1132 3802 Pto-

96 3843 266 3906 lemaeum.
317 3841 366 3902 Ad
388 3841 524 3923 asperam
547 3857 612 3904 tota
631 3839 742 3902 Isauria
758 3855 921 3902 revocatur
938 3841 1130 3922 aStephano

97 3941 119 4004 s.
142 3965 177 4008 r.
201 3939 372 4030 Τραχεῖα,
411 3963 507 4024 quem
539 3941 699 4026 respexisse
725 3942 852 4002 videtur
885 3941 1067 4004 Eustathiut
1091 3943 1130 4003 ad

95 4045 230 4107 Homer.
246 4045 285 4105 11.
306 4060 339 4116 Ω,
357 4045 442 4124 633.
479 4045 566 4107 Alibi
583 4063 661 4108 vero
673 4041 850 4124 stephanus
867 4039 908 4120 (s.
927 4061 959 4104 v.
978 4033 1130 4130 Ἴσαυρα)
