2892 4950
329 396 400 463 aaa
608 381 768 446 Nom
808 381 1111 445 momen

414 555 623 640 Pitanen)
671 557 728 622 Gt.
750 550 892 643 Πιτάνη.
928 558 1055 621 Aeolidi
1069 557 1213 621 tribuunt
1230 569 1361 624 ιιιοιοιιι

338 659 383 724 iat
397 659 503 732 multi,
530 659 619 722 unde
633 671 667 722 et
680 658 820 722 Aeoliam
836 660 972 721 Pitanen
987 673 1091 732 vocat.
1115 662 1290 743 penultima
1303 679 1362 723 cor·

336 775 436 846 repta,
461 761 560 824 Ovid.
576 759 709 826 Metam.
726 775 759 838 7,
779 773 863 840 557.
906 759 1018 823 Latina
1041 763 1265 825 terminatione
1280 758 1361 824 oret

336 861 722 936 (imminuendae.
773 863 871 946 Quod
899 862 933 922 in
968 861 1066 940 Lydia
1096 863 1238 926 recenset
1263 863 1362 940 Scylax

337 985 370 1051 p.
387 979 446 1044 37.
463 961 566 1026 fluor.
588 963 628 1026 de
641 982 681 1026 eo
694 967 756 1026 iam
773 961 862 1048 supra
877 962 1044 1046 aliquoties
1058 963 1103 1027 est
1118 965 1253 1030 dietum.
1286 963 1364 1026 Con·

337 1069 477 1130 ditorem
500 1065 672 1145 Myrinam.
698 1065 908 1136 Amazonem,
940 1080 1104 1128 atictorem
1126 1067 1268 1129 neminie
1280 1065 1364 1128 Ama·

337 1187 459 1232 conum
475 1166 602 1236 ducem.
625 1167 771 1238 Pitanen.
797 1163 902 1228 obiert
917 1167 1050 1230 Diodor.
1069 1167 1131 1229 Sic.
1151 1181 1185 1247 3,
1206 1179 1265 1246 55.
1296 1165 1365 1230 Poe·

337 1281 409 1332 cum
439 1287 541 1330 unum
565 1271 659 1329 novit
681 1269 791 1348 Scylax
811 1287 838 1329 c.
862 1268 883 1330 1.
910 1267 992 1330 duoa
1014 1267 1126 1332 Strabo
1149 1281 1205 1349 13.
1233 1289 1265 1353 p.
1287 1277 1364 1348 422.

339 1369 362 1436 i.
380 1373 464 1450 614.
490 1369 546 1450 qui
566 1381 599 1430 et
622 1369 709 1432 iuxta
732 1369 876 1432 demittit
898 1369 1047 1431 Evenum
1068 1369 1217 1434 fluvium.
1267 1369 1364 1432 Ptole·

337 1492 446 1536 tuaene
462 1471 595 1532 Latinus
606 1483 639 1548 5.
659 1485 692 1534 2.
707 1471 852 1552 Pytanen
868 1467 903 1533 ii.
921 1471 1000 1532 circa
1015 1470 1128 1532 urbem
1143 1471 1246 1534 fluere
1260 1462 1364 1536 scribit.

336 1574 461 1638 Pliniue
483 1583 517 1650 5.
541 1583 598 1650 52.
623 1569 645 1635 ie
669 1585 727 1652 30.
761 1572 833 1636 urbi
866 1569 1027 1656 subiungit
1055 1572 1213 1636 Cannium
1238 1591 1366 1640 amnem.

336 1673 420 1742 forte
437 1693 454 1735 a
469 1673 577 1734 vicino
596 1673 716 1755 oppido
733 1673 858 1742 Carene.
886 1691 967 1755 quae
982 1687 1059 1734 tunc
1081 1675 1143 1734 iam
1164 1673 1364 1736 interciderat.

336 1776 404 1842 Sub
430 1775 568 1836 Traiano
591 1775 702 1836 eadem
725 1793 765 1838 ex
789 1788 1004 1836 terraemotu
1029 1793 1162 1858 gravem
1184 1787 1308 1858 experta
1329 1772 1368 1836 eti

337 1878 559 1942 calamitatem.
581 1875 725 1954 (Orofiue
738 1891 771 1953 7.
793 1877 863 1954 aa.)
902 1875 1031 1938 Gentile
1045 1875 1080 1937 in
1096 1877 1263 1960 Stephano
1276 1875 1367 1940 liem-

336 1978 441 2054 ναῖος,
482 1977 570 2060 quod
602 1979 646 2041 ita
678 1977 815 2060 probant
847 1977 956 2047 numi,
991 1989 1027 2036 ut
1053 1978 1173 2040 addant
1198 1974 1366 2043 Πιτανὲων,

338 2080 437 2166 Quod
455 2077 551 2142 habet
570 2079 750 2164 Stephanae
769 2072 911 2144 Πιτάναι
935 2090 968 2140 et
989 2077 1066 2142 indo
1089 2075 1283 2168 Πιτανάτης
1303 2077 1322 2142 i.
1337 2096 1366 2139 v.

336 2181 444 2255 Boioi,
466 2180 605 2264 pertinet
618 2183 657 2244 ad
673 2181 845 2244 Laconicae
862 2179 985 2248 urbem.
1011 2198 1090 2262 quae
1104 2179 1143 2242 ab
1159 2181 1231 2244 aliie
1247 2191 1367 2242 vocetur

337 2285 436 2348 etiam
456 2275 601 2368 Πιτάνη,
625 2296 663 2344 ot
675 2283 806 2368 adparet
827 2301 866 2343 ex
884 2279 1032 2342 Pausania
1049 2293 1081 2360 5.
1104 2293 1160 2363 ιιι,
1181 2298 1216 2346 ιι.
1256 2281 1317 2346 Sed
1333 2275 1367 2342 cf.

337 2397 446 2448 notate
461 2383 499 2446 ed
516 2381 654 2465 Heiych.
669 2385 710 2447 T.
729 2399 763 2448 a.
777 2403 810 2466 p.
825 2385 911 2464 9⁶6.
937 2395 970 2445 et
987 2383 1027 2444 de
1043 2383 1296 2468 cognominibue
1310 2381 1368 2444 aliie

338 2485 510 2568 spanhem.
527 2485 567 2545 ad
582 2484 770 2550 Callimach.
785 2486 819 2546 in
833 2485 927 2547 Dion.
950 2502 982 2547 a.
1004 2495 1087 2564 152.
1127 2483 1305 2548 Recentiue
1318 2497 1368 2544 no-

336 2605 413 2648 men
435 2585 562 2671 ignoro.

413 2785 540 2870 iniit)
589 2788 642 2853 Sic
667 2787 808 2854 cateth.
835 2789 875 2852 eci
901 2789 1035 2852 Homer.
1062 2788 1101 2851 11.
1123 2805 1152 2859 ι,
1173 2799 1261 2869 594.
1282 2807 1314 2872 p.
1329 2803 1367 2847 m.

344 2909 425 2971 ¹¹9·
447 2891 486 2952 de
506 2891 649 2955 Lemno:
676 2882 792 2980 ἤνεγκέ
810 2913 890 2956 ποτε
911 2885 1055 2976 χαλκεῖς
1077 2877 1210 2978 ἄνδρας.
1253 2889 1316 2952 Sed
1333 2881 1369 2948 ci.

337 2993 532 3072 fflspffiss

413 3183 630 3286 Arcesilan
638 3191 657 3275 )
708 3189 874 3257 Deforme
894 3193 1017 3255 dictum
1040 3191 1084 3256 est
1100 3192 1135 3253 in
1154 3191 1246 3254 notia
1262 3187 1372 3253 criticie

274 3285 275 3288 ¹
337 3305 475 3381 p.5³'⁴t.
520 3293 637 3358 Civem
662 3296 757 3357 etiam
782 3293 857 3357 facit
882 3289 1370 3377 Strab013.p.422.i.614.

338 3412 372 3458 et
395 3395 471 3456 hinc
491 3393 669 3470 Πιταναῖος
697 3396 813 3458 dicitur
833 3415 849 3458 a
873 3396 970 3479 Diog.
999 3395 1100 3456 Laert.
1117 3407 1151 3474 4.
1168 3392 1202 3458 6.
1222 3393 1243 3456 i.
1260 3403 1319 3470 28.
1343 3399 1372 3450 et

337 3495 471 3562 Pausan.
488 3507 522 3574 8,
541 3505 600 3579 49.
616 3497 662 3559 in.
713 3497 797 3559 Male
822 3509 928 3558 autem
955 3495 1008 3558 hic
1034 3497 1167 3557 Pitanen
1204 3495 1371 3556 Laconicae

339 3618 414 3660 cum
432 3598 532 3659 nostra
557 3595 666 3659 miscet
680 3597 811 3659 Solinot
828 3618 895 3678 cap.
920 3611 973 3672 13.
990 3595 1010 3658 i.
1029 3611 1062 3671 7.
1085 3612 1117 3659 et
1132 3615 1172 3657 ex
1197 3597 1249 3656 ilia
1271 3605 1371 3656 ortum

339 3697 445 3762 scribit
460 3697 631 3769 Arcesilan.
657 3697 818 3784 castigatae
840 3699 915 3784 ideo
929 3717 947 3760 a
963 3697 1112 3760 Saimafio
1131 3715 1164 3778 p.
1181 3715 1225 3758 m.
1240 3705 1302 3774 98.

415 3899 526 3964 nteit
573 3889 891 3989 adfirenontis)
947 3897 1150 3968 Posteriotie,
1190 3893 1372 3981 comptior

340 4000 509 4066 Academia
526 4000 669 4073 Platonis
689 3997 801 4071 fuerit.
831 4018 911 4082 qnae
929 4013 1027 4062 certae
1048 4009 1080 4061 et
1102 3999 1205 4061 firmae
1228 3995 1372 4060 statuebat

341 4099 521 4177 sententiae.
541 4100 675 4167 meede
691 4101 843 4170 omnibu·
858 4099 956 4168 dubie
970 4113 1005 4166 et
1020 4099 1169 4190 ambigue
1184 4095 1371 4184 diepumbit.
