2828 4966
330 417 373 481 ὅθ
487 359 493 367 ⁴
601 399 763 462 Nom
803 399 1108 458 EXEGETICAE

336 579 415 642 tudo
437 575 475 640 ab
498 575 620 640 oriente
639 575 679 636 ad
700 575 916 646 occidentem,
945 574 1082 637 latitudo
1099 591 1116 635 a
1136 571 1385 655 septemtrione

336 697 554 744 avnnnnnva
579 677 654 740 MS.
719 678 773 739 Sic
802 678 952 740 Horatiae
977 675 1064 758 epist.
1093 685 1267 753 1‚7‚41.
1296 673 1385 734 locu

328 783 443 865 planis
463 793 625 862 porrectus
640 767 778 867 spatiis.
830 778 915 839 Mela
936 799 964 846 ι,
988 795 1018 846 a,
1046 795 1076 840 a.
1096 768 1162 867 sua
1184 777 1291 836 litora
1313 795 1385 852 por

339 885 428 963 rigit.
470 880 595 961 Nempe
619 880 735 939 dicitur
751 879 790 941 de
813 879 890 940 locis
912 879 1013 960 planis
1028 891 1059 938 et
1078 879 1110 937 in
1135 877 1385 960 longitudinm

339 981 491 1052 extende,
525 981 572 1040 uti
595 981 704 1042 multia
725 981 880 1062 exemplis
901 981 1080 1042 docuerunt
1103 978 1325 1058 Oudendorp.
1351 997 1385 1038 at

339 1086 459 1146 Lucan.
478 1101 511 1162 9,
528 1093 613 1161 452.
647 1081 850 1143 Burmannus
863 1082 902 1142 ad
920 1081 1065 1162 Propert.
1085 1097 1116 1148 a,
1135 1095 1167 1154 7,
1188 1097 1247 1142 eo.
1277 1078 1342 1138 ubi
1360 1097 1385 1137 o

339 1186 393 1246 hic
411 1187 498 1245 locus
515 1181 671 1266 adpositus
695 1181 753 1254 eii,
785 1185 892 1264 etqui
913 1183 1145 1264 producuntur.
1198 1161 1322 1260 Nequ‘e
1347 1193 1385 1242 ta

341 1307 435 1356 men,
469 1283 647 1365 quodvult
668 1283 871 1354 Ciecconiue,
898 1285 985 1344 idem
1007 1283 1066 1351 eii,
1098 1283 1184 1362 qnod
1206 1283 1385 1362 proiectue

322 1383 332 1418 '
341 1389 460 1469 quippe
483 1387 544 1446 hoc
561 1383 653 1444 litum
669 1385 849 1466 fimpiiciter
869 1385 1002 1454 indicet.
1031 1385 1108 1444 illud
1125 1384 1198 1443 fitne
1219 1381 1338 1444 seriem
1359 1403 1385 1443 et

340 1481 603 1570 progreffionem‚
627 1485 681 1545 etfi
700 1484 787 1567 iaepe
802 1501 974 1566 utrumque
989 1485 1123 1547 verbum
1140 1487 1172 1544 in
1189 1484 1280 1544 libris
1299 1503 1385 1546 com

342 1587 501 1656 miscetur,
527 1588 645 1667 dequo
665 1585 735 1648 Vol.
756 1608 784 1648 ι.
803 1589 841 1649 ad
861 1601 892 1666 5,
911 1589 943 1656 6,
960 1575 1196 1664 4.'Dionys1us
1213 1605 1246 1646 v.
1263 1585 1299 1647 6.
1325 1599 1385 1645 ten

327 1671 407 1750 'ram
434 1688 564 1768 quidem
591 1686 630 1746 ab
659 1700 732 1748 ortu
759 1688 798 1748 ad
822 1687 963 1750 occasum
991 1677 1165 1774 εὐρυτέραν
1189 1687 1285 1756 dicit,
1322 1683 1385 1746 sed*

341 1791 507 1870 quodiam
527 1803 723 1849 monuerunt
742 1789 858 1870 Papius
873 1807 1011 1870 eumque
1029 1788 1150 1850 iactatus
1171 1787 1290 1857 Hiiiue,
1315 1799 1385 1848 non

341 1905 379 1951 ut
398 1889 540 1972 obponat
559 1890 737 1959 latitudini,
763 1887 813 1952 sed
837 1905 874 1951 ut
891 1894 1027 1951 omnino
1050 1891 1202 1949 maiorem
1224 1887 1385 1949 extensio}

341 2013 418 2054 nent
441 1992 571 2052 indicet.
629 1992 667 2051 ln
690 1995 829 2054 notanda
858 2005 964 2052 autent
989 1992 1180 2074 lingularum
1205 1991 1385 2072 regionum

341 2091 545 2178 longitudine
562 2107 722 2162 auctores,
749 2096 829 2154 etin
847 2094 957 2175 primia
976 2107 1105 2174 poetae,
1133 2088 1312 2150 mensuram
1337 2109 1385 2152 re«

341 2195 446 2279 gionie
468 2191 565 2275 ipsam
587 2195 620 2253 in
641 2194 787 2273 quamvis
807 2207 928 2276 partem
945 2207 1058 2278 agunt,
1085 2192 1133 2252 uti
1154 2191 1269 2252 docuit
1288 2189 1385 2252 d’on

340 2295 417 2357 ville
433 2294 471 2354 ad
489 2294 608 2357 Lucan.
622 2303 658 2373 4,
677 2293 760 2369 672.
784 2296 853 2375 (ed.
877 2293 1009 2372 Burin.)
1032 2315 1064 2376 p.
1084 2295 1166 2370 268.
1213 2283 1215 2288 ’

416 2507 455 2558 et
481 2496 582 2578 quio
599 2491 678 2577 -)
711 2495 761 2558 De
779 2495 896 2558 horum
918 2496 1090 2556 verborum
1113 2489 1325 2576 explicatione
1344 2509 1385 2556 et

312 2665 317 2678 ,
341 2595 430 2660 sensu
446 2597 513 2658 vid.
528 2597 599 2658 Vol.
621 2617 649 2659 1.
685 2596 782 2678 Quod
800 2599 862 2657 iam
877 2595 1080 2659 casaubonus
1097 2597 1225 2656 monuit
1240 2597 1277 2656 ad
1292 2597 1385 2656 Stra-

340 2697 461 2759 bonem
484 2697 539 2758 lib.
565 2719 593 2759 ι.
616 2717 646 2780 p.
665 2705 723 2776 44.
744 2695 765 2760 i.
783 2699 842 2777 64.
868 2699 961 2759 unice
981 2699 1058 2760 haec
1078 2696 1248 2778 respiciunt
1276 2709 1385 2758 teneo¹

342 2819 413 2860 eam
435 2813 566 2880 partem,
592 2819 686 2881 quam
708 2818 767 2860 noe
785 2799 964 2868 incolimus,
993 2799 1168 2880 obpositam
1188 2797 1385 2858 Antichtho·

341 2919 421 2960 nutu
442 2913 551 2962 tetrae.
605 2900 708 2981 Atque
721 2919 756 2962 ea
773 2899 816 2962 ost
830 2901 869 2960 ab
887 2913 958 2960 ortu
978 2901 1015 2962 ad
1037 2897 1178 2961 occasum
1195 2899 1290 2978 dupio
1307 2899 1382 2958 lon·

342 3003 428 3085 gina,
448 3000 509 3077 (ita
522 2998 586 3062 iere
602 2999 776 3062 statuebant
791 3003 932 3078 veteres)
956 3021 1051 3082 quam
1067 3021 1082 3059 a
1098 2999 1320 3081 septemtrione
1333 3001 1377 3062 ad

340 3101 520 3170 meridiem,
547 3121 620 3162 cum
637 3099 692 3162 iub
713 3103 788 3182 poio
812 3100 921 3185 frigus,
949 3101 1004 3162 iub
1023 3115 1190 3182 aequatore
1207 3099 1303 3160 aestus
1325 3101 1376 3160 iu·

341 3203 423 3264 eolat
450 3215 568 3274 arceat,
608 3215 641 3266 et
680 3198 760 3262 illud
792 3201 925 3286 spatium
958 3203 999 3264 lic
1029 3203 1138 3264 reddat
1173 3201 1372 3266 contractius.

341 3305 468 3386 Nempe
490 3305 595 3366 omnia
616 3303 693 3364 baec
713 3317 810 3366 terrae
832 3302 976 3366 mensura
997 3305 1031 3364 in
1053 3305 1187 3387 longum
1210 3303 1371 3382 latumque

339 3405 507 3476 aestimata,
533 3406 571 3466 ab
588 3405 759 3466 bominum
775 3407 959 3491 cognitione
981 3403 1149 3487 pendebat,
1174 3404 1227 3484 qui
1243 3402 1278 3462 ab
1297 3416 1372 3464 ortu

340 3509 377 3568 ad
398 3506 539 3568 occasum
557 3507 685 3590 longine
699 3521 788 3568 erant
799 3501 959 3592 progreffi.
989 3509 1025 3567 in
1036 3525 1069 3566 re
1086 3503 1148 3586 ipsa
1162 3495 1280 3566 vetere&
1295 3523 1370 3564 con·

341 3607 530 3681 veniebant;
566 3608 606 3668 de
625 3605 688 3687 ipsa
707 3609 848 3680 ratione,
878 3620 976 3692 prout
998 3620 1088 3670 aucta
1108 3606 1168 3678 eii,
1200 3618 1233 3667 et
1252 3605 1367 3687 prolata

337 3709 498 3794 cognitio,
524 3709 736 3792 ditputabaut.

414 3910 704 3992 aliquanto-
725 3907 915 3992 longior)
956 3912 1063 3971 immo
1081 3907 1185 3977 multo.
1208 3907 1364 3970 utirisso·

340 4013 396 4074 teli
421 4011 547 4072 videtur
571 4011 781 4096 Meteorolog.
800 4029 831 4080 2,
851 4023 882 4088 5.
907 4023 940 4072 et
957 4009 1103 4074 Straboni
1121 4009 1236 4094 Geogr.
1259 4009 1307 4072 lib.
1329 4031 1360 4073 ι.

339 4113 389 4193 [ο.
406 4111 450 4196 1.]
476 4130 655 4180 εοιιοττνε.
692 4113 889 4198 immoplut
905 4113 1004 4197 duplo
1020 4111 1063 4176 eii
1084 4111 1186 4174 maior
1204 4111 1361 4196 longitudo
