2852 4946
327 325 392 398 trs
596 317 757 380 uorsn
794 316 1099 378 nxnsnrrctn

407 488 520 576 vici)
553 493 647 556 Varie
666 493 748 556 hauc
763 511 878 556 vocem
893 492 1119 557 intellexerunt
1134 491 1313 574 interpretes
1325 497 1352 548 et

330 595 375 662 ed
390 596 578 657 narrationis
597 593 717 656 causam
735 595 979 666 transtulerunt,
1006 609 1044 656 nt
1058 596 1178 657 docent
1199 605 1287 653 notae
1306 583 1354 648 cri·

331 699 428 760 ricae.
452 697 571 758 Veram
586 697 670 757 vidit
681 697 879 784 Perizonius,
891 711 924 758 et
938 694 1017 759 sacta
1033 695 1160 758 meliori
1174 687 1354 756 dillinctione

336 798 527 862 vindicavit.
560 795 645 860 Cum
661 797 749 859 enim
765 816 832 858 non
850 796 952 859 sulum
967 799 1046 860 olim
1061 799 1212 881 regiones
1227 783 1357 878 κωμηδὸν

337 901 566 968 babitarentur,
581 911 650 958 tarn
659 899 765 967 etiam,
778 913 817 958 ut
832 897 919 969 solet,
934 897 1075 966 urbibus,
1089 896 1265 959 maioribus
1277 889 1359 952 mari·

336 1020 404 1072 me,
420 1001 483 1061 vici
499 997 651 1068 suberant,
667 999 773 1080 quales
788 1001 822 1060 in
838 1000 1006 1063 Palaestina
1021 1000 1127 1080 plures
1144 1001 1361 1060 commemorat

338 1099 493 1181 losephus
513 1100 554 1161 de
576 1099 613 1158 B.
639 1101 709 1160 lud.
731 1114 762 1178 3,
786 1119 819 1180 9,
841 1110 876 1182 4.
904 1103 964 1179 (de
986 1101 1104 1182 Ioppe)
1129 1113 1163 1178 3,
1188 1113 1222 1174 7.
1247 1096 1290 1156 in.
1313 1090 1361 1168 (dr

338 1203 491 1279 Gadaris)
524 1201 673 1280 idemque
698 1202 732 1260 in
762 1203 828 1263 vita
850 1201 901 1263 sua
926 1223 992 1284 cap.
1008 1213 1068 1280 45.
1084 1197 1105 1262 s.
1131 1199 1189 1262 soli
1214 1195 1362 1258 Galilaeae,

339 1303 436 1364 nrbes
454 1303 604 1381 vicosque
626 1309 699 1378 204
721 1302 845 1365 tribuit.
889 1301 941 1367 cf.
970 1303 1131 1364 llelandus
1152 1304 1189 1361 in
1213 1293 1364 1360 Palaestina

339 1403 397 1466 tur.
416 1416 448 1482 3.
471 1423 502 1485 p.
520 1421 563 1462 m.
581 1411 665 1480 385.
720 1403 804 1464 Alias
825 1405 944 1466 rectius
967 1403 1051 1464 Mela
1074 1403 1242 1464 interiecta
1263 1391 1365 1476 oppid!

339 1517 463 1590 poterat
478 1519 738 1570 commemorare,
759 1521 838 1582 quae
854 1502 1018 1566 recensent
1031 1504 1142 1583 Scylax
1157 1525 1190 1586 p.
1202 1511 1263 1580 qa.
1280 1488 1366 1558 Hudf·

338 1619 377 1669 et
390 1606 472 1668 Plio.
489 1617 522 1681 5,
543 1600 635 1678 17.s.
657 1619 711 1681 ¹9·
747 1603 789 1664 Ut
805 1623 882 1666 vero
900 1625 988 1666 nunc
1003 1605 1099 1666 habet
1113 1607 1175 1666 loci
1192 1601 1302 1666 torma.
1322 1609 1367 1653 ⁶¹¹¹

338 1705 396 1772 sua
409 1707 505 1770 etiarn
521 1717 622 1768 aetate
640 1705 820 1768 continenti
835 1705 956 1770 adnexa
973 1704 1121 1778 haeserit,
1147 1717 1222 1789 apte
1239 1698 1367 1764 decurre

419 1905 572 1992 Sidon)
621 1907 774 1974 Hebraeis
804 1900 913 2004 li'lM,
948 1909 1004 1973 Gr.
1029 1902 1148 1974 Σιδών.
1202 1909 1243 1970 ln
1265 1896 1369 1964 asrbor

341 2011 484 2093 obliquis
498 2013 599 2073 modo
613 2033 649 2082 tu,
667 2013 770 2074 modo
788 2012 985 2094 creperitur.
1018 2011 1150 2074 Nomen
1166 2009 1262 2071 traxit
1277 2023 1293 2064 a
1307 1999 1368 2059 Tzi-

343 2113 452 2183 done,
478 2111 654 2174 Chanaanis
670 2114 747 2181 filio,
772 2110 980 2192 (Genesin,
1001 2114 1076 2190 15.)
1108 2131 1207 2194 quem
1229 2097 1368 2169 Σιδώνιον

345 2227 442 2275 vocat
464 2211 615 2295 Iosephus
630 2213 752 2294 antiqu.
769 2213 838 2274 lud.
860 2215 940 2284 1,6,
958 2231 992 2276 2.
1010 2214 1160 2294 urbisque
1181 2208 1367 2274 conditorem

344 2328 501 2375 unctores.
527 2314 552 2373 A
561 2309 686 2400 fidone,
702 2314 787 2394 quod
801 2311 917 2394 piscem
934 2315 1083 2400 significat
1099 2313 1182 2394 apud
1194 2305 1366 2374 Phoenices.

347 2415 473 2473 derivat
490 2411 626 2473 lustinus
646 2425 700 2490 18,
719 2427 750 2492 3,
767 2422 801 2492 4.
829 2415 863 2474 in
879 2434 943 2494 quo
955 2435 1024 2477 non
1040 2425 1221 2500 repugnant
1235 2405 1367 2472 Borhrrt

343 2513 381 2572 in
399 2513 517 2595 Phaleg
532 2522 566 2589 4,
588 2524 646 2591 35.
662 2515 706 2576 in.
743 2513 904 2576 Relandus
924 2517 959 2577 in
979 2517 1149 2580 Palaestina
1165 2515 1222 2576 lib.
1242 2517 1367 2591 3.p·¹1¹·

349 2615 435 2690 746.
465 2627 497 2674 et
513 2612 677 2676 Michaelis
696 2616 730 2675 in
747 2614 864 2699 Geogr.
878 2613 982 2681 ›liebn
997 2618 1034 2680 P.
1052 2633 1085 2681 n.
1106 2636 1178 2700 pag.
1199 2632 1234 2678 n.
1260 2616 1368 2671 tantum

345 2715 434 2794 quod
460 2734 517 2794 per
534 2705 709 2805 piscariam,
742 2734 809 2778 non
832 2714 949 2798 piscem
976 2719 1144 2802 explicant.
1196 2716 1283 2778 Hinc
1304 2715 1366 2766 vero

346 2814 444 2874 etism
460 2815 625 2878 Michaelis
640 2819 674 2877 in
687 2817 760 2886 loco
771 2815 883 2879 Genes.
898 2837 952 2888 ro,
973 2833 1027 2896 15.
1049 2820 1131 2882 lilius
1147 2817 1188 2880 de
1201 2813 1281 2880 urbe
1294 2802 1369 2870 malit

346 2914 537 2997 intelligere.
572 2917 648 2988 Alii,
668 2918 807 2980 maxime
826 2916 988 3001 scriptores
1001 2920 1182 3000 Byzacium,
1205 2933 1244 2980 ut
1258 2905 1368 2975 Malam

346 3013 382 3073 in
398 3015 567 3100 chronogr.
585 3017 640 3080 lib.
652 3032 684 3098 5.
701 3033 800 3102 μηδ.
811 3021 889 3082 Van.
907 3041 925 3081 a
941 3019 1030 3091 Sido,
1054 3021 1192 3105 Aegypti
1207 3019 1294 3086 iiiior
1318 3005 1369 3068 Eu·

347 3111 438 3177 ssath.
454 3117 493 3176 ad
512 3117 645 3196 Dionys
663 3139 697 3182 v.
713 3135 799 3200 912.
817 3139 833 3181 a
848 3119 930 3192 Side,
952 3121 1023 3184 Beli
1040 3123 1113 3186 lilia.
1155 3123 1206 3182 De
1230 3102 1369 3184 Cothonis

346 3227 461 3294 etymo
484 3219 677 3302 cogitaverat
698 3222 794 3282 etiam
818 3221 1001 3293 Michaelis,
1031 3237 1065 3284 et
1083 3223 1173 3304 plura
1188 3240 1216 3284 c.
1239 3221 1262 3282 l.
1283 3215 1320 3276 de
1338 3219 1369 3265 0⁰

347 3313 465 3380 adfert..
498 3319 593 3384 Urbis
613 3321 794 3403 antiquitas,
817 3343 876 3404 qua
891 3336 924 3384 et
937 3325 1062 3402 Tyrum
1081 3321 1211 3405 superat,
1235 3337 1274 3384 ert
1291 3304 1369 3374 dictis

347 3418 486 3500 adparet.
533 3417 630 3505 Quod
653 3424 812 3506 duplicem
833 3425 983 3505 producit
999 3425 1219 3504 Hieronymus
1240 3423 1273 3484 in
1297 3413 1371 3475 0¹¹⁰·

348 3520 479 3584 marlico
499 3519 521 3584 s.
538 3543 573 3586 v.
591 3524 695 3595 Cana,
727 3524 862 3586 dubium
883 3524 926 3586 ell
945 3545 984 3586 ex
1003 3526 1138 3586 aliorum
1161 3523 1294 3586 silentio.
1336 3507 1368 3568 ¹⁰

348 3619 513 3686 Phoenice
529 3639 656 3705 ponunt
674 3644 803 3696 omnes,
830 3627 963 3706 eiusque
979 3625 1193 3688 celebritatem
1208 3621 1301 3686 variis
1313 3605 1369 3720 ηιξ·

348 3723 447 3786 thetis
469 3725 642 3794 declarant,
668 3738 705 3786 ut
727 3721 950 3814 ἀνθεμόεσσαν
970 3725 1124 3805 (Dionys.
1141 3747 1173 3789 v.
1189 3722 1294 3810 913.)
1316 3709 1368 3776 ἐπ’·

298 3869 312 3902 ,
349 3843 462 3913 oppon,
482 3823 653 3907 (Eusebius
666 3825 698 3886 in
710 3827 874 3890 onomast.
889 3828 922 3890 h.
937 3823 984 3909 v.)
1010 3823 1114 3919 uqa„
1147 3823 1226 3909 (los.
1239 3841 1291 3903 19,
1304 3802 1367 3888 2sl)

348 3923 474 4018 μητέρα
498 3923 653 3991 Φοινίκων
676 3929 826 4005 (Achilles
840 3929 953 3989 Tatius
970 3929 1055 4008 init.)
1079 3927 1272 4008 metropolin
1288 3905 1366 3982 numi

346 4029 446 4092 rrum
468 4027 718 4104 runcandus,
742 4029 1016 4104 oretanensis,
1041 4041 1075 4094 u
1097 4027 1286 4116 cingatur.
1321 4003 1363 4077 ⁶⁶
