2892 4950
192 369 243 426 IN
270 366 409 424 POMP.
438 365 546 424 MEL.
587 365 670 424 LI.
708 361 869 426 oxvm
910 362 989 464 §.n
1051 373 1116 442 ⁸¹⁷

74 537 234 624 descripsit
251 539 421 626 Agerium,
454 541 523 602 eine
545 537 709 610 alumnae,
739 538 811 602 init.
835 537 876 600 ad
893 535 972 602 osiia
985 535 1114 617 Pythici

74 643 199 712 amnia,
239 643 295 724 qui
320 661 360 704 ex
387 641 490 722 Lydia
515 639 676 723 profluent
699 637 730 703 se
754 639 788 700 io
814 638 917 702 sinum
938 639 1113 702 Elaiticum

72 755 239 806 exonerat.
291 743 447 824 Pythicas
474 751 584 804 mrtem
608 737 645 804 fl.
671 739 715 804 est
743 739 861 804 Caicus
882 739 936 802 vei
961 753 1111 822 corrupte

71 843 233 926 prolator,
265 844 319 906 vei
342 843 383 906 sic
406 863 483 906 vere
515 843 764 928 cognominatur
788 841 828 902 ab
856 841 1021 924 Apolline.
1055 843 1112 924 qui

75 943 209 1026 Grynr'r',
234 946 268 1006 in
285 943 433 1024 Myrinae
449 945 585 1015 vicinia,
610 941 723 1004 sanum
740 941 927 1006 habeberet
943 941 1111 1006 oraculum

71 1059 179 1108 vetur.
205 1045 340 1108 Portum
355 1045 692 1125 memoraotscylaxc.
703 1045 724 1106 l.
741 1058 773 1106 et
782 1044 896 1106 Strabo
910 1057 964 1122 13.
978 1065 1012 1127 p.
1020 1055 1107 1124 427.

71 1145 95 1209 s.
111 1147 199 1210 622.
249 1147 368 1209 Terrae
387 1160 480 1208 moro
495 1165 570 1208 eum
587 1146 656 1208 aliie
673 1143 759 1207 dirae
775 1145 906 1208 urbibnr
925 1143 1108 1229 coniapsam

72 1249 202 1308 adiurit
223 1247 390 1317 Tiberine.
420 1249 565 1328 (Tacitae
588 1247 702 1310 Annei.
723 1262 757 1316 a.
783 1255 843 1329 47.
879 1247 1045 1326 Syncessua
1072 1248 1108 1310 in

71 1349 198 1412 Chron.
225 1368 258 1430 p.
282 1359 367 1430 254.
389 1349 483 1426 Ven.)
514 1347 583 1430 post
602 1349 771 1412 Traiaour.
804 1346 955 1428 (Orosiur
973 1362 1006 1423 7,
1028 1351 1107 1428 ra.)

70 1449 284 1512 instauratam
313 1451 412 1512 etiam
438 1447 545 1522 suida,
584 1447 792 1533 posteriorum
820 1461 986 1511 auctorum
1008 1448 1049 1512 de
1069 1467 1109 1513 ea

71 1552 277 1614 narrationes
300 1551 449 1634 probant.
501 1549 600 1634 Quod
617 1569 695 1613 vero
716 1551 852 1630 primam
869 1546 991 1612 urbium
1011 1567 1108 1614 votat

71 1652 179 1722 Maia,
221 1652 254 1712 id
280 1647 530 1734 antiquiss'rmam
564 1653 634 1714 eiua
664 1652 823 1736 originem
849 1649 988 1734 spectare
1013 1663 1109 1735 putat

70 1753 229 1817 cellarino
255 1754 289 1814 in
315 1753 434 1838 Geogr.
457 1766 524 1815 ant.
548 1765 580 1830 3.
605 1765 637 1832 5.
659 1766 717 1828 70.
771 1753 867 1814 Certe
893 1751 933 1812 ad
959 1751 1107 1815 ordinem

71 1855 148 1918 sitne
170 1851 279 1916 referri
301 1873 368 1916 non
391 1853 476 1936 posse
497 1854 644 1923 ridetur,
676 1873 750 1915 cum
773 1873 792 1913 a
813 1853 960 1914 Phocaea
978 1851 1106 1932 Cymen

68 1960 213 2038 primam
227 1955 288 2018 esse
308 1953 380 2018 satir
394 1953 526 2018 conflat.
561 1953 696 2039 vestigia
718 1955 788 2016 einr
809 1953 841 2016 b.
859 1971 925 2014 non
943 1954 1106 2036 reperiun-

68 2070 132 2122 mr.
170 2055 353 2118 Pococsriur
371 2057 407 2118 in
428 2055 538 2118 tabula
560 2055 650 2119 Asiae
671 2055 806 2118 minorie
830 2051 974 2138 adposuit
1000 2051 1103 2139 prisco

68 2159 199 2222 nomini
221 2157 364 2220 sandali.

148 2307 379 2392 Oenomao)
427 2311 477 2374 De
492 2330 559 2395 quo
570 2309 674 2374 rursm
687 2307 880 2374 memorabit
895 2307 950 2370 lib.
967 2323 1001 2372 a.
1022 2323 1051 2370 e.
1069 2317 1104 2386 3³

67 2407 118 2501 [§.
138 2403 196 2496 4.]
222 2411 279 2473 nbi
293 2414 391 2474 etiam
409 2415 535 2474 notavit
552 2414 676 2484 iocum,
698 2413 755 2474 nbi
771 2414 927 2496 regnavit.
961 2401 1104 2472 Nosebat

67 2514 168 2575 filiam
193 2505 487 2600 [Hippodamiam]
508 2527 648 2596 nuptum
664 2513 756 2583 dare,
779 2513 838 2574 nisr
855 2512 919 2584 ilii,
944 2511 1001 2596 qui
1022 2509 1104 2573 auri·

66 2614 178 2698 gando
199 2613 302 2696 ipsum
324 2614 463 2686 vicisset,
493 2616 580 2697 quod
600 2612 675 2677 iecit
697 2612 831 2696 Pelops.
863 2611 995 2676 Tantali
1009 2611 1103 2682 filine.

67 2729 224 2798 corrupto
246 2716 314 2778 einr
339 2717 465 2802 auriga,
499 2732 537 2780 ur
561 2729 720 2779 everteret
744 2735 882 2778 currum.
918 2735 942 2778 ι.
971 2729 1103 2776 naono·
1130 2759 1143 2776 .

66 2837 146 2880 vrvr
162 2817 239 2879 MS.
290 2816 439 2881 Celebrea
461 2815 532 2879 sunr
553 2817 625 2878 illae
642 2817 792 2899 nuptiae,
818 2817 1015 2895 omninoque
1032 2824 1103 2874 tota

65 2916 148 2980 haec
163 2919 316 2988 narratio.
338 2919 404 2989 etsi,
425 2919 509 3000 qood
528 2917 617 2990 solet,
641 2920 728 2979 varie
743 2915 888 2981 refertur.
927 2915 1000 2978 Vid.
1015 2929 1105 2995 prae·

64 3031 115 3082 ter
132 3039 200 3088 eos,
224 3039 302 3102 quoa
316 3019 426 3080 laudat
441 3021 554 3096 Heyne
572 3020 613 3081 ad
627 3020 811 3102 Apollodor.
830 3036 863 3088 a.
879 3027 915 3098 4,
934 3031 967 3080 a.
1001 3011 1103 3096 Hygi·

63 3141 128 3183 nue
143 3117 209 3182 sab.
227 3131 286 3198 84.
312 3121 495 3184 Eusiatlriur
509 3121 548 3182 ad
561 3121 693 3184 Homer.
703 3120 741 3182 ll.
754 3136 788 3191 a.
810 3129 889 3198 ¹⁰4·
907 3138 938 3200 p.
951 3137 997 3180 m.
1017 3127 1099 3194 239.

65 3222 264 3306 Salvagniua
279 3221 318 3282 ad
340 3221 452 3284 Ovidii
473 3221 546 3283 lbin
567 3243 599 3284 v.
617 3223 701 3300 367.
717 3218 738 3282 s.
763 3234 797 3282 et
818 3221 872 3304 qni
893 3218 1101 3303 prolixiorem

63 3321 314 3407 descriptionem
334 3341 373 3384 err
393 3321 463 3386 MS.
480 3319 577 3386 Paris.
600 3319 789 3405 descriptam
809 3321 899 3386 dedit
918 3319 1102 3384 Bandurrm

63 3423 101 3484 in
117 3436 294 3487 comment.
303 3425 338 3484 in
351 3423 471 3506 antiqu.
482 3423 758 3506 constantinopol.
773 3423 829 3487 lib.
842 3437 873 3504 3.
883 3443 916 3505 p.
925 3421 1008 3506 496.
1018 3421 1100 3483 ron.

63 3523 209 3596 Poetae,
238 3526 325 3606 quod
341 3544 400 3607 par
420 3539 505 3595 erat,
536 3545 601 3588 non
625 3521 726 3586 solum
749 3523 943 3586 carminibua
965 3519 1101 3586 eelebre-

61 3640 156 3697 runt,
180 3637 218 3686 nt
229 3625 386 3688 Pindarus
403 3624 533 3708 Olymp.
554 3645 584 3689 ι.
608 3623 747 3687 Ovidius
763 3647 790 3689 e.
805 3625 826 3688 l.
847 3623 898 3688 sed
913 3637 945 3686 et
959 3623 993 3686 in
1008 3620 1098 3686 scene

61 3725 306 3810 produiernnt,
336 3739 374 3787 nt
401 3725 593 3808 Sophoclea,
622 3725 856 3806 Euripideum
882 3725 1027 3797 Graecia.
1059 3743 1099 3787 err

61 3829 193 3890 Latinio
208 3827 327 3890 rmus.
360 3825 434 3891 Vid.
447 3827 623 3890 Burmann.
639 3827 679 3889 ad
697 3825 796 3892 ovid.
810 3826 903 3890 Triss.
920 3841 953 3899 a,
970 3827 1056 3906 385.

140 3968 368 4070 reversus
376 3976 396 4062 )
444 3975 573 4060 Nempe
595 3978 713 4062 Pelope
734 3977 857 4052 Pisam,
889 3977 1102 4062 Peloponnesi

60 4081 199 4155 rebem,
231 4079 355 4170 regiam
372 4078 532 4148 Oenomai
550 4077 673 4156 sedem,
705 4081 814 4156 venir,
838 4097 984 4166 eamque.
1010 4079 1100 4144 rimo
