2764 4958
331 358 394 428 24⁸
601 357 763 420 nosen
800 367 1104 432 exacerrctn

333 525 473 591 eveuill'e
494 548 580 597 anno
602 537 708 615 1761.
732 540 859 605 testatur
876 541 1023 610 Niebuhr
1038 567 1065 614 c.
1087 551 1111 614 l.
1137 549 1191 616 etii
1212 547 1244 611 id
1260 545 1348 631 tpluu

334 643 463 710 propter
484 637 610 718 copiam
632 641 729 702 etiam
756 647 875 707 mirum
898 648 1011 713 incolis
1036 648 1140 714 visum
1159 651 1245 714 fuiile
1264 651 1348 713 addit.

335 729 460 794 Omnes
484 739 645 799 tamenin
668 759 706 806 eo
727 745 942 820 consentiunt.
975 752 1009 814 in
1033 751 1175 818 inferiori
1195 753 1226 813 id
1242 763 1350 814 numm

334 831 484 917 Aegypto
510 836 683 912 observari,
719 860 752 907 et
773 867 837 928 quo
857 849 988 934 propius
1011 855 1049 915 ad
1071 839 1231 918 Thebaida
1250 853 1348 933 (Said)

334 937 509 1007 accedatur,
530 957 571 1001 eo
586 943 683 1004 etiarn
698 949 796 1012 rarius
810 963 843 1010 et
857 955 984 1016 tenuius
1003 955 1124 1037 pluere,
1146 955 1200 1040 (ci.
1215 953 1349 1017 Pococlre

329 1033 450 1101 ‘Reileu
472 1039 513 1098 T.
535 1059 564 1104 1.
585 1061 618 1124 p.
642 1065 687 1108 m.
711 1049 810 1128 290.)
846 1053 1021 1134 quodiam
1048 1072 1171 1122 veteres
1194 1067 1349 1120 noremnt.

333 1134 421 1196 Hinc
439 1137 557 1202 Seneca
571 1143 605 1203 in
623 1144 697 1209 Nat.
712 1147 838 1232 Quaest.
851 1165 885 1231 4,
907 1170 939 1219 a.
957 1157 1003 1219 in.
1029 1159 1072 1220 ln
1092 1181 1131 1219 en
1148 1172 1254 1242 parte.
1282 1176 1352 1240 quat

335 1235 370 1296 in
391 1239 597 1318 Aethiopiam
617 1249 736 1328 vergit,
769 1263 829 1312 erut
852 1255 931 1316 nulii
951 1255 1062 1320 imbres
1074 1251 1174 1353 sunt.
1204 1257 1351 1328 narrarit

332 1334 481 1400 Aristides
502 1341 536 1402 in
557 1358 634 1409 orat.
657 1348 793 1434 Aegypt.
809 1353 850 1416 T:
869 1371 903 1418 a.
925 1373 1052 1439 p.339.
1067 1362 1119 1426 ed.
1137 1363 1224 1426 lebb.
1241 1353 1353 1447 ψεκάδι

334 1426 412 1498 ἅνω.
455 1439 535 1502 lnrle
557 1463 635 1508 vero
657 1469 674 1510 e
698 1453 791 1514 Diird
820 1455 963 1538 pluviam
988 1459 1054 1524 lere
1073 1463 1133 1525 elle
1154 1459 1354 1528 miraculosum

331 1551 468 1602 aurant.
502 1543 545 1602 Et
557 1545 597 1607 suc
607 1547 793 1618 Herodotus
811 1569 843 1636 5.
861 1577 916 1622 to.
939 1573 1102 1645 tamquam
1115 1583 1185 1626 mm
1199 1563 1353 1629 insolitam.

328 1655 436 1720 neque
450 1654 524 1706 ante
546 1641 575 1708 le
593 1669 753 1733 unquam,
783 1677 887 1742 neque
903 1662 941 1723 ad
956 1661 1042 1724 luam
1062 1680 1198 1729 aetatem
1215 1665 1354 1728 visitatam

329 1733 468 1826 (φάσμα
488 1741 656 1832 μέγιστον)
677 1753 783 1828 refert,
810 1762 896 1842 quod
911 1765 997 1847 apud
1012 1765 1140 1830 Thebas
1156 1769 1283 1852 pluerit.
1313 1765 1356 1824 Et

328 1845 499 1906 recentiori
516 1863 616 1913 aetate
634 1855 717 1919 tellis
731 1859 815 1922 adest
833 1864 971 1926 Sonuini
992 1866 1128 1946 (lleilen
1142 1871 1215 1948 -)
1235 1889 1266 1952 p.
1285 1883 1355 1948 172·

327 1933 362 2002 e't
385 1961 465 2024 199·
509 1949 560 2014 Ci.
575 1965 609 2015 et
624 1955 764 2023 Browne
785 1957 932 2042 (lleilem
950 1965 1056 2053 Lipl.)
1078 1989 1111 2051 p.
1133 1982 1218 2050 198.
1255 1969 1298 2031 Ea
1319 1981 1357 2026 ta·

326 2060 406 2106 men
428 2047 556 2128 pluviae
576 2059 708 2136 penuria
729 2063 993 2140 comminuitur,
1020 2072 1076 2152 qui
1098 2068 1293 2134 fertilitatem
1313 2067 1357 2130 ecl·

327 2145 429 2210 iuvat.
465 2149 626 2218 Causama
642 2161 808 2227 montibus
821 2167 892 2229 altis
906 2169 945 2230 ad
961 2171 1120 2234 orientem
1133 2171 1269 2236 obiectis
1284 2171 1357 2253 petit

326 2241 454 2309 Meillet
476 2252 585 2330 (deser.
601 2257 641 2321 de
655 2260 818 2347 l'Egypte)
838 2291 870 2352 p.
892 2268 946 2336 16.
973 2273 1211 2356 Templemann
1228 2275 1267 2336 ad
1284 2273 1357 2334 Nor·

325 2345 390 2407 <len
412 2349 547 2430 (lleiien
561 2355 631 2440 -)
651 2381 683 2443 p.
706 2379 786 2445 123.
809 2370 847 2431 ab
871 2372 1002 2436 arenoso
1026 2373 1109 2446 solo,
1142 2377 1232 2437 uncle
1253 2375 1357 2435 humo·

321 2449 555 2608 ppsspdlurgere
574 2473 607 2521 et
621 2462 657 2523 in
673 2465 776 2531 nubea
797 2471 918 2559 conligi
937 2494 1006 2539 non
1025 2475 1154 2561 pollina
1197 2473 1252 2542 Cf·
1274 2488 1358 2539 ante!

352 2563 372 2608 o
398 2569 460 2616 rus.

391 2743 596 2844 fertilis)
645 2765 725 2832 Inde
747 2772 917 2864 xAegyptus
938 2780 1057 2845 ‹licitur
1079 2802 1257 2848 commune
1280 2781 1359 2850 orbi·

319 2857 475 2916 &tratum
492 2859 656 2931 horreum.
680 2889 849 2940 ontuvrvs
865 2880 942 2946 Me.
974 2881 1211 2976 Fertilrffimom
1221 2881 1358 2977 frugum

316 2951 416 3016 ‘vocat
436 2957 520 3023 Plin.
540 2982 596 3036 at,
614 2979 672 3044 50.
689 2969 710 3034 l'.
729 2988 785 3053 15.
812 2989 876 3040 tarn
893 2977 1029 3046 feracem
1047 2985 1172 3050 Plinius
1189 2990 1224 3051 in
1243 2991 1357 3072 Paneg-

320 3069 387 3135 cap.
405 3069 463 3136 30.
481 3062 525 3125 in.
553 3081 589 3126 ut
605 3089 679 3132 curn
694 3071 886 3143 ieraciffimis
904 3087 994 3148 terris
1008 3087 1092 3168 quati
1110 3110 1281 3172 nunquam
1298 3109 1358 3152 cer·

318 3164 384 3227 tet,
410 3162 499 3242 prior
514 3167 610 3230 etiarn
632 3177 804 3250 18‚21.i.
828 3199 883 3245 ro.
915 3199 953 3246 ut
970 3207 1045 3248 curu
1067 3191 1241 3254 centesimo
1262 3209 1357 3278 grano

318 3251 412 3321 fenus
432 3263 560 3341 reddat;
593 3271 717 3353 pollere
740 3291 885 3363 ternpore
907 3285 1095 3352 Ammianus
1114 3307 1171 3361 22,
1201 3307 1257 3372 ¹5·
1285 3311 1357 3356 cum

316 3375 491 3458 augmento
515 3366 752 3458 septuagellmo.
791 3383 834 3444 Et
856 3384 895 3447 fic
915 3389 979 3452 alii.
1020 3388 1167 3454 Omnino
1189 3397 1359 3458 tantaeiue

316 3453 462 3526 fertilitas
486 3487 503 3528 a
528 3473 633 3550 priscis
658 3483 839 3548 auctoribus
869 3489 1083 3570 praedicatur,
1123 3509 1160 3554 ut
1185 3496 1358 3576 quotannia

315 3553 407 3626 binae
422 3569 517 3630 etiarn
539 3575 647 3636 melles
662 3581 781 3646 tulerit.
834 3587 939 3651 Notae
959 3589 1028 3652 lunt
1049 3593 1282 3660 Alexandrinae
1305 3617 1357 3658 na·

273 3722 277 3730 ,
315 3673 386 3732 ves,
420 3685 499 3745 quae
522 3673 555 3732 in
579 3675 651 3738 aliae
671 3686 818 3766 regiones
841 3685 1042 3754 frumentum
1061 3695 1241 3768 vehebant.
1276 3699 1356 3762 adeo

315 3772 353 3819 ut
373 3763 519 3833 Aurelius
541 3776 649 3840 Victor
664 3782 697 3842 in
722 3787 799 3866 epit.
823 3807 851 3858 r.
868 3791 901 3853 6.
929 3813 967 3854 ex
989 3794 1137 3879 Aegypto
1154 3799 1228 3859 urbi
1249 3818 1355 3860 annua

315 3859 480 3931 ducenties
495 3889 626 3940 centena
643 3884 728 3945 milia
743 3883 896 3952 frumenti
912 3893 1092 3976 imperante
1103 3897 1242 3983 Augusto
1259 3901 1357 3962 inlate

314 3956 404 4027 inille
423 3987 535 4037 narret.
571 3979 712 4046 Maxime
735 3987 811 4052 hinc
831 3993 979 4056 inclaruit
999 3997 1102 4061 Delta.
1140 4001 1357 4062 imminutam

315 4081 387 4130 eam
402 4067 499 4136 hodie
516 4077 576 4141 elle
590 4084 764 4154 incolarum
775 4091 902 4164 desidia,
917 4093 1129 4182 inicequentia
1145 4105 1255 4175 eliam,
1274 4105 1358 4165 Tur·
