2852 4946
329 408 392 475 ato
599 397 762 458 noctu
803 401 1105 462 uxuoancau

333 573 456 653 Tripoli
471 567 507 636 di
524 573 627 638 Suria.
665 573 717 639 cf.
733 576 857 654 Volney
874 577 971 662 Tem.
991 593 1022 640 e.
1037 597 1069 658 p.
1089 592 1169 658 aoy.
1207 572 1349 656 Troplour

327 675 433 738 scribit
447 676 596 739 Pococke
611 697 638 738 c.
657 678 680 740 l.
715 677 818 739 Distat
834 697 911 739 vero
928 677 968 737 ab
986 673 1117 759 antiqua
1132 675 1221 748 urbe,
1246 675 1297 740 eth
1312 674 1350 738 eu

328 777 401 839 latis
418 778 524 858 ampla
540 791 572 840 et
592 789 769 840 mercatura
786 779 887 841 floret.
919 779 1067 862 Pococke
1082 800 1110 841 c.
1130 780 1152 843 1.
1204 777 1350 858 Antiquae

327 881 442 941 rudera
481 877 717 960 conspiciuntur
756 897 824 941 non
855 881 969 962 procul
998 901 1016 941 a
1047 881 1150 941 fluvio
1176 879 1348 949 Eleutheto,

327 985 340 1058 (
347 981 380 1042 h.
395 980 499 1040 Nalm
514 980 540 1040 el
555 980 660 1057 Βανά)
687 981 786 1042 Shaw
804 988 836 1064 p'.
856 1001 911 1044 to.
930 1001 957 1044 c.
975 982 996 1043 l.
1049 981 1173 1044 Contra
1189 993 1296 1043 tamen
1310 999 1351 1041 re·

327 1081 463 1142 centiori
487 1095 591 1142 aetate
615 1081 755 1142 Browne
774 1083 808 1142 in
830 1081 943 1144 Reisen
965 1104 997 1165 p.
1016 1093 1098 1160 528.
1126 1081 1156 1144 se
1172 1083 1259 1142 nulla
1279 1081 1351 1144 anti·

325 1183 456 1265 quitatis
488 1182 619 1266 vestigia
653 1182 763 1244 vidiile
796 1184 958 1255 adfirmat;
999 1186 1150 1268 exiguam
1183 1181 1244 1244 elie
1273 1201 1353 1244 nuuc

325 1284 441 1346 urbem
464 1297 498 1345 et
518 1281 769 1364 infrequentem,
796 1287 994 1366 omninoque
1016 1285 1127 1364 Syriae
1147 1303 1238 1345 oram
1259 1284 1353 1368 magia

324 1387 491 1469 magisque
522 1383 696 1446 desolatam
733 1386 866 1470 negligi.
923 1387 1032 1449 Incola
1061 1388 1141 1448 olim
1165 1383 1354 1473 Tptrolirqt

323 1487 544 1567 (Stephanus)
568 1487 637 1557 vel,
663 1499 700 1545 ut
715 1489 806 1546 numi
825 1488 979 1568 produnt,
1003 1482 1229 1574 thrroltequt.
1265 1487 1353 1548 Plura

324 1586 442 1650 dehac
458 1586 535 1650 urbe
551 1588 690 1672 conlegit
704 1587 835 1673 Miguot
855 1589 944 1668 (vid.
961 1587 1072 1672 supra)
1092 1609 1124 1672 p.
1140 1589 1214 1670 246
1231 1587 1274 1672 lq.

402 1789 589 1874 Simyra)
640 1790 695 1853 Gr.
719 1787 765 1854 rai
786 1788 931 1880 Σὶμυρα.
975 1791 1112 1855 Ptolem.
1133 1801 1165 1870 5,
1187 1801 1245 1870 15.
1276 1790 1355 1854 Plio.

325 1904 359 1970 5,
381 1890 467 1968 17.i.
480 1909 538 1956 20.
577 1895 627 1955 De
642 1895 847 1975 corruptione
864 1895 896 1954 in
913 1893 1069 1956 Strabone
1087 1889 1212 1954 dictum
1227 1895 1262 1954 in
1275 1892 1355 1954 notia

324 1997 451 2058 criticis.
504 1994 685 2077 Stephanus
716 1992 861 2083 Σίμυρος
892 1994 991 2057 habet
1014 2009 1048 2056 et
1079 1990 1213 2082 Σῖμυρα
1244 2005 1355 2056 neutro

324 2115 452 2181 genere,
478 2095 534 2158 etfi
549 2097 703 2178 Simyram
717 2099 814 2160 etiam
832 2098 911 2157 dant
928 2095 1002 2156 libri
1017 2097 1168 2167 Pliniani,
1195 2110 1229 2159 et
1245 2098 1278 2157 iu
1293 2096 1355 2158 Ste-

322 2197 434 2279 phano
450 2195 575 2284 Ziquu
597 2211 630 2260 et
645 2189 764 2286 Ἴμυρα
783 2199 846 2260 huc
865 2199 1025 2280 pertinere
1039 2180 1202 2259 videntur.
1254 2198 1356 2260 Serua-

322 2318 425 2371 rueoe,
449 2299 586 2392 (Ἓξ)
612 2319 652 2361 ex
672 2298 842 2361 Chattanoi
863 2299 1001 2380 posteris,
1027 2300 1082 2380 qui
1104 2315 1356 2360 commemoran-

322 2411 375 2460 tur
393 2401 505 2464 Genel.
527 2383 581 2472 ro,
607 2411 662 2478 ¹8·
703 2421 716 2460 1
737 2401 859 2464 Chron.
881 2421 909 2470 a,
936 2401 990 2466 16.
1014 2399 1197 2462 conditores
1218 2396 1354 2460 habuiffe

321 2503 453 2582 quidam
475 2501 682 2584 suspicantur,
708 2515 745 2562 nt
760 2502 907 2564 Bochart.
925 2503 959 2561 in
977 2501 1099 2585 Phaleg
1112 2512 1146 2579 4,
1166 2513 1225 2580 37.
1260 2498 1355 2564 Cleri·

324 2623 379 2664 cue
395 2605 434 2663 ad
444 2601 557 2666 Genei.
573 2622 600 2664 c.
617 2603 639 2664 1.
665 2601 831 2664 Michaelie
846 2604 879 2662 in
894 2603 1009 2686 Geogr.
1023 2587 1106 2664 Ro.
1119 2623 1150 2684 p.
1162 2615 1223 2679 52.
1251 2602 1354 2664 Situm

322 2718 392 2766 erat
406 2705 469 2768 hoc
485 2705 548 2766 fiee
565 2689 738 2786 oppidani,
763 2703 825 2764 live
849 2703 1025 2773 castollum,
1050 2721 1127 2764 nam
1146 2701 1236 2766 varie
1253 2699 1354 2782 adpel-

321 2805 408 2877 lant,
434 2808 474 2868 ad
493 2806 703 2868 Eleutherum
718 2805 873 2878 fluvium,
897 2816 930 2867 et
948 2804 1024 2864 hinc
1040 2805 1074 2864 in
1093 2805 1235 2866 confinio
1257 2803 1355 2864 Phoe·

322 2907 409 2970 nicee
432 2924 466 2970 et
487 2909 609 2988 Syriae.
643 2903 851 2968 captorem.
870 2925 897 2967 c.
915 2905 935 2966 l.
962 2918 994 2967 et
1008 2925 1048 2966 ex
1064 2907 1260 2966 narrationis
1283 2902 1354 2964 serie

321 3008 444 3072 Plinius
458 3029 485 3073 c.
500 3009 521 3072 l.
545 3022 578 3072 et
595 3006 709 3070 Strabo
728 3005 782 3072 16.
800 3029 831 3090 p.
845 3017 928 3084 513.
946 3003 967 3068 i.
985 3018 1068 3085 753.
1094 3007 1151 3087 qui
1171 3007 1354 3068 Phoenicen

322 3113 558 3172 conterminum
574 3105 662 3171 facit.
698 3107 775 3170 Non
792 3109 891 3176 enim,
913 3119 950 3167 nt
964 3121 1059 3189 putat
1072 3107 1216 3170 ShawT.
1232 3124 1266 3172 u.
1280 3128 1312 3190 p.
1323 3117 1353 3182 Β.

322 3213 447 3290 Simyra
461 3214 495 3274 in
510 3213 607 3276 Coele
618 3211 709 3290 Syria
724 3223 757 3272 et
770 3229 828 3292 pro
846 3210 924 3270 inca
939 3208 1021 3270 male
1035 3207 1154 3290 posuit,
1180 3229 1244 3289 qua
1263 3208 1353 3269 Liha·

321 3333 384 3374 nuc
404 3315 550 3384 liniatur,
583 3332 657 3373 cum
680 3312 767 3372 hunc
788 3313 887 3372 etiarn
913 3329 1011 3390 usque
1030 3311 1070 3370 ad
1091 3310 1353 3390 promontorium

321 3413 590 3496 Theuprosopon,
606 3413 692 3473 haud
706 3413 817 3494 procul
827 3411 1063 3480 indediufitum,
1080 3409 1352 3474 extendatStraho

320 3517 377 3578 lib.
397 3517 451 3580 16.
472 3537 503 3599 p.
522 3527 605 3594 519.
627 3511 648 3576 i.
666 3523 750 3592 754.
792 3515 872 3575 Eiue
888 3513 998 3574 ruinae
1020 3513 1119 3578 hodie
1141 3512 1278 3572 Sumrult
1300 3528 1353 3571 vo·

320 3620 385 3680 cari
408 3622 453 3678 ait
478 3617 576 3680 Shaw
600 3633 627 3676 c.
653 3615 676 3678 l.
711 3615 752 3676 de
777 3634 840 3696 quo
866 3635 905 3676 er
934 3613 1196 3696 praecedentibus
1221 3609 1352 3673 iudicari

320 3719 427 3783 debet.
461 3719 669 3782 Coniecturae
689 3715 730 3779 de
751 3715 813 3778 fitu
835 3714 912 3780 lecit
932 3716 1031 3778 etiam
1050 3714 1221 3777 Maundrel
1243 3735 1277 3800 p.
1294 3721 1350 3792 alst

319 3816 394 3908 (ea.
420 3820 547 3908 1740·)

394 4021 641 4104 Marathos)
702 4022 757 4086 (ir.
783 4011 946 4109 qun905
971 4017 1145 4082 secundom
1171 4019 1348 4086 Arriano,

325 4137 381 4208 13.
400 4121 425 4190 f.
457 4123 629 4188 Alexandri
651 4124 701 4188 M.
723 4139 868 4212 tempore
892 4117 988 4203 πόλις
1008 4112 1145 4214 yraya‘lq
1171 4116 1224 4186 aui
1249 4111 1349 4186 tridui·
