2770 4954
314 372 405 478 '130
612 395 771 456 noran
811 398 1114 456 uxuorrrcar.

419 566 595 664 Exstat)
645 568 728 650 Apte
748 583 781 632 et
801 589 840 632 ex
859 567 919 632 919
940 569 1030 632 verbi
1050 589 1140 632 vero.
1189 568 1351 633 Nonenirn

344 675 429 738 valet
445 671 626 754 simpliciter
642 668 705 764 est,
730 669 783 734 led
800 684 836 732 ut
856 673 1019 754 adpareat,
1045 673 1081 733 in
1100 671 1207 734 oculor
1228 673 1351 742 incurrat,

345 777 495 842 emineat.

418 973 613 1060 parma)
661 973 788 1038 Parmae
814 975 968 1038 Numidia
999 977 1112 1038 vicinia
1144 975 1253 1036 tribuit
1274 975 1352 1034 eriam

346 1079 459 1142 Liviae
471 1091 529 1146 22,
545 1086 606 1156 48.
623 1077 668 1138 in.
695 1077 1004 1161 Carthaginienlibua
1017 1079 1128 1140 Suirlns
1138 1075 1171 1139 11.
1183 1097 1213 1136 v.
1236 1076 1350 1156 Clypeoa

345 1193 453 1244 autern
477 1177 555 1239 olim
580 1196 619 1238 err
641 1178 729 1238 corio
751 1179 889 1240 maxime
912 1177 1052 1239 bubulco
1073 1175 1214 1238 conlecta
1234 1174 1310 1236 inille
1327 1188 1352 1235 er

347 1282 489 1348 munita,
523 1277 640 1338 docent
665 1277 731 1338 loca
754 1279 887 1343 Homeri
906 1280 1009 1360 plura,
1041 1299 1120 1358 qnae
1144 1276 1352 1340 exhibuitlel·

347 1383 433 1448 thina
455 1381 487 1440 in
504 1380 624 1458 antiqu.
643 1379 773 1441 Homer.
790 1391 825 1457 4,
843 1392 878 1457 8.
899 1401 930 1462 p.
944 1401 989 1440 m.
1007 1381 1080 1458 466
1098 1377 1140 1459 lq.
1192 1379 1272 1439 llaec
1291 1395 1350 1437 uero

346 1501 431 1545 arma
445 1492 570 1540 caetras
590 1479 743 1560 adpellare
760 1479 910 1552 [olebant.
934 1493 969 1543 et
979 1479 1061 1544 Airia
1075 1479 1215 1541 maxime
1231 1477 1352 1544 tribuere.

347 1583 398 1644 uti
422 1581 590 1644 adfirmant
612 1581 743 1642 Servius
775 1582 814 1642 ari
846 1583 957 1665 Virgil.
984 1582 1064 1644 Aen.
1088 1601 1121 1658 7,
1148 1594 1231 1660 759.
1265 1577 1352 1639 litlot.

349 1684 440 1768 Orig.
463 1692 516 1759 13,
547 1695 601 1742 ra.
637 1679 804 1743 scholar
826 1683 967 1744 iuvenci.
989 1703 1041 1752 rr,
1070 1693 1150 1760 149.
1201 1681 1243 1742 Et
1262 1675 1352 1738 licluo

349 1799 495 1865 tempore
514 1781 643 1842 Mauroa
658 1781 823 1865 praecipue
837 1786 958 1866 equites
974 1803 1013 1846 cx
1028 1786 1115 1844 corio
1132 1801 1242 1866 919191
1257 1797 1352 1862 parona

349 1881 533 1969 coniecille,
558 1881 673 1964 quibua
688 1895 793 1945 torum
807 1903 907 1966 paene
922 1903 1034 1965 corpua
1048 1895 1208 1967 tegerent,
1231 1880 1353 1960 Adargas

351 1983 493 2070 iplonrm
506 1971 625 2067 lingua.
649 1985 776 2046 notavit
796 1985 835 2046 acl
854 1985 888 2048 h.
908 1985 931 2047 1.
953 1985 1155 2056 ciacconius,
1187 1982 1270 2043 unde
1285 1980 1354 2041 119111

350 2082 487 2151 Volliua.
538 2084 740 2148 inhibebant
762 2099 871 2147 autern
894 2087 1031 2148 maxime
1059 2085 1143 2147 coria
1171 2083 1354 2166 elephantina,

352 2201 385 2252 et
409 2186 541 2270 quidem
558 2198 698 2268 tergora,
724 2205 803 2267 qnae
822 2185 897 2248 lunt
917 2183 1093 2258 durillima,
1120 2198 1171 2256 et,
1198 2199 1232 2245 ut
1254 2177 1353 2244 Plinius

351 2285 458 2352 scribit
480 2307 534 2357 aa,
551 2299 610 2365 39.
626 2283 646 2348 1.
659 2299 718 2364 95.
738 2285 983 2367 impenetrabiles
997 2298 1122 2348 caetras
1138 2283 1263 2348 liabent.
1289 2283 1353 2343 ilinc

256 2385 259 2396 '
351 2390 447 2454 etiam
466 2385 628 2465 elephanti
650 2387 731 2446 corio
753 2389 976 2448 circumretitur
990 2388 1073 2470 apud
1094 2388 1242 2450 Plautum
1259 2387 1287 2444 in
1301 2377 1351 2443 nil.

351 2490 434 2574 glor.
453 2505 483 2556 a,
503 2503 534 2556 a.
551 2497 610 2562 89.
635 2485 676 2550 de
698 2487 830 2550 homine
850 2485 1057 2572 llupidillrnro
1074 2501 1106 2548 et
1123 2484 1279 2550 durillimo
1297 2483 1353 2542 dici·

350 2601 413 2652 tur.
457 2585 578 2649 Diserte
603 2587 637 2648 iri
659 2587 719 2648 de·
741 2589 930 2652 Maurorum
962 2590 1080 2670 clypeis
1110 2591 1252 2650 acllrrmat
1279 2589 1351 2646 erian

351 2689 464 2755 Strabo
492 2692 547 2763 1'7.
567 2709 599 2770 p.
618 2687 703 2768 569.
728 2687 748 2750 1.
769 2701 854 2767 998.
903 2689 1152 2754 5119199111.
1175 2689 1287 2750 [cuturn
1310 2685 1353 2745 ele·

217 2795 223 2808 “
351 2791 545 2874 phontinurn
569 2789 681 2850 tribuit
701 2791 862 2872 rlppianoa
884 2792 925 2853 de
948 2791 1014 2854 reb.
1031 2791 1113 2852 Pun.
1139 2811 1206 2872 cap.
1220 2787 1275 2868 46.
1317 2787 1350 2844 lle

352 2891 506 2954 Numidia
525 2889 559 2950 id
582 2889 709 2952 testatur
729 2891 850 2956 Sallust.
873 2893 907 2954 in
931 2891 967 2953 li.
988 2893 1058 2975 lug.
1073 2911 1100 2952 c.
1115 2903 1177 2975 94,
1200 2911 1228 2952 1.
1252 2888 1297 2950 etli
1314 2886 1352 2946 hic

353 2992 488 3056 omnino
510 2989 606 3052 habet
627 2990 725 3060 coria,
749 3004 787 3051 ut
809 2991 848 3054 de
867 2991 1175 3076 Carthaginiensium
1192 2985 1350 3054 Surrncl

353 3087 407 3156 Gi.
431 3093 526 3154 etium
550 3089 684 3170 Dionys.
716 3087 839 3155 Voll'rua
857 3097 896 3156 111
918 3093 978 3156 191.
1002 3090 1089 3156 Cael.
1109 3093 1151 3152 de
1171 3091 1207 3155 ll.
1230 3091 1265 3153 G.
1285 3111 1308 3158 r,
1329 3106 1349 3144 ¹·

352 3193 479 3257 Dantur
493 3193 571 3254 item
587 3189 733 3272 Hispania
749 3213 765 3254 9
781 3195 893 3256 Servio
909 3209 942 3256 er
958 3192 1115 3274 Hesychio
1132 3191 1154 3256 l.
1169 3214 1202 3255 v.
1225 3189 1349 3276 nnirpno

353 3307 388 3359 et
417 3294 493 3356 hinc
524 3293 689 3373 Spartacua
717 3295 847 3374 eiuaque
879 3297 987 3376 copiae
1022 3293 1106 3356 lcuta
1140 3294 1306 3356 habuerunt
1323 3305 1351 3347 ex

355 3397 480 3456 vimine
492 3395 585 3456 coriia
602 3405 698 3472 tecta,¹
723 3409 849 3464 1911919
864 3396 1018 3458 Frontino
1040 3415 1069 3466 1,
1086 3409 1119 3470 7,
1138 3397 1173 3460 6.
1199 3394 1253 3454 ubi
1268 3389 1349 3452 sinilia

354 3497 446 3580 plura
459 3488 613 3576 congellrt
626 3495 816 3559 Tennuliua.
860 3497 948 3558 Alioa
966 3495 1102 3579 populor
1116 3508 1281 3577 praetereo.
1312 3483 1348 3550 cf.

353 3595 502 3658 Bochart
525 3595 558 3654 in
578 3593 728 3658 Chanaan
748 3618 776 3667 1,
794 3608 855 3678 41.
880 3611 914 3662 et
928 3615 1008 3678 quoa
1029 3595 1180 3678 producit
1195 3589 1348 3658 l'iriicuain

354 3695 433 3762 Lex.
456 3695 576 3776 antiqu.
598 3696 638 3759 T.
661 3716 689 3758 1.
712 3717 744 3780 p.
762 3707 848 3775 aar.
881 3711 914 3760 er
932 3715 1011 3780 quae
1033 3697 1068 3760 in
1087 3698 1174 3760 notia
1196 3695 1297 3758 criticia
1312 3687 1348 3749 ad·

355 3795 458 3882 polui.
508 3795 694 3858 Perizonius
711 3811 818 3860 autern
835 3800 866 3860 in
882 3813 957 3860 nota
977 3811 1084 3880 putat,
1109 3797 1223 3860 Antaei
1239 3807 1347 3878 parmam

356 3910 429 3960 roto
444 3911 568 3980 tergore
590 3897 664 3976 pelli
679 3897 802 3961 exsecto
824 3898 1004 3969 conllirille,
1030 3901 1080 3962 911
1097 3899 1239 3964 Herculia
1252 3893 1350 3956 lautum

356 4017 397 4062 ex
412 3996 543 4059 Nemaei
561 3995 660 4058 leonia
674 3999 765 4078 pelle,
788 4003 858 4082 qnia
874 3993 953 4062 nulli
969 3998 1082 4062 habilia
1095 4001 1223 4062 dicatur.
1251 3999 1292 4058 De
1304 3989 1348 4052 tit·

355 4097 485 4186 pitantia
514 4095 621 4158 auteur
653 4097 868 4166 Mauretaniae
899 4099 939 4167 cl.
965 4099 1049 4166 Prin.
1069 4113 1101 4182 5.
1123 4119 1156 4166 a.
1179 4097 1249 4164 lt.
1278 4104 1346 4173 811·
