2764 4954
334 380 400 446 552
605 368 766 430 noran
806 371 1106 432 exnoearcne

336 543 526 607 confirmata
541 542 574 607 S.
596 543 631 606 S.
655 543 844 609 testimoniie
867 544 1070 634 gravissimis.
1106 545 1157 612 Ci.
1177 543 1284 611 (lenes.
1306 563 1353 616 ιο.

342 664 398 726 ι9.
427 645 565 710 Denter.
591 662 625 717 2.
649 660 783 724 15-
831 649 961 713 ineius
992 650 1051 711 litu
1076 652 1158 713 mire
1183 647 1354 712 dieseutiunt

337 759 493 810 auctores.
547 745 661 808 Noiier
687 750 721 808 in
746 747 923 812 Palaestina
950 753 1056 835 pouit.
1092 749 1353 834 Stephauueh.v.

285 879 289 882 ·
337 843 434 923 πόλις
456 845 622 936 Φοινίκης,
656 846 712 912 νῦν
733 844 767 912 δὲ
786 847 1009 940 Παλαιστίνης
1026 843 1089 940 πρὸ
1113 854 1173 938 τῇς
1189 841 1353 934 Αἰγύπτου.

336 949 391 1015 etfi
415 949 490 1012 alibi
509 948 530 1012 s.
548 969 581 1012 v.
603 941 692 1037 'lo‘ern
714 949 890 1032 promiscue
907 954 948 1017 de
970 969 1104 1037 utraque
1118 955 1249 1039 regione
1268 950 1356 1031 loqui·

337 1068 399 1115 tur.
428 1053 513 1113 Eum
526 1053 645 1133 repetit
660 1051 843 1116 Eustathiue
858 1055 899 1117 ad
909 1054 1042 1135 Dionys.
1050 1075 1083 1120 v.
1095 1073 1182 1136 910.
1206 1055 1243 1116 lu
1258 1052 1356 1114 ultima

335 1154 499 1218 Phoenice
535 1170 636 1235 prope
671 1153 852 1238 Aegyptum
881 1157 1068 1238 producitur
1099 1157 1139 1218 ah
1175 1155 1302 1219 drriauo
1323 1151 1355 1212 de

299 1273 301 1276 ·
337 1257 451 1337 expeti.
474 1253 565 1316 Alex.
585 1268 617 1324 Ω.
642 1256 700 1317 26.
718 1256 763 1317 in.
797 1257 831 1317 in
853 1255 1027 1320 Palaestina
1049 1256 1221 1340 alosepho
1243 1253 1356 1332 Amiqo.

337 1358 409 1437 lud.
429 1373 462 1434 9.
489 1369 544 1434 13,
564 1368 596 1434 5.
617 1370 652 1417 et
668 1347 760 1426 asibi'a
793 1357 828 1418 iu
841 1357 1036 1430 Palaestina,
1060 1379 1158 1441 quatu
1173 1371 1205 1421 et
1221 1357 1358 1419 Iudaeam

337 1447 448 1519 ¹iocari
471 1457 533 1527 ait,
560 1455 782 1519 aPtolemaao
799 1469 832 1536 5,
857 1461 913 1522 16.
960 1461 1097 1522 iudaeae
1115 1459 1273 1542 oppidum
1293 1453 1359 1515 dicit

336 1559 421 1622 Plin.
442 1574 497 1628 to,
519 1571 578 1634 32.
602 1556 624 1620 s.
646 1567 701 1636 tq.
728 1561 783 1640 qui
805 1571 914 1622 tamen
938 1561 971 1621 in
996 1560 1173 1623 Palaestina
1198 1559 1302 1643 ponit,
1330 1567 1360 1614 ut

338 1659 451 1722 Noster
468 1672 500 1737 5,
521 1667 576 1746 34.
589 1657 610 1721 s.
625 1673 681 1736 13.
716 1661 826 1738 Syriae
843 1659 955 1722 tribuit
970 1662 1131 1724 Plutarch.
1150 1663 1184 1722 in
1201 1661 1267 1722 vita
1283 1657 1359 1720 Alex.

339 1780 409 1843 cap.
429 1772 488 1838 25.
519 1774 552 1822 et
569 1760 609 1821 fic
634 1759 725 1824 Gaza
741 1760 850 1844 δγήαο
869 1761 986 1847 iegitur
1006 1765 1040 1824 in
1061 1761 1267 1848 inscriptione
1287 1757 1361 1839 apud

338 1861 523 1926 Reinesrum
541 1873 575 1940 8,
595 1876 654 1936 77.
706 1861 754 1922 Ex
775 1880 839 1944 quo
862 1865 993 1945 quidem
1018 1865 1167 1948 adparet,
1193 1881 1287 1945 quam
1302 1859 1361 1918 lane

340 1983 485 2048 vageque
502 1965 579 2026 finee
595 1963 720 2024 illarum
739 1965 910 2049 regionum
927 1965 1165 2035 constituerint,
1193 1976 1360 2045 temporum

339 2069 438 2126 etiam
461 2084 648 2147 rerumque,
676 2077 711 2124 ot
732 2063 847 2136 solent,
874 2065 1097 2128 conversiones
1120 2064 1230 2128 secuti.
1279 2062 1361 2124 Certe

340 2169 522 2238 Anacaeoe,
546 2165 707 2263 (mm)
740 2169 794 2248 qui
811 2166 970 2229 Philisiini
993 2164 1014 2229 s.
1039 2167 1218 2230 Phoenicen
1238 2161 1361 2226 suentana

341 2269 421 2330 olim
439 2269 522 2329 hatte
537 2268 669 2329 tenuisse
688 2267 819 2348 adparet
834 2289 872 2329 ex
890 2267 982 2330 losua
1000 2287 1054 2340 ιι,
1075 2281 1129 2344 ι5.
1156 2266 1209 2331 (is.
1227 2263 1360 2327 Bochan.

339 2369 375 2429 in
399 2367 557 2430 Chanaan
585 2388 614 2438 a,
644 2388 674 2432 r.
726 2368 904 2430 Phoenices
927 2382 1035 2428 autem
1056 2381 1183 2452 partem
1206 2387 1225 2428 a
1248 2363 1362 2427 Graecia

340 2467 551 2531 Palaestinam
565 2483 714 2532 vocatam
732 2467 801 2539 esse.
829 2483 924 2532 notat
938 2468 1090 2552 losephue
1106 2471 1139 2530 in
1161 2463 1283 2550 anfiqu.
1302 2462 1360 2524 lud.

346 2589 376 2640 ι,
394 2570 426 2639 6.
444 2585 477 2631 2.
516 2569 627 2649 Syriae
648 2581 757 2630 autem
776 2569 851 2632 urba
872 2584 1022 2641 vocatur,
1049 2572 1134 2652 quod
1158 2571 1206 2632 illi
1221 2565 1362 2652 tuguluu

278 2729 281 2735 Α
343 2667 561 2753 adscripscrat,
587 2684 716 2733 auctore
732 2669 868 2754 Iosepho
890 2691 943 2750 ¹7·
967 2682 1069 2750 amq.
1087 2691 1114 2733 c.
1131 2671 1153 2734 l.
1193 2667 1362 2734 Ammiu-

341 2785 455 2834 movet
472 2773 592 2834 dnian.
609 2792 636 2836 c.
654 2772 676 2834 i.
700 2787 746 2835 uo
766 2771 879 2844 iladiis,
898 2772 1012 2836 Strabo
1028 2793 1046 2832 a
1063 2773 1266 2835 Gazaeorum
1281 2779 1362 2850 portu

341 2885 469 2934 tantum
487 2888 520 2946 7.
543 2873 618 2950 (lib.
634 2874 690 2938 26.
703 2893 735 2956 p.
753 2886 837 2951 522.
853 2872 874 2938 s.
890 2877 993 2954 759.)
1017 2893 1114 2955 qnam
1129 2869 1362 2955 discrepantiam

342 2974 383 3036 stc
405 2976 572 3056 componit
594 2975 749 3038 Cellariua
773 2977 806 3036 in
830 2975 948 3059 Geogr.
971 2987 1042 3038 ant.
1056 2990 1089 3054 3,
1108 2987 1140 3054 5,
1159 2991 1244 3056 217.
1279 2981 1313 3030 nt
1331 2983 1363 3027 el

343 3075 557 3157 amplitudine
574 3075 661 3138 urbia
676 3089 709 3137 et
720 3075 926 3138 dimensionis
940 3077 1086 3139 terminia
1100 3075 1238 3161 intelligi
1252 3070 1363 3133 debeat.

344 3176 490 3239 Omnino
511 3189 620 3238 autem
637 3178 790 3238 viciniam
808 3177 905 3239 maria
923 3177 1043 3238 indicat
1065 3191 1187 3260 portua,
1213 3176 1299 3237 cuiue
1317 3188 1362 3230 nu·

344 3296 420 3338 men
437 3277 621 3360 posteriores
636 3275 740 3339 serunt
752 3278 929 3366 alsujnmos,
947 3279 1129 3354 (Sozonteo.
1144 3277 1216 3341 hisi.
1227 3289 1259 3354 5,
1271 3287 1301 3352 3·
1312 3263 1364 3344 -·)

345 3380 432 3438 nude
456 3377 683 3442 Constantiana
703 3378 751 3440 M.
775 3381 887 3439 urbem
905 3376 979 3440 seuit
1000 3377 1257 3472 Constantinam.
1279 3385 1363 3455 quam

346 3491 466 3548 tamen,
489 3479 619 3542 ademto
634 3481 774 3542 civitatis
789 3481 866 3550 iure,
882 3482 1080 3540 maritimam
1090 3479 1289 3542 Gazaeoruru
1302 3487 1363 3550 pacr-

347 3591 409 3642 tem
427 3580 578 3662 adpellari
593 3582 711 3642 noluit.
738 3571 951 3658 (sozomenus
965 3600 992 3642 c.
1010 3581 1031 3643 l.
1054 3597 1086 3642 et
1101 3599 1183 3662 quoe
1196 3581 1363 3641 memorati

347 3681 510 3742 Relandue
532 3683 565 3740 in
589 3680 764 3742 Palaestina
787 3682 843 3745 lib.
864 3695 898 3760 5.
922 3703 953 3764 p.
971 3701 1015 3743 m.
1034 3683 1119 3758 556.
1143 3695 1177 3742 et
1192 3675 1315 3742 Peuael.
1330 3667 1364 3728 ad

346 3782 493 3845 Strabun.
514 3783 554 3843 Τ.
579 3792 612 3862 4.
636 3803 668 3864 p.
693 3797 759 3860 231
775 3787 817 3860 ι.)
868 3783 952 3844 Hinc
973 3801 1050 3844 vero
1074 3781 1188 3844 urbem
1213 3769 1363 3866 παραλίαν

348 3879 461 3964 passam
487 3896 580 3942 vocat
602 3881 765 3964 Iosophat,
791 3895 827 3942 ut
848 3883 888 3944 de
904 3883 942 3945 B.
962 3885 1031 3944 lud.
1055 3903 1084 3956 1,
1101 3899 1134 3958 7,
1152 3899 1187 3960 7.
1222 3903 1251 3952 ι,
1268 3895 1320 3944 Ωο,
1336 3883 1361 3948 3·

350 4001 423 4042 cum
440 3983 533 4052 allai·
559 3997 592 4043 et
608 3981 743 4046 seorsum
759 3983 862 4065 posito
882 3997 994 4065 portu.
1021 3987 1054 4045 in
1077 3981 1309 4047 mediterraneis
1325 3991 1362 4031 re·

350 4081 554 4146 censealnra
582 4084 770 4147 Ptolemaeo
798 4095 832 4161 5,
860 4086 915 4149 16.
979 4086 1101 4168 Quodsi
1132 4089 1260 4170 propina
1286 4079 1362 4138 suunt
