2922 4958
308 373 371 454 640
578 380 740 440 raom
780 383 1085 442 zxnonrtctn

309 571 391 636 quor
412 567 582 618 memorat.
632 555 683 618 De
705 557 829 641 origine
852 557 944 618 duvii
958 571 992 618 et
1011 555 1155 619 sontibus
1169 557 1278 618 variae
1297 577 1346 618 ex·

308 653 388 719 stant
413 671 561 718 veterum
584 659 787 722 narrationes.
826 657 940 722 Noller
956 659 1046 720 illum
1064 661 1193 721 deducit
1211 679 1253 718 ex
1270 659 1347 718 lihi-

307 775 389 841 paeo
408 773 538 826 monte.
564 769 600 818 ut
615 759 698 820 Plin.
713 771 748 838 4.
767 771 827 841 24.
844 757 866 822 s.
885 777 939 824 19.
967 761 1087 822 Lucan.
1108 775 1139 839 5.
1157 775 1242 834 979.
1270 759 1348 820 1²1.-

308 877 380 940 cop.
396 859 437 922 de
457 859 492 922 Β.
510 859 610 922 Goth.
628 869 663 940 4.
685 861 719 923 6.
761 863 874 924 Sidon.
893 863 1066 945 Apollinar.
1090 882 1186 924 carm.
1203 876 1237 930 9,
1260 874 1348 940 943.

310 959 483 1022 lornandea
499 961 538 1022 de
551 959 646 1023 rebor
662 961 781 1024 Geticis
795 983 861 1044 cap.
881 966 936 1027 16.
963 984 1002 1024 ex
1017 963 1092 1024 firus
1106 963 1347 1042 comparatione

308 1059 560 1138 Ptolenraeuag.
578 1073 610 1139 5.
633 1063 758 1144 aliique.
809 1065 892 1126 Sunt
911 1083 1022 1146 porro.
1052 1065 1166 1144 quiex
1190 1062 1347 1124 caucam·

308 1163 475 1226 montibus
497 1163 550 1222 edi
570 1161 719 1235 scribant,
753 1178 788 1225 ut
809 1165 1023 1247 Theophanen
1044 1165 1127 1246 apud
1152 1163 1347 1230 Strabonem

313 1283 368 1328 rr.
390 1283 422 1346 p.
441 1275 522 1344 540.
540 1261 560 1327 s.
576 1275 662 1344 493.
702 1265 835 1346 Dionys.
860 1287 892 1329 r.
909 1267 993 1344 663.
1028 1265 1175 1329 Priscian.
1198 1285 1232 1328 r.
1254 1265 1345 1342 655.

308 1362 383 1450 (etsr
406 1365 479 1426 libri
501 1365 632 1447 quidam
653 1367 816 1450 Rhipaeae
842 1381 969 1430 montes
993 1363 1194 1450 praeferunt)
1226 1365 1344 1426 Arien.

306 1485 340 1528 v.
364 1467 449 1543 861.
482 1467 642 1530 Ammian.
665 1485 724 1540 99,
747 1479 781 1545 8.
826 1469 890 1531 Alii
914 1489 954 1531 ert
982 1471 1082 1532 Araxe
1113 1469 1276 1537 derivant,
1307 1481 1345 1526 ut

302 1565 462 1632 Arillotel.
485 1567 654 1632 Meteorol.
675 1591 704 1642 1,
731 1584 786 1649 13.
819 1569 965 1652 Orpheus
986 1573 1106 1654 Argon.
1128 1590 1162 1632 r.
1185 1579 1257 1646 747
1278 1565 1343 1648 sqq.

304 1667 515 1748 Scymnuain
536 1667 647 1755 fragm.
668 1693 702 1734 v.
723 1683 781 1748 98.
814 1691 996 1750 anonymus
1028 1672 1063 1732 in
1091 1669 1215 1752 periplo
1242 1669 1343 1729 Ponti

304 1789 377 1854 pag.
393 1778 427 1852 4.
446 1767 545 1834 Huds.
589 1770 731 1858 Nempe.
759 1775 844 1854 quod
866 1775 959 1834 tradit
974 1772 1155 1834 Aristoteles
1171 1769 1341 1832 Meteorol.

311 1885 421 1950 r.13.
451 1892 520 1954 pare
546 1871 589 1934 ell
614 1875 740 1946 Araxis,
777 1893 818 1936 ex
845 1893 908 1956 quo
940 1873 1098 1936 seiunctus
1128 1874 1161 1932 in
1189 1872 1340 1953 paludem

305 1971 450 2058 perlinit,
483 1973 570 2036 unde
594 1988 628 2036 et
649 1976 763 2038 Anien.
785 1995 817 2039 v.
835 1989 892 2055 30.
916 1975 956 2037 de
973 1975 1074 2036 Tanai
1097 1974 1193 2034 dicitr
1222 1963 1275 2062 sci
1303 1993 1342 2032 us

302 2075 430 2138 Araxen
445 2075 535 2156 prius
549 2095 691 2160 aequore.
742 2077 783 2139 lt
797 2077 859 2138 hoc
875 2096 988 2137 verum
1004 2075 1145 2138 essenon
1161 2071 1255 2156 posse.
1282 2071 1342 2134 nih

302 2177 419 2240 Araxes
433 2175 472 2238 de
487 2175 558 2238 Rha
570 2173 605 2240 sl.
627 2178 782 2264 (Wolga)
803 2177 1005 2262 intelligatur.
1035 2177 1144 2238 docuit
1163 2170 1284 2236 Voffiua
1299 2176 1340 2234 ad

303 2275 424 2340 Melam
441 2290 473 2356 5.
491 2288 523 2356 5.
544 2286 579 2360 4.
631 2281 717 2341 Tum
733 2297 809 2342 vero
828 2279 867 2340 de
883 2275 954 2340 soll'a
977 2279 1111 2361 intelligi
1128 2275 1232 2344 dehet.
1259 2293 1340 2356 quae

302 2375 423 2442 flumen
439 2379 509 2440 llha
529 2399 602 2442 cum
619 2381 719 2442 Tanai
738 2379 974 2450 committebat,
1000 2399 1018 2440 a
1037 2378 1224 2456 Scytharum
1243 2374 1340 2438 servir

301 2475 381 2540 sacta
407 2491 439 2540 et
464 2479 502 2540 ab
531 2481 695 2544 Herodoto
722 2495 896 2542 memorata
917 2491 950 2560 4.
978 2493 1011 2558 3.
1055 2477 1106 2542 cf.
1131 2477 1276 2538 Bouhier
1302 2479 1337 2536 in

301 2577 416 2642 dissert.
433 2577 552 2641 Herod.
570 2599 595 2643 0.
617 2583 650 2646 6.
668 2603 699 2664 p.
723 2599 802 2662 ¹9¹·
833 2595 866 2644 et
881 2578 1076 2644 Wernedors.
1094 2579 1131 2641 ad
1148 2580 1300 2640 driemc.
1314 2578 1337 2640 l.

301 2681 345 2746 At
361 2676 445 2750 salso,
470 2679 595 2762 opinor,
614 2683 803 2763 Scytharum
819 2682 871 2744 illa
885 2680 957 2744 solla
973 2681 1036 2742 huc
1050 2679 1192 2748 refertur,
1216 2681 1337 2760 quippo

300 2801 395 2866 quam
412 2779 451 2842 ab
467 2781 577 2852 altera.
604 2803 720 2866 nempe
737 2783 866 2846 occidua
883 2783 1052 2844 Maeotidis
1069 2796 1155 2864 parte
1172 2802 1188 2841 a
1204 2781 1339 2840 Taurica

302 2879 497 2948 Chersoneso
519 2879 607 2946 soille
631 2883 700 2948 satie
722 2885 801 2946 clare
823 2885 949 2966 adparet
970 2903 1008 2944 ex
1032 2885 1198 2945 Herodoto
1215 2891 1250 2957 4.
1275 2897 1336 2942 90.

301 3005 434 3068 eamque
462 2983 559 3066 ipsam
582 2985 659 3058 else.
698 3007 792 3068 quam
817 2985 886 3068 poll
917 2984 1063 3046 obrutam
1091 2985 1179 3044 etin
1206 2980 1336 3043 densam

300 3087 411 3150 silvam
434 3083 615 3148 conversam
645 3087 704 3150 esse
727 3103 827 3148 narrat
849 3085 1046 3150 Constantio.
1069 3085 1271 3166 Porphyrog.
1294 3085 1337 3144 do

301 3185 473 3250 adminillr.
499 3189 624 3268 imperii
648 3209 714 3271 cap.
733 3200 791 3270 49.
819 3199 852 3248 et
874 3200 985 3248 monet
1007 3189 1043 3248 ad
1065 3187 1219 3246 Herodot.
1241 3195 1276 3262 4.
1299 3197 1335 3256 5.

300 3289 483 3372 Well'eling.
532 3287 644 3370 Neque
661 3289 735 3350 hinc
756 3291 881 3350 alteram
898 3285 1006 3348 solsam
1029 3286 1220 3369 dehgnatam
1236 3283 1336 3344 hodie

299 3391 425 3453 inveni.
460 3385 510 3452 Cs.
528 3388 696 3472 Busching.
713 3391 754 3454 Τ.
774 3411 801 3452 1.
818 3391 853 3452 Ρ.
870 3411 897 3452 t.
913 3389 1027 3472 (leogr.
1044 3409 1075 3469 p.
1092 3405 1134 3446 m.
1150 3401 1232 3464 705.
1268 3385 1335 3446 Alii

300 3493 439 3574 denique
452 3509 492 3552 ex
506 3489 586 3552 valla
608 3491 720 3572 palude
735 3489 895 3560 arcessunt.
922 3491 1010 3551 cuiue
1032 3489 1185 3549 termium
1200 3483 1335 3548 describi

301 3607 455 3676 nequeat,
490 3605 525 3652 ut
540 3591 697 3654 Herodot.
716 3603 751 3670 4,
774 3605 836 3668 57.¹
865 3593 953 3654 cuim
985 3589 1168 3650 sententium
1192 3587 1335 3648 reddunt

299 3697 420 3760 Arriae.
439 3713 466 3756 c.
489 3692 511 3756 l.
547 3692 686 3754 Eullath.
710 3696 748 3753 ad
774 3691 906 3773 Dionys.
928 3713 961 3754 v.
988 3701 1041 3768 14.
1067 3704 1100 3750 et
1124 3689 1254 3770 Ephoro
1278 3690 1337 3746 tri·

299 3795 402 3858 buunt
418 3795 575 3876 Scymnue
590 3807 622 3854 et
637 3813 816 3873 anonymus
830 3814 857 3856 c.
867 3813 893 3856 c.
908 3793 929 3854 l.
940 3792 961 3854 l.
995 3791 1178 3873 Incognitos
1195 3791 1333 3850 omnino

297 3900 365 3961 eiua
388 3895 491 3960 sontee
511 3893 572 3958 else
594 3899 779 3978 pronuntiat
802 3895 913 3956 Strabo
934 3912 988 3956 rr.
1011 3911 1080 3974 pag.
1100 3903 1183 3969 539.
1208 3888 1226 3948 s.
1243 3899 1331 3967 492.

299 4001 372 4081 quia
393 3997 456 4082 ipsa
479 4011 558 4060 terra
577 3999 658 4060 ultra
679 3998 802 4058 Tanain
822 3995 857 4056 ht
878 3995 1055 4078 incognita;
1088 3991 1332 4074 0160441100-

297 4119 427 4172 ment.
451 4109 506 4178 14.
545 4097 722 4162 Marcianus
746 4117 814 4183 pag.
837 4109 896 4175 55.
924 4093 1023 4158 Huds.
1076 4093 1198 4156 Omnee
1223 4106 1331 4152 tamen

298 4200 425 4272 illarum
447 4201 616 4288 regionum
637 4201 757 4286 periton
778 4219 795 4262 a
817 4196 1042 4284 septemtrione
1062 4213 1139 4261 eum
1161 4194 1329 4262 deducere.
