2756 4964
340 409 403 476 nn
608 397 769 457 norea
808 397 1110 459 axaeatroaa

202 562 210 584 ¹
341 591 462 636 nomen
487 571 580 654 plane
605 569 808 654 praeteriisse,
843 573 961 654 qnippe
993 574 1084 636 cuiue
1116 585 1214 636 tenue
1244 581 1323 634 tantu

341 674 437 756 ipsius
452 686 552 734 aetate
568 674 737 757 vestigium
752 671 949 756 superfuerit.
992 673 1137 758 Speciosa
1150 675 1244 744 ratio,
1263 675 1309 734 cui
1324 589 1345 746 Ξ

342 775 447 857 solum
468 787 622 836 monente
639 775 775 837 Cellario
794 777 829 836 in
850 775 967 860 Geogr.
987 789 1051 839 ant.
1076 791 1109 847 a,
1135 795 1165 847 ι,
1184 773 1239 854 36.
1261 773 1337 836 obsta

343 877 430 960 quod
446 876 552 937 Plinio
569 875 756 958 posteriores
773 895 841 938 earn
856 890 1126 946 commemorant.
1152 876 1252 938 veluti
1267 873 1332 936 Ptol

343 997 452 1042 maeno
471 995 502 1046 a,
523 987 557 1054 4.
591 977 769 1054 silancianua
785 997 817 1059 p.
835 991 893 1057 39.
914 975 1016 1041 Huds.
1044 979 1160 1062 Geogr.
1180 978 1316 1038 Ravenu.

344 1091 404 1164 42.
420 1077 444 1145 s.
479 1077 652 1164 Gregorius
666 1079 789 1143 Toron.
810 1095 841 1149 a.
860 1093 893 1140 ι.
910 1076 933 1141 s.
955 1099 988 1160 p.
1006 1091 1066 1160 45.
1087 1081 1139 1142 ed.
1154 1079 1293 1142 Ruinart.
1324 979 1347 1150 ἦ

345 1179 557 1264 siprobetur‚
590 1179 726 1263 intelligi
748 1180 824 1242 inde
843 1176 955 1261 poffit,
989 1199 1044 1241 cnr
1070 1180 1181 1262 Tingis
1203 1179 1347 1240 inloto

345 1285 418 1346 itin.
437 1304 469 1366 p.
489 1296 522 1362 3.
538 1294 570 1344 et
587 1293 643 1362 alp.
678 1281 713 1340 iu
732 1279 848 1365 Geogr.
868 1281 1016 1344 Ravenn.
1043 1295 1076 1360 3,
1103 1299 1160 1346 ιι.
1181 1280 1300 1342 colonia
1318 1191 1348 1352 a}

345 1385 499 1470 pelletur,
531 1383 565 1443 in
588 1381 746 1444 Martiano
768 1380 846 1464 Cap.
861 1380 894 1445 6.
915 1403 947 1463 p.
969 1395 1052 1460 215.
1072 1381 1194 1445 colurna
1213 1380 1335 1443 llsouret

345 1487 418 1550 uine
440 1475 668 1574 Caesarieusts‚
694 1502 773 1565 quae
794 1483 873 1544 olim
891 1501 959 1546 non
981 1481 1054 1546 suit.
1107 1484 1189 1546 lude
1204 1500 1294 1566 porro
1314 1391 1349 1544 ati

346 1585 513 1652 difficulter
528 1604 568 1646 ex
584 1583 820 1663 Ptolemaeei„
841 1604 870 1646 ι.
894 1597 983 1646 mota
997 1585 1136 1656 tollitur,
1163 1586 1240 1646 dum
1256 1581 1349 1644 scribit

346 1686 475 1772 Τίγγις,
502 1681 523 1774 ij
546 1679 600 1748 nol
622 1677 818 1771 Καισάρεια,
844 1703 902 1767 pro
923 1704 987 1767 quo
1003 1681 1127 1750 Voffiue
1149 1685 1190 1746 ad
1209 1683 1350 1750 Melams

349 1789 382 1862 6,
411 1809 445 1869 9.
479 1785 668 1851 emendabat
703 1784 904 1874 lintrpnpt'o‚
942 1807 984 1848 ne
1014 1789 1188 1872 Tingitana
1216 1781 1350 1870 provinoi

349 1891 439 1954 stmul
454 1887 654 1954 Caesariensis
674 1889 781 1970 inepte
797 1889 880 1949 dicta
896 1887 1068 1950 videretur.
1122 1888 1248 1970 Nempe
1263 1901 1351 1970 cogno

348 2013 425 2058 men
449 1991 526 2052 illud
544 1989 660 2073 spectat
679 1990 831 2052 deductae
853 1988 994 2051 coloniae
1014 2003 1189 2061 auctorem.
1211 1987 1352 2078 Claudiae

349 2093 523 2158 Caesarem.
574 2091 669 2152 Forte
691 2091 787 2152 etiam
806 2089 884 2150 hinc
898 2088 1112 2154 Mauretaniae
1127 2110 1199 2174 pata
1216 2089 1352 2154 aClaudil

349 2196 501 2278 adpellata
517 2191 570 2263 eti.
593 2203 629 2252 ot
643 2190 803 2253 coloniam
818 2189 903 2252 suam
917 2189 1103 2254 inlustraret.
1141 2193 1236 2254 Pluto
1250 2189 1352 2252 varod

350 2317 387 2361 ea
409 2295 487 2358 urbe
505 2291 628 2356 dabunt
647 2291 776 2355 Aldrete
795 2293 829 2352 in
853 2291 1078 2376 antiguedadea
1097 2293 1138 2356 de
1155 2289 1272 2374 Espar‘n
1287 2298 1317 2372 4.
1339 2297 1353 2366 3

350 2419 383 2481 p.
401 2407 474 2476 495
492 2394 534 2476 sq.
557 2392 741 2477 (ilntwerp.
763 2389 888 2474 1614.)
924 2405 956 2453 et
982 2392 1140 2457 Saldenue
1165 2394 1205 2456 ad
1228 2407 1353 2454 marmor

352 2498 460 2560 Orion.
480 2517 513 2580 p.
535 2505 615 2573 141.
660 2493 767 2556 Hodie
786 2493 910 2574 Tunger
923 2492 982 2556 esse
997 2495 1148 2560 creditur.
1175 2492 1227 2560 Cf.
1243 2491 1354 2558 Chauie

351 2599 392 2664 T.
415 2619 444 2663 t.
465 2612 574 2682 p.7o.
596 2615 623 2660 c.
644 2595 667 2658 l.

426 2811 629 2883 perpetu
642 2821 658 2861 s
666 2797 685 2880 )
734 2797 871 2860 Mirifice
899 2797 981 2862 hanc
1009 2799 1274 2882 compositionem
1298 2815 1354 2860 amr

353 2904 438 2966 Mela
452 2905 486 2964 in
502 2901 644 2986 augenda
660 2900 890 2962 vocabulorum
905 2901 1141 2985 significatione,
1164 2903 1274 2964 rariori
1287 2903 1354 2961 etiar

353 3004 421 3068 usu.
459 3003 611 3084 Exempla
629 3001 700 3063 sunt
714 2999 809 3064 obvia
822 3015 855 3063 et
869 3004 903 3062 in
919 3003 1024 3064 indice
1039 3001 1209 3084 proposita.
1247 3005 1294 3065 Ex
1312 2999 1354 3060 alii

354 3107 482 3177 similia,
514 3106 627 3166 rariora
644 3104 755 3173 etiam,
778 3105 954 3164 excitarunt
973 3105 1112 3165 Tennul.
1129 3105 1171 3164 ad
1190 3105 1354 3175 frontinz

361 3225 415 3278 ro,
438 3229 466 3271 1.
492 3207 644 3271 Staveren
658 3203 696 3264 ad
714 3203 829 3286 Nepot.
849 3205 904 3274 16,
923 3217 954 3282 3.
974 3221 1005 3265 a.
1028 3218 1061 3267 et
1075 3203 1240 3268 recensent
1253 3203 1354 3265 Lexicr

357 3311 460 3372 veluti
481 3297 732 3396 perspeculatus,
762 3303 1003 3387 perimpeditus‚
1030 3319 1236 3388 parmarum,
1264 3292 1354 3394 perfer

356 3431 441 3484 vere,
465 3399 659 3499 perfortiter.
678 3437 729 3455 -

434 3615 464 3674 A
474 3625 592 3674 ntaeo
600 3607 618 3692 )
669 3610 743 3672 Fuit
764 3608 867 3672 vallor
892 3611 996 3694 gigas,
1028 3629 1126 3691 quem
1145 3611 1261 3674 Terrae
1284 3607 1354 3670 filiut

358 3711 572 3783 sationalis,
605 3711 656 3774 alii
682 3711 844 3794 Neptuni,
877 3730 956 3792 quoa
981 3723 1137 3772 memorat
1170 3713 1354 3772 Staverena

360 3817 482 3898 llygin.
495 3813 556 3875 sab.
573 3827 631 3889 δι.
645 3833 677 3893 p.
697 3825 755 3890 83.
807 3814 921 3875 Terrae
937 3813 1037 3874 filiurn
1053 3825 1138 3872 tecte
1156 3812 1323 3892 Procopius
1339 3807 1354 3864 d

358 3917 398 3978 it.
416 3915 544 3976 Vandal.
566 3931 597 3982 a.
620 3931 675 3976 to.
699 3914 775 3972 intle
798 3915 946 3993 explicat,
980 3915 1065 3994 quod
1090 3903 1306 3997 αὐτοχθόνων
1326 3925 1354 3968 re

361 4016 475 4088 suerit;
500 4035 539 4076 ex
562 4011 683 4074 fabulae
703 4027 890 4098 argumento
906 4015 1091 4096 Apollodor.
1110 4029 1142 4084 ι,
1161 4027 1194 4092 5,
1218 4033 1272 4076 ιι.
1307 4009 1354 4070 Est

361 4120 487 4201 corpori
508 4116 745 4201 longitudinem
763 4115 809 4180 oo
826 4113 1008 4178 cubitorum
1027 4115 1171 4178 tribuunt
1189 4115 1325 4198 quidam.
1347 4109 1354 4168 i
