2764 4954
310 341 373 420 53⁶
581 341 740 398 Norae
782 342 1083 404 uxaenrrcaa

310 507 552 606 Mesopotamia
572 515 704 594 propria
728 527 761 576 et
782 514 901 578 Arabia
921 517 1140 591 Scenitarum,
1174 521 1216 584 de
1238 519 1345 603 quibua

309 618 464 702 prolixius
501 614 647 698 exposuit
679 615 847 678 cellarius,
867 620 900 679 in
929 619 1047 703 Geogr.
1074 635 1142 684 ant.
1171 638 1204 703 3,
1234 637 1288 700 15.
1314 639 1342 684 2.

310 719 418 802 ipsum
436 736 513 778 vero
534 736 657 778 nomen
678 719 806 802 vulgare
824 721 1012 782 adiunctum
1036 723 1164 804 Syriae,
1194 725 1295 786 veluti
1316 725 1345 782 in

310 821 521 886 Alexandrina
543 818 717 879 bibliorum
739 822 1011 902 interpretatione,
1041 827 1143 886 rarius
1160 827 1195 886 in
1214 825 1345 909 Vulgata.

313 924 375 985 Sed
395 937 425 984 et
442 923 490 1004 ita
506 921 622 1002 legitur
637 921 671 980 in
687 921 852 984 Aristotele
866 925 906 986 de
922 925 1058 986 mirabil.
1076 925 1210 988 auscult.
1229 947 1256 990 e.
1275 929 1345 988 161.

312 1025 420 1087 Incola
452 1023 568 1082 dicitur
595 1019 874 1111 Μεσοποταμίτης
904 1025 987 1106 apud
1014 1027 1170 1108 Stephan.
1195 1048 1223 1090 c.
1246 1028 1268 1090 i.
1315 1027 1347 1086 ln

311 1124 497 1209 fragmentis
512 1136 618 1184 tamen
629 1123 763 1184 Sallustii
779 1145 818 1186 ex
832 1123 939 1209 glossae
952 1127 986 1186 in
1003 1127 1194 1190 iuvenalem
1204 1149 1236 1210 p.
1251 1143 1347 1190 1012.

314 1229 385 1303 (ed.
414 1226 524 1300 Cart.)
552 1225 688 1284 occurrit
719 1227 815 1286 etiam
846 1218 1123 1318 Mesopotamenir
1169 1233 1204 1290 in
1232 1227 1348 1310 Vopisci

312 1328 482 1391 Aureliano
505 1345 571 1406 cap.
594 1346 648 1406 ιι.Ι
670 1317 910 1416 Mesopotamii.
949 1329 1037 1392 Situe
1059 1328 1131 1394 satie
1155 1352 1197 1392 ex
1217 1329 1279 1412 ipsa
1300 1347 1349 1389 no·

311 1429 410 1490 minis
437 1428 648 1508 explicatione
675 1425 812 1490 discitur.
866 1429 1036 1511 Superior,
1073 1451 1154 1511 quae
1183 1431 1348 1497 dicebatur,

313 1527 583 1610 complectebatur
606 1529 755 1613 regiones
779 1531 1064 1614 Transtigritanas,
1099 1547 1137 1592 ut
1163 1533 1292 1614 adparet
1316 1550 1350 1590 ex

228 1643 234 1666 ‘
312 1651 388 1714 pace
406 1631 568 1692 loviniani
583 1650 657 1690 cum
672 1629 787 1700 Persia,
814 1631 1026 1694 licontulerie
1044 1635 1188 1695 invicem
1209 1633 1349 1696 Orol'ium

317 1747 350 1808 7,
370 1748 428 1810 51.
455 1733 662 1792 Ammianum
679 1743 737 1806 25,
755 1748 787 1807 7.
808 1747 840 1792 et
850 1733 1047 1816 Eutropium
1068 1755 1122 1807 to,
1145 1751 1204 1814 17.
1239 1733 1349 1800 Hodie,

312 1833 372 1896 ubi
387 1829 548 1909 Diarbalr,
577 1833 691 1896 Turcie
711 1825 970 1927 As·Dsclrceira.

389 2029 671 2129 Damascena)
723 2038 777 2099 Gr.
796 2030 996 2126 Aapaonqvip
1017 2036 1057 2100 sc.
1075 2031 1197 2128 χώρα,
1221 2037 1304 2122 quod
1321 2048 1349 2096 et

312 2139 401 2202 addit
423 2139 536 2202 Strabo
561 2141 615 2202 lib.
638 2141 692 2202 16.
717 2160 747 2222 p.
767 2153 850 2216 520.
874 2136 894 2201 s.
915 2141 999 2216 756.
1029 2153 1062 2201 et
1081 2141 1120 2202 lic
1144 2143 1270 2202 incolae
1292 2139 1349 2198 Aa·

312 2235 485 2331 penecadel,
507 2256 542 2302 ut
558 2244 638 2320 etin
658 2241 788 2303 Latinis.
827 2243 865 2301 In
885 2237 972 2301 sacris
991 2241 1090 2302 literis
1108 2257 1244 2304 vocatur
1259 2246 1347 2302 Aram

312 2333 520 2431 Danrnreselc,
553 2342 606 2402 sata
627 2343 660 2401 in
682 2343 780 2410 valle,
807 2361 903 2424 quam
926 2345 1021 2402 variis
1041 2345 1234 2405 norninibue
1255 2337 1325 2424 pros
1338 2369 1347 2384 ·

312 2457 389 2503 runt
404 2443 521 2525 literae,
546 2445 593 2502 uti
611 2441 716 2511 Hoba,
737 2443 835 2504 uallis
850 2447 950 2511 Auen,
972 2445 1188 2514 Beth-Edere,
1208 2443 1347 2508 Hndrat,

314 2543 354 2604 de
375 2545 491 2624 quibus
513 2542 660 2625 exposuit
678 2543 826 2606 Boclrart.
848 2545 882 2603 in
905 2544 1026 2628 Phaleg
1041 2561 1073 2612 Ω.
1093 2561 1126 2620 7.
1145 2545 1169 2610 s.
1206 2539 1346 2608 Straboni

313 2644 370 2706 lib.
398 2643 449 2708 16.
475 2665 506 2728 p.
532 2657 617 2724 519.
640 2643 660 2707 s.
687 2658 770 2722 755.
794 2645 837 2706 est
856 2639 976 2708 Koilov
1004 2643 1130 2718 erudior,
1164 2647 1300 2726 Polybio
1320 2653 1346 2716 52

315 2762 375 2825 59,
398 2765 450 2808 ιο.
472 2739 613 2834 ’Λμύκης
633 2743 752 2816 nelina,
778 2747 835 2808 nbi
851 2744 891 2808 cs.
907 2747 1196 2830 Sclrweighaenler.
1227 2746 1346 2809 Nomen

313 2850 408 2910 traxit
429 2868 444 2908 a
464 2849 542 2908 urbe
564 2847 732 2920 Damasco,
760 2869 855 2930 qnam
872 2850 923 2909 alii
944 2851 976 2908 in
993 2849 1091 2911 Coele
1110 2851 1202 2928 Syria
1217 2857 1346 2931 ponunt·

315 2965 352 3010 ut
366 2950 502 3012 Ptolem.
519 2962 552 3027 5,
576 2963 630 3026 15.
654 2985 701 2997 —
731 2951 764 3010 in
787 2951 1010 3031 Decapolitana
1031 2951 1163 3033 regione
1183 2951 1303 3014 Plinius
1318 2955 1346 3019 5·

320 3053 376 3116 16.
397 3049 418 3114 s.
441 3063 494 3128 ¹8·
548 3051 582 3111 Si
609 3052 711 3112 latiori
739 3049 827 3112 sensu
847 3050 945 3114 Coele
967 3053 1057 3130 Syria
1080 3053 1289 3138 intelligitur,
1312 3047 1346 3104 de

314 3174 379 3236 quo
403 3151 491 3234 supra
514 3151 716 3224 elidiatum,
751 3155 878 3232 adparet
900 3153 968 3214 eiue
995 3153 1073 3214 olim
1097 3170 1221 3235 partem
1243 3146 1345 3214 conili-

315 3255 415 3316 tuisse.
453 3255 595 3316 Orteline
617 3257 649 3314 in
674 3251 752 3315 thes.
777 3255 893 3337 Geogr.
910 3253 943 3315 h.
965 3275 997 3316 v.
1019 3267 1126 3335 putat,
1158 3257 1293 3316 eandem
1315 3244 1345 3306 ln

315 3357 451 3418 concilio
468 3356 716 3418 Chalcedonenli
732 3357 837 3416 vocari
853 3354 1061 3416 Phoeniciam
1074 3356 1274 3418 Libanisram.
1299 3341 1343 3410 Cf·

316 3461 411 3520 etiam
431 3458 579 3519 Mannort
596 3457 796 3540 Geographie
816 3457 885 3518 Vol.
905 3457 937 3518 6.
960 3458 997 3518 P.
1020 3477 1048 3517 ι.
1066 3477 1098 3537 p.
1116 3466 1205 3535 403.
1240 3457 1286 3517 Ex
1303 3467 1344 3510 ur·

316 3559 366 3620 bie
384 3559 523 3620 Damasci
540 3559 617 3630 satu,
642 3559 697 3619 ubi
714 3579 799 3619 nunc
819 3559 925 3640 quaeri
943 3557 1074 3628 debeat,
1098 3559 1231 3620 iudicari
1243 3547 1343 3637 potes·

318 3661 401 3721 Urbs
426 3663 513 3721 enim
534 3660 631 3722 hodie
655 3660 693 3722 ab
715 3661 828 3722 incolis
852 3672 984 3722 vocatur
1007 3659 1161 3730 Damasi,
1196 3658 1269 3722 telle
1290 3653 1342 3712 Po·

319 3762 435 3823 cockio
451 3764 549 3824 Tom.
568 3778 601 3824 2.
617 3783 649 3842 p.
665 3781 710 3822 m.
732 3776 795 3835 ²7¹
816 3761 878 3842 sqq.
905 3761 961 3821 ubi
977 3762 1073 3822 etiarn
1091 3763 1245 3842 prolixam
1261 3751 1343 3816 lrabe-

318 3861 369 3924 ble
384 3865 451 3924 eiua
467 3863 722 3944 descriptionem.
757 3859 808 3924 cf.
825 3864 922 3924 etiam
935 3861 1074 3924 Browne
1089 3861 1205 3926 lleilen
1218 3883 1249 3945 p.
1266 3865 1340 3934 55¹·

319 3961 404 4046 Lips.
449 3962 745 4042 Causamnominie
767 3959 941 4024 fabulosam
967 3979 1199 4026 commemorat
1224 3955 1342 4040 stepha·

320 4085 381 4128 nue
397 4065 430 4127 b.
449 4085 481 4127 v.
508 4063 695 4127 aDamasco
717 4083 792 4150 rege
817 4065 905 4126 ducit
922 4063 1058 4129 Iullinue
1076 4063 1133 4145 36,
1157 4083 1190 4138 a,
1217 4085 1244 4126 ι.
1277 4045 1342 4124 Διὸς
