2852 4946
160 347 501 410 retroneum.
542 347 625 405 Lu
667 345 802 407 om·
843 348 922 420 ln
993 362 1056 431 eoo

62 524 168 606 irnperio
187 525 319 586 additam
341 535 463 594 narret,
496 541 571 584 cum
593 534 700 584 tamen
723 521 827 605 polleo
845 520 1061 586 Eleutheroci-

62 627 118 685 licee
137 639 304 696 occurrent,
329 625 384 707 qui
402 625 566 694 Romanor
582 623 745 698 veterion
778 625 833 686 etfi
856 625 943 686 idem
963 625 1061 688 etiem

63 727 176 788 adiuuat
196 730 324 811 llppien.
344 727 379 788 iu
401 725 579 790 ltirhrtdat.
601 745 667 808 cap.
690 726 770 790 106.
785 739 818 788 et
840 737 920 804 113.
972 727 1062 789 Tum

63 847 119 888 ruo
134 829 327 914 intelligitur,
358 828 444 910 quod
463 827 636 890 Suetonius
652 824 748 889 refert
763 845 829 908 cap.
849 839 883 906 3.
914 824 1062 910 aVelpa·

62 925 125 990 leno
137 931 221 991 etiarn
231 931 377 994 Ciliciam
391 930 424 988 in
440 929 624 1010 provinciae
639 925 776 990 formam
790 925 878 1000 fuill'e
890 929 1061 993 redactam.

63 1026 99 1092 Cl.
111 1031 143 1091 ul
155 1032 341 1116 Eutropium
356 1047 389 1108 7.
412 1047 466 1109 ¹9·
489 1043 558 1092 not.
578 1039 637 1110 94.

192 1237 220 1313 §.
253 1255 283 1298 r.
334 1222 558 1324 recessu)
608 1232 819 1296 Flectemium
844 1231 874 1296 le
897 1245 1062 1298 terrorum.

62 1328 124 1392 Nam
143 1332 258 1418 abipso
281 1353 334 1396 ora
356 1335 471 1394 iterum
494 1335 528 1395 io
550 1332 691 1396 occasum
714 1335 863 1406 vertitur,
896 1333 1066 1418 ipsumque

61 1433 160 1518 pelagus
176 1438 439 1498 mediterraneum
454 1434 580 1518 augusta
596 1436 772 1498 admodum
790 1437 907 1498 flexura
923 1437 1063 1510 cohibet.

61 1535 98 1592 cui
110 1536 141 1595 ab
153 1539 270 1620 oppido
287 1539 372 1598 iuxta
390 1537 468 1598 olim
483 1537 541 1598 lito
553 1532 634 1598 lffici
649 1537 732 1598 finus
747 1557 868 1600 nornen
884 1540 994 1600 datum
1009 1538 1064 1602 eti.

61 1631 124 1698 lutra
140 1658 210 1700 vero
225 1639 328 1699 linum
346 1633 472 1698 lfficum
489 1651 522 1700 et
540 1639 625 1700 illam
641 1639 810 1706 flexuram.
845 1659 941 1720 quam
966 1641 1063 1700 Euxi-

60 1754 105 1796 nus
119 1735 181 1800 lacit
201 1741 288 1800 iuxta
302 1737 477 1800 Tibarenoe
500 1752 532 1800 et
548 1739 683 1802 colcuin
705 1753 942 1822 procurrentem
960 1740 1064 1804 uuam

61 1833 357 1903 inmediterraneum
385 1840 546 1922 Appianur
572 1841 605 1902 iu
634 1843 803 1922 prooemio
834 1837 923 1928 [cop.
943 1835 999 1929 9.]
1031 1857 1065 1904 et

61 1935 146 2002 subn
161 1943 213 2006 lib.
233 1953 288 2021 ¹4·
308 1937 358 2028 [p.
370 1951 454 2023 457.
466 1939 487 2004 l.
499 1934 605 2026 664]
630 1941 874 2012 Cherronesum.
901 1962 959 2004 ceu
977 1963 1067 2026 gran·

60 2036 115 2100 dem
133 2042 342 2124 peninsulam,
367 2056 468 2106 notat.
502 2061 687 2105 vnornuve.
737 2041 869 2106 Seniue:
896 2045 930 2104 in
948 2045 1065 2108 ultimo
1124 2061 1130 2070 ’

61 2142 150 2222 angulo
166 2144 293 2217 Ciliciae
315 2145 402 2206 locus
425 2143 485 2213 etl.
518 2144 574 2204 ubi
592 2145 668 2206 olim
687 2165 865 2227 cermagna
886 2142 946 2206 fuit
962 2147 1069 2208 ‹lecer-

62 2251 120 2314 uta;
147 2245 178 2305 in
198 2267 262 2328 quo
286 2247 326 2306 de
350 2243 470 2306 summa
496 2265 603 2308 rerum
626 2266 699 2308 cum
722 2247 819 2308 Persio
844 2247 1068 2330 depugnarunt

60 2337 234 2410 Macedones.
288 2346 482 2430 intelligitur
513 2360 620 2409 autern
648 2348 699 2408 illa
726 2348 873 2428 planities
906 2367 948 2424 tu
974 2347 1068 2412 unuin

59 2458 145 2518 patene
163 2449 244 2510 iuter
260 2447 436 2526 Pyramum
451 2467 578 2510 amnem
592 2461 623 2507 et
639 2448 733 2510 Illum
752 2449 881 2519 urbem.
908 2470 986 2530 qliae
1001 2464 1069 2522 erat
1185 2436 1204 2530 J

59 2549 108 2603 tou
120 2562 222 2611 monte
238 2546 337 2610 claula
354 2561 386 2609 et
401 2552 547 2610 recincta.
593 2551 672 2613 lntle
693 2563 824 2611 vocatur
844 2542 973 2640 receffirs
992 2552 1069 2614 inei-

60 2663 119 2706 uuu.
154 2651 304 2713 Horatius
327 2649 448 2711 dixiffet
473 2651 632 2711 reductum
655 2651 778 2714 vallem.
808 2647 867 2738 [cf.
891 2675 919 2714 r.
937 2653 990 2714 od.
1011 2669 1066 2726 17,

65 2741 123 2834 ι7ι]
153 2751 189 2812 ln
213 2751 278 2814 hoc
297 2749 473 2812 Alexander
490 2751 536 2813 M.
559 2749 694 2812 secundo
717 2751 822 2814 Perias
843 2755 920 2814 vicit
943 2766 974 2814 et
995 2773 1067 2834 pro·

59 2842 165 2928 ligarit.
215 2855 268 2914 De
295 2852 345 2912 hie
371 2853 488 2934 campio
514 2853 740 2937 intelligendus
768 2855 879 2916 Cicero
905 2855 943 2916 acl
971 2856 1066 2916 Attio.

61 2955 84 3019 5.
97 2964 145 3013 9ο.
168 2953 275 3046 costra
285 2973 406 3031 paucos
423 2953 489 3014 dies
505 2951 682 3024 habuimus.
706 2975 743 3015 eo
757 2946 839 3046 ipsa,
856 2975 938 3037 quae
954 2969 1067 3016 coutra

60 3045 175 3113 Dorium
194 3052 352 3114 habuerat
372 3053 461 3132 opud
475 3046 575 3144 Iffiuu
592 3055 779 3118 Alexander.
806 3075 974 3118 ouuovtvs
989 3056 1067 3120 MS.

59 3143 128 3212 Erru
141 3155 172 3214 in
190 3157 351 3238 Pyramo.
377 3175 471 3236 quem
494 3154 661 3217 confundit
677 3177 746 3216 cum
767 3157 905 3227 Pinara,
931 3169 969 3216 ut
991 3154 1069 3219 solet

59 3246 176 3317 inlibris
196 3259 296 3317 etiam
317 3257 395 3320 fieri.
427 3249 508 3319 'viu
528 3257 722 3320 Freiuslrem.
743 3259 780 3318 ad
800 3257 889 3319 Curt.
907 3272 939 3336 3.
957 3269 990 3335 ὅ,
1008 3271 1067 3338 98.

58 3343 160 3418 Berkel
182 3359 218 3419 ed
243 3355 396 3438 Stephon.
413 3377 483 3442 pag.
500 3359 586 3437 426.
622 3359 735 3421 Cellar.
759 3361 791 3420 in
815 3351 931 3444 Geogr.
952 3374 1017 3424 tut.
1035 3374 1067 3439 3,

60 3449 84 3520 6.
99 3455 149 3531 67.
192 3461 447 3548 νοηωιιηοπηη
462 3461 496 3519 in
513 3460 637 3522 Graecis
657 3465 753 3522 etlam
771 3461 855 3521 varie
869 3474 1067 3544 corruptum,

59 3549 161 3638 dequo
188 3561 226 3621 acl
254 3559 402 3622 strabon.
427 3568 480 3642 ¹4·
507 3581 539 3642 p.
565 3563 649 3644 465.
674 3559 693 3622 l.
717 3559 800 3636 676.
832 3575 939 3623 tuetur
972 3564 1068 3624 etiarn

59 3652 157 3721 Anien.
178 3661 218 3722 de
241 3659 356 3741 exped.
375 3661 462 3721 Alex.
481 3675 514 3733 9,
529 3673 561 3738 8,
578 3673 612 3740 8.
648 3664 806 3745 Pyramus
826 3663 914 3725 euim
935 3663 1068 3726 ulterius

58 3771 101 3832 per
118 3779 261 3844 campum
279 3762 405 3822 Alelum
423 3761 494 3821 fluit
515 3761 611 3824 Tarso
633 3766 780 3846 propior.
812 3764 861 3824 uti
882 3765 1008 3846 adparet
1029 3785 1068 3828 ex

60 3851 150 3922 Curtio
167 3877 197 3942 3,
214 3873 251 3942 4.
270 3877 289 3938 7
307 3859 351 3944 sq.
378 3875 411 3924 et
422 3862 554 3926 Arriano
571 3880 603 3932 2.
620 3876 651 3942 5.
675 3884 730 3929 ιι.
764 3865 946 3948 Pugnaturn
960 3879 1067 3928 utitem

58 3957 90 4016 tll
102 3981 191 4045 prope
207 3962 322 4036 llsum,
356 3981 429 4024 cum
452 3978 539 4046 capta
562 3965 613 4026 illa
628 3965 706 4026 urbe
724 3965 892 4046 Dariuead
906 3967 1067 4038 Pinarum,

58 4053 156 4126 flumen
172 4067 373 4158 proximum,
395 4061 594 4148 procefftffet.
616 4065 757 4156 (Atrion.
777 4083 810 4138 9.
828 4081 860 4145 7,
879 4082 913 4130 9.
936 4081 968 4131 et
981 4086 1066 4151 prae-
