2764 4958
334 424 396 490 260
602 423 765 486 NOTAE
804 425 1109 484 nxnon‘rrcla

333 604 374 667 de
392 599 490 664 Nilo:
525 611 637 661 nectus
657 598 702 660 ad
718 597 819 660 locum
838 601 1043 680 Aethiopum.
1066 599 1124 682 qui
1139 597 1299 678 Catadupi
1311 617 1357 659 uo·

335 715 467 772 cantur,
503 702 581 762 uoui
607 721 668 760 cmo
694 712 860 760 cataracte
888 701 972 761 inter
1002 691 1203 792 occursantes
1221 692 1357 792 scopulos

334 826 397 869 nou
417 798 515 890 fluere
536 791 685 892 immenso
699 791 841 890 fragore
861 801 1019 872 creditur,
1041 791 1104 892 sed
1125 823 1216 862 ruere.
1266 801 1357 880 Prope

334 909 462 986 Syenen
479 904 533 964 vix
555 904 759 963 catarrhactas
775 903 882 963 vocari
899 901 1009 970 debet.
1040 904 1113 983 quia
1134 917 1256 963 rantum
1270 917 1357 982 parvo

335 1004 462 1088 delapsu
484 1001 568 1064 inter
588 1001 701 1064 insulas
718 1017 750 1064 et
767 1021 862 1087 rupea
883 999 982 1064 fertur
998 1001 1102 1066 Nilus.
1143 1005 1216 1067 vid.
1233 1003 1357 1064 lirnium

333 1105 483 1195 (lieilen,
508 1101 617 1189 Lipi.)
638 1125 671 1186 p.
693 1121 775 1165 coo.
972 1095 977 1110 '

409 1305 584 1386 nauigia
620 1303 815 1386 patiens)
875 1297 1027 1368 notanus
1059 1305 1191 1388 quidem
1232 1301 1358 1366 dixiffcr:

336 1410 538 1490 navigiorum
556 1407 699 1486 paticus.
732 1419 770 1468 ut
789 1406 903 1468 Liviua
921 1422 979 1477 αι,
996 1420 1055 1485 51.
1077 1408 1207 1468 iconium
1230 1407 1359 1486 palleum

335 1510 387 1574 lad
403 1510 480 1571 lraec
493 1508 655 1590 participia
670 1527 736 1568 non
750 1525 820 1568 raro
842 1509 939 1569 ctiam
957 1507 1077 1568 habent
1092 1505 1317 1572 accusativum.
1341 1503 1359 1560 ll

335 1611 595 1691 noomparatiuo
623 1623 656 1669 et
683 1605 874 1690 superlativo
898 1607 1071 1677 recess'eria.
1111 1609 1228 1690 quibua
1252 1606 1359 1685 semper

336 1713 514 1798 genitivus.
541 1727 705 1791 nunquam
729 1707 922 1770 accusativus
943 1711 1097 1794 iungitur.
1150 1706 1203 1772 cf.
1224 1709 1359 1769 Perizon.

336 1814 376 1875 ad
392 1813 509 1873 Sanctii
526 1810 668 1873 Minerv.
686 1829 716 1872 ι.
741 1830 768 1874 c.
789 1821 845 1888 15.
861 1832 894 1894 p.
917 1825 996 1874 rar.
1026 1828 1234 1874 uvannunve
1256 1809 1287 1868 iu
1301 1805 1361 1866 aui·

337 1908 607 2002 madverfiouibus
621 1910 666 1972 ad
680 1911 712 1973 lu.
728 1910 750 1974 l.
787 1911 923 1973 lullinua
937 1908 1087 1973 consueta
1102 1908 1207 1974 forma
1217 1910 1274 1990 36.
1288 1921 1317 1986 5.
1331 1919 1360 1980 7.

337 2013 557 2095 navigationis
577 2013 723 2093 paticusp
755 2011 880 2074 Plinius
900 2010 986 2094 epist.
1005 2024 1037 2089 5,
1055 2013 1089 2083 6,
1110 2029 1169 2077 rc.
1189 2011 1316 2074 navium
1335 2016 1362 2068 at

336 2117 378 2180 iic
393 2116 547 2198 plurima,
571 2133 652 2196 quae
670 2131 709 2174 ex
724 2113 846 2176 Lexicir
861 2109 1104 2198 cognoscuntur.

411 2315 543 2378 lacum
551 2313 570 2396 )
619 2315 686 2398 Qui
706 2313 807 2375 iocum
829 2315 957 2399 legunt.
985 2314 1161 2396 Catadupa
1180 2316 1244 2378 huc
1260 2335 1296 2378 ex
1311 2311 1362 2375 Pli·

336 2415 393 2478 nio
407 2435 436 2478 c.
455 2417 477 2479 l.
501 2414 673 2486 arcessunt,
699 2433 836 2496 quorum
858 2415 1002 2499 strepitus
1022 2417 1170 2477 auditum
1192 2419 1299 2480 accolis
1314 2413 1360 2476 ob·

336 2517 461 2578 tundet.
505 2513 556 2579 ef.
578 2517 696 2578 Seneca
719 2517 751 2576 in
773 2516 887 2580 Natur.
912 2517 976 2600 Qu.
998 2530 1032 2595 4,
1060 2535 1091 2579 a.
1118 2530 1151 2578 et
1174 2517 1309 2579 Macrob.
1328 2512 1360 2574 ad

337 2617 486 2681 Ciceron.
504 2617 616 2678 Somn.
629 2619 713 2699 Scip.
731 2633 764 2687 a.
779 2629 814 2697 4.
850 2617 973 2679 Lacum
988 2631 1097 2680 tamen
1113 2616 1186 2682 ialin
1200 2617 1361 2680 vindicarit

337 2717 538 2780 Perizonius.
580 2719 652 2782 Vid.
679 2731 773 2780 norae
800 2720 924 2781 criticae
950 2739 983 2802 p.
1007 2733 1091 2799 5¹⁰·
1143 2719 1359 2782 Recentiorum

335 2817 573 2881 ohservationes
598 2837 672 2879 cnm
706 2821 831 2881 indiciis
857 2820 910 2880 hic
933 2820 1082 2902 adpositio
1110 2821 1281 2892 evincunt,
1311 2813 1360 2880 cllo

341 2920 451 2982 Tnaua
473 2921 576 2982 lacum
596 2921 630 2980 iu
653 2915 880 2998 Abyffinorum
900 2921 1033 3007 regione
1052 2918 1212 2985 Dembca.

315 3189 319 3202 ¹
411 3122 555 3202 praeci
561 3121 648 3200 pici
654 3120 674 3202 )
732 3121 795 3182 Hic
819 3123 853 3184 in
881 3123 993 3206 primic
1016 3121 1084 3184 Nili
1102 3124 1301 3186 catarrhactas
1321 3117 1359 3177 in·

337 3241 437 3284 nuere
452 3225 597 3293 uidetur.
626 3235 658 3284 et
676 3223 805 3304 quidem
829 3223 1013 3305 superiores.
1065 3222 1262 3287 Consulentli
1277 3225 1313 3283 da
1326 3219 1359 3278 iic

338 3325 475 3384 omniuo
497 3337 617 3406 praeter
642 3321 813 3405 superiores
836 3327 971 3387 Diodor.
993 3327 1054 3388 Sic.
1078 3345 1106 3394 ι,
1126 3339 1185 3404 gn.
1208 3345 1246 3387 ex
1266 3338 1358 3384 recen·

337 3424 471 3486 rioribus
485 3423 632 3486 Pococke
648 3426 743 3486 Toni.
767 3445 795 3488 ι.
815 3447 846 3508 p.
864 3446 909 3490 m.
932 3437 1011 3504 182.
1039 3425 1173 3487 Norden
1188 3423 1277 3488 nerse
1296 3437 1356 3502 pag·

340 3537 412 3604 375
430 3524 472 3607 lq.
500 3525 621 3586 Maillet
634 3545 665 3606 p.
683 3536 744 3604 42.
770 3527 885 3607 Sauary
904 3527 1002 3590 Tom.
1019 3541 1052 3589 a.
1072 3547 1105 3608 p.
1126 3542 1207 3590 rao.
1225 3523 1246 3592 f.
1284 3519 1358 3584 Adiit

338 3637 373 3687 at
395 3645 434 3688 ex
455 3625 509 3687 luo
532 3625 679 3708 adspectu
703 3625 860 3709 descripfit
883 3627 1031 3690 Aristides
1055 3628 1152 3690 Tom.
1179 3645 1209 3689 n.
1234 3647 1264 3708 p.
1283 3627 1355 3700 544·

337 3725 428 3790 labb.
475 3726 537 3788 Hic
551 3741 675 3797 autem,
702 3739 740 3788 ut
756 3747 795 3790 ex
812 3729 957 3790 locorum
972 3729 1090 3789 vicinia
1103 3728 1256 3810 adparet..
1273 3725 1309 3784 dc
1323 3735 1357 3780 οῦ

336 3823 496 3907 loquitur,
529 3829 582 3909 qui
601 3847 617 3889 a
639 3827 824 3890 Ptolemaeo
841 3841 873 3906 5,
895 3843 928 3906 7.
952 3841 1084 3890 vocatur
1106 3825 1122 3892 ὁ
1146 3826 1246 3916 μέγας
1264 3827 1294 3886 in
1308 3821 1358 3882 lic·

338 3925 480 4008 thiopia;
517 3929 585 4010 post
613 3930 653 3990 de
676 3931 774 3991 altero
799 3927 887 4013 supra
912 3931 1041 4010 Syenen
1066 3941 1099 3991 ct
1123 3925 1357 4012 Elephantinen.

338 4021 453 4119 μικρὸν
473 4044 568 4091 vocat
581 4029 719 4093 Ptolem.
738 4041 772 4109 5,
790 4041 823 4107 5.
837 4029 860 4094 f.
886 4044 919 4092 et
937 4030 1081 4112 pluribus
1098 4029 1242 4124 describit
1257 4021 1357 4090 strabo

346 4143 403 4208 ²7·
425 4148 458 4214 P·
477 4131 561 4210 562.
578 4129 600 4195 s·
618 4141 703 4210 817.
753 4131 924 4197 D’Anville
944 4153 979 4217 p.
1003 4129 1087 4200 216.
1111 4151 1138 4198 c.
1162 4133 1185 4196 l.
1207 4150 1245 4196 ex
1265 4129 1357 4211 legato
