2852 4946
189 419 403 480 meotide.
431 417 538 476 Mitt.
578 419 660 476 1..1.
703 416 823 476 extr.
865 417 943 488 §.n
1027 429 1091 498 579

70 609 115 658 tor
127 588 269 682 Bo'orpov
286 593 340 656 vel
359 585 506 679 Bo'rpoa3
532 583 688 677 llorporirr
705 609 744 652 ex
763 591 877 654 concil.
896 589 1093 658 Chalcedon.

72 710 122 758 act.
139 698 172 760 6.
201 707 289 757 notet
314 693 457 756 llolllen.
482 693 516 754 in
542 692 658 754 Ortelii
688 690 822 756 thehor.
846 693 963 778 Geogr.
985 716 1017 777 p.
1034 709 1093 774 33.

72 800 119 860 ets
146 815 203 880 pro
234 795 423 882 Baeporirvor
450 794 623 878 legendum
660 793 721 856 elle
749 785 902 881 Boaptiwv
934 797 967 856 in
994 798 1094 880 genie.

73 899 154 960 docet
171 897 331 960 llelandue
351 898 386 957 in
403 893 571 958 Palaestina
592 893 649 956 lib.
668 907 701 972 3.
722 915 754 976 p.
769 915 814 956 m.
833 907 916 976 394.
957 897 1096 968 Gentile.

74 999 139 1062 telle
152 999 331 1081 Stephano,
357 995 640 1076 comprobantibus
661 998 768 1059 numia
783 993 982 1084 Βοτρυηνός,
1010 999 1097 1060 rande

75 1099 154 1160 simol
181 1099 277 1183 ipline
309 1099 397 1174 urbis
423 1095 569 1178 scriptura
596 1097 796 1159 diiudicatur.
861 1097 911 1159 Ab
937 1099 1097 1170 lthobalo.
1191 1115 1197 1124 '

74 1199 234 1279 Tyriorum
261 1219 354 1284 rege,
388 1197 499 1259 urbem
529 1198 693 1258 conditam
716 1197 776 1260 elle
800 1198 893 1260 tradit
917 1197 1041 1282 loseph.
1063 1203 1098 1262 in

75 1303 183 1384 antiqu.
198 1301 269 1362 lod.
289 1313 322 1378 3.
343 1314 396 1378 13.
414 1314 448 1360 2.
476 1297 569 1359 Nihil
584 1314 742 1381 praeterea
758 1297 966 1364 memorabile
982 1299 1098 1367 obsert.

74 1400 171 1466 Hodie
186 1402 324 1464 creditur
339 1400 399 1465 esse
411 1401 565 1464 Patrone.
591 1396 643 1462 Οἱ.
653 1399 802 1463 Pococlre
816 1402 857 1464 Τ.
868 1417 901 1465 2.
915 1423 946 1486 p.
957 1423 1002 1466 m.
1017 1413 1098 1485 ¹44·

143 1601 348 1686 Tripolis)
387 1601 442 1665 Gr.
460 1597 626 1690 Τρίπολις.
660 1600 792 1666 Nomen
808 1603 871 1667 hoc
892 1619 979 1668 nacta
996 1605 1039 1668 esi
1060 1625 1100 1669 ex

75 1703 163 1768 trium
182 1707 313 1766 urbium
335 1701 484 1774 coloniis,
518 1703 605 1766 unde
630 1703 804 1776 condebat,
831 1707 943 1778 Aradi,
968 1709 1047 1785 Tyri
1067 1721 1101 1769 et

75 1807 204 1870 Sidonis.
230 1807 346 1887 Scylax
359 1815 460 1890 pipi.
472 1803 494 1868 l.
511 1803 611 1868 lluds.
637 1805 750 1868 Strabo
770 1803 826 1870 16.
840 1827 872 1890 p.
887 1822 972 1894 519.
983 1805 1004 1872 l.
1015 1819 1100 1888 754.

76 1909 199 1970 Diodor.
216 1910 273 1978 16.
294 1917 354 1989 [μ.
376 1940 425 1956 -
448 1926 545 1988 quare
559 1907 683 1969 Plinius
699 1919 732 1984 5.
752 1923 806 1984 17.
827 1905 847 1970 s.
867 1925 926 1972 oo.
954 1907 1101 1990 Tripolis,
1219 1953 1221 1960 .

76 2007 186 2090 inquit,
217 2029 315 2094 qnam
338 2007 425 2090 Tyrii
445 2021 476 2069 er
492 2007 617 2068 Sidonii
635 2019 667 2068 et
690 2009 805 2070 Aradii
823 2007 977 2071 obtinent.
1030 2011 1102 2072 Sin·

77 2111 173 2194 gelae,
202 2110 292 2192 qnod
314 2109 443 2193 fingulia
467 2107 569 2170 lladiie
594 2108 732 2193 adtingit
753 2109 854 2180 Mela,
886 2111 988 2172 morie
1012 2123 1102 2174 erant

77 2209 200 2282 divisae,
223 2211 369 2289 (Scylax.
391 2210 526 2271 Diodor.
545 2229 572 2272 c.
590 2229 616 2272 c.
634 2211 656 2272 l.
673 2212 717 2289 l.)
741 2209 806 2282 etsi,
832 2213 903 2292 quie
921 2213 1019 2274 unine
1033 2224 1102 2274 tan·

76 2322 138 2372 tum
151 2311 251 2374 hodie
263 2311 392 2396 vestigia
405 2312 614 2394 reperiuntur,
633 2313 672 2374 de
686 2331 725 2375 eo
740 2313 975 2374 dubitationem
990 2325 1104 2376 movet

77 2411 169 2486 Shno,
192 2431 320 2496 voyage
334 2415 374 2474 T.
391 2427 424 2477 e.
441 2433 474 2494 p.
488 2433 501 2476 t
515 2429 543 2474 t.
569 2411 763 2476 adsentiente
777 2413 940 2476 Pococlrio
957 2417 1056 2480 Toni.
1068 2432 1102 2480 2.

78 2531 106 2594 p.
126 2517 203 2596 146.
229 2515 289 2576 nbi
306 2514 346 2575 de
359 2515 398 2576 iia
414 2515 502 2596 plura
518 2511 630 2576 adfert.
667 2516 718 2576 De
737 2514 879 2578 distantia
895 2536 967 2577 corn
986 2516 1101 2580 Nostro

79 2614 223 2678 consentit
239 2615 402 2678 Diodorus
420 2635 447 2679 c.
464 2615 486 2677 l.
510 2613 566 2676 ubi
584 2609 759 2686 σταδιαῖον,
787 2617 901 2700 inquit,
926 2613 982 2678 ἀπ’
1003 2614 1105 2703 iili-

78 2708 135 2778 λων
163 2711 280 2802 ἔχουσι
311 2707 488 2805 διάστημα,
522 2714 707 2796 cansamque
734 2719 777 2777 ita
802 2719 992 2800 compositio
1018 2720 1105 2782 urbia

78 2817 155 2878 addit
176 2820 277 2888 hanc.
311 2829 348 2876 ut
369 2819 403 2877 in
432 2835 605 2878 commune
629 2816 674 2876 ibi
694 2817 871 2882 Phoenicea
891 2818 1103 2883 consulerent.
1128 2815 1133 2822 '

81 2915 176 2978 Situm
198 2921 270 2981 eius
286 2911 448 3000 (Λιβάνου
471 2909 541 3004 ntpi
561 2910 638 2990 robe
654 2911 833 3003 rrpo'rrotlor)
855 2919 894 2979 ad
914 2941 1000 2982 mare
1022 2923 1104 3002 opti·
1238 2947 1242 2962 ·

80 3035 126 3080 me
138 3017 295 3103 descripsit
308 3019 429 3082 Phocea
444 3021 477 3079 in
494 3020 613 3080 Leonie
628 3017 731 3081 Allatii
746 3020 929 3098 symmictie
943 3023 984 3083 T.
995 3023 1051 3084 26.
1069 3023 1104 3082 in
1226 3039 1228 3042 ·

80 3115 226 3202 scriptore.
242 3121 376 3198 Byzant.
393 3121 445 3184 ed.
455 3122 534 3182 Ven.
550 3139 582 3202 p.
594 3132 627 3199 3.
652 3119 702 3180 lie
714 3121 810 3181 etiarn
827 3122 949 3182 nautica
966 3121 1103 3192 valuisse,

81 3217 203 3285 declarat
223 3221 403 3306 Eliogobali
425 3239 561 3292 numne,
594 3223 629 3280 in
651 3239 716 3301 qno
737 3241 898 3307 ναυαρχις
920 3221 1103 3302 adpellem,

81 3321 219 3397 (Eckhel.
239 3323 341 3386 doctr.
357 3341 448 3386 nunt.
461 3323 499 3386 P.
517 3305 544 3384 ι’.
563 3321 634 3384 Vol.
651 3336 684 3400 3.
701 3341 733 3403 p.
745 3326 842 3400 375.)
870 3323 974 3384 culex
990 3322 1105 3385 Welle·

81 3420 224 3508 lingioed
241 3425 398 3487 Antonini
420 3425 523 3486 itiner.
547 3443 580 3504 p.
603 3431 683 3501 ¹49·
711 3421 819 3484 omitte
837 3422 1008 3488 Caracallae
1032 3423 1106 3486 eddi

83 3524 184 3605 potest.
238 3525 339 3608 Quod
359 3521 456 3588 resert
478 3524 605 3585 Malalae
622 3525 656 3584 in
678 3522 846 3608 chronogr.
868 3525 922 3587 lib.
941 3536 975 3605 4.
996 3545 1028 3608 p.
1047 3523 1106 3591 26.

83 3623 155 3704 ileo.
180 3627 237 3688 sub
263 3628 456 3708 Imperatore
478 3625 639 3686 Marciano
660 3621 779 3688 saeculo
800 3637 833 3702 5.
855 3639 953 3688 terrae
978 3641 1107 3689 motum

83 3741 199 3808 experta
221 3727 281 3796 esi,
314 3728 368 3788 cui
389 3727 477 3788 addit
501 3725 624 3788 historie
646 3725 742 3786 aliurn
765 3745 815 3790 an.
839 3741 944 3802 ¹¹7⁰·
969 3740 1038 3789 tnnr
1056 3749 1106 3792 an.

90 3841 186 3910 2239.
202 3830 272 3891 eius
287 3827 533 3890 decollationem
547 3847 563 3888 e
578 3827 737 3889 Saracenis
753 3825 876 3896 saetam,
898 3827 984 3891 unde
1003 3842 1107 3891 temen

85 3929 146 4008 poli
170 3931 334 3992 insleurata
359 3927 413 3994 esi.
464 3927 684 4012 cognomines
706 3927 780 3989 aliae
805 3927 915 3998 urben,
947 3929 980 3988 in
1008 3927 1109 3992 Africo

87 4032 224 4102 maxime,
244 4028 407 4094 reoensent
422 4029 614 4113 Geographi.
647 4025 756 4090 Nostra
770 4028 868 4092 hodie
883 4049 900 4090 a
913 4031 1009 4093 variis
1023 4031 1108 4093 varia

88 4130 222 4212 effertur,
247 4145 286 4196 ut
301 4151 320 4204 a
336 4131 451 4196 Turcie
470 4129 618 4213 Tropoli.
641 4127 797 4194 Arabibne
817 4126 1001 4204 Tarusates,
1023 4132 1108 4196 ltalia
