2922 4958
288 359 351 440 ⁶44
556 356 715 420 uorsa
753 357 1054 418 exacuerent

368 526 491 615 gens)
540 525 703 614 Loquitur
723 549 816 593 more
832 533 999 604 Romano,
1030 548 1063 596 et
1081 529 1162 597 inde
1178 533 1332 597 vulthns
1440 518 1449 578 ¹*

295 637 437 724 populos
453 628 604 716 cognosci
620 652 734 694 ontnes
750 636 966 704 Sauromatas,
990 633 1044 697 sed
1060 631 1116 720 qui
1134 631 1334 696 dividantur

297 736 334 802 in
365 731 471 798 varias
503 728 645 794 familias
672 748 705 794 et
737 736 846 816 plures
871 732 1040 808 nationes,
1081 738 1161 800 licut
1184 731 1334 798 Romani

301 835 541 918 distinguebant
565 847 697 916 gentem
723 848 756 896 et
780 837 958 918 populum,
993 837 1035 899 de
1056 858 1120 922 qua
1144 833 1336 898 diversitate

302 935 371 1024 agit
393 952 484 1022 pater
505 954 599 998 meus
623 934 663 995 ad
688 932 760 996 Liv.
783 947 817 1012 5,
838 945 896 1014 34,
914 949 948 1014 5.
988 957 1011 999 r.
1034 957 1231 1001 caouovtvs
1250 937 1333 1000 MS.
1446 985 1447 1008 ,

300 1043 428 1121 Nempe
442 1056 521 1119 gens
534 1033 683 1098 continet
695 1037 852 1119 populos3
876 1052 908 1098 et
923 1039 964 1100 stc
979 1035 1058 1100 alibi
1070 1035 1334 1121 coniunguntur.

300 1138 373 1206 Vid.
388 1137 601 1220 Oudendorp.
617 1135 657 1198 ad
671 1139 794 1200 Lucan.
805 1139 838 1206 6,
849 1147 934 1217 443.
952 1153 985 1199 et
999 1139 1040 1199 ad
1053 1137 1181 1222 Apulei.
1193 1140 1335 1204 Metam.

164 1298 169 1308 ,
300 1239 359 1308 lib,
374 1251 408 1318 lp.
431 1261 464 1326 p.
482 1247 564 1318 3th
601 1233 759 1300 Graevius
782 1237 822 1300 ad
844 1235 949 1300 Cicer.
973 1259 1032 1322 pro
1050 1238 1189 1302 Fonteio
1206 1259 1277 1322 cap.
1299 1257 1335 1304 a.

300 1345 418 1424 Heyne
434 1339 474 1404 ad
487 1335 599 1420 Virgil.
615 1339 694 1400 Aen.
714 1359 767 1409 ιο,
786 1356 866 1401 eos.
894 1340 1072 1402 Burmann.
1089 1341 1129 1402 ad
1148 1338 1246 1404 Ovid.
1262 1342 1336 1402 Me-

300 1459 381 1510 tam.
401 1459 432 1513 a,
456 1451 538 1517 215.
577 1441 626 1500 lta
639 1458 737 1511 vero,
761 1453 799 1500 ut
813 1435 870 1501 hic
883 1439 989 1514 Mola,
1016 1437 1152 1504 Tacitus
1166 1439 1201 1502 in
1219 1443 1334 1505 Germ.

303 1564 375 1628 cap,
396 1551 456 1622 43.
483 1540 655 1624 Lygiorum
675 1559 785 1602 nomen
807 1540 840 1602 r'rt
859 1540 963 1621 plures
983 1543 1135 1605 civitates
1157 1535 1337 1636 dtffusttm

298 1644 392 1711 unde
416 1638 529 1727 populi
550 1639 767 1704 recensentur.
868 1681 870 1684 -

378 1741 644 1822 Maeotidae)
693 1738 749 1805 Sic
764 1755 797 1804 et
810 1735 964 1825 Vopiscus
986 1739 1021 1804 in
1038 1739 1156 1806 Tacito
1173 1763 1201 1805 c.
1221 1757 1278 1820 ¹3·
1301 1757 1337 1805 et

201 1831 207 1842 ’
302 1841 479 1912 Aureliano
497 1862 525 1904 c.
547 1843 599 1906 16.
626 1837 682 1903 ubi
699 1843 868 1906 Salmasius
885 1841 1025 1926 explicat
1047 1841 1220 1915 Μαιῶται,
1248 1861 1334 1928 quoa

304 1941 431 2029 antiqui
448 1938 601 2006 dixerint.
635 1942 700 2006 Sed
715 1962 770 2004 eos
790 1940 845 2007 hic
867 1939 1014 2006 indicare
1029 1947 1115 2007 Mela
1130 1963 1199 2006 non
1218 1943 1336 2027 potest,

304 2043 428 2131 quippe
446 2041 502 2128 qui
516 2040 582 2105 iam
599 2040 827 2128 praecesserint
838 2043 876 2104 ad
891 2045 1054 2126 paludem,
1072 2061 1104 2106 et
1119 2044 1206 2128 quod
1221 2045 1336 2108 cursus

304 2143 372 2212 iarn
386 2141 571 2232 processerit
585 2144 626 2206 ad
636 2140 792 2206 Tanaidis
804 2139 902 2228 ripas,
920 2167 1017 2228 quare
1026 2145 1147 2208 Vossius
1162 2142 1218 2208 bic
1233 2142 1337 2228 expli-

306 2262 360 2316 cat
370 2248 576 2312 Maestorum
590 2259 623 2308 et
633 2245 837 2308 Amazonum
847 2245 981 2318 soboles,
997 2268 1074 2310 cum
1083 2242 1339 2334 Maeotidessmt

305 2347 509 2420 Amazonem
530 2351 724 2412 Amazonum
739 2345 892 2408 corutubt'u
908 2348 994 2430 apud
1007 2343 1092 2410 Plin.
1105 2349 1138 2419 6,
1156 2361 1189 2422 7.
1223 2343 1337 2408 Ceteri

305 2449 430 2514 habent
444 2451 650 2511 Sauromatas
670 2445 1047 2534 γυναικοκρατουμένους.
1087 2451 1137 2509 De
1159 2445 1226 2531 ipsa
1247 2467 1338 2510 com·

305 2544 458 2614 mistione
466 2550 673 2610 Amazonum
687 2567 761 2609 cum
776 2545 973 2609 Sauromatis
990 2551 1083 2631 plura
1098 2563 1338 2610 commemorat

306 2647 465 2714 Herodot.
482 2657 517 2725 4,
539 2645 680 2730 rtosqq.
712 2646 761 2709 Cf.
779 2662 812 2709 et
826 2644 960 2728 Dionys.
976 2671 1008 2712 v.
1018 2651 1101 2726 655.
1117 2663 1150 2710 et
1165 2645 1212 2710 ibi
1226 2648 1339 2710 Eusta-

307 2745 415 2820 tbius,
445 2743 599 2811 Priscian.
621 2769 655 2811 v.
676 2747 759 2827 645.
792 2746 906 2813 Avien.
928 2771 959 2812 v.
978 2759 1062 2827 855.
1099 2768 1281 2830 anonymus
1300 2745 1338 2812 in

308 2847 436 2938 periplo
451 2845 550 2911 Ponti
572 2871 603 2932 p.
624 2867 654 2912 e.
669 2848 769 2911 Huds.
797 2869 836 2912 ex
852 2851 990 2928 Scyrnno
1007 2847 1042 2912 in
1065 2849 1180 2934 sragm.
1200 2872 1233 2910 v.
1257 2861 1338 2928 143.
1448 2901 1449 2904 ,

307 2947 448 3030 Maeotis
464 2947 537 3012 illos
552 2951 770 3022 Sauromatas,
793 2948 841 3014 uti
858 2971 933 3014 cum
952 2948 1023 3013 aliis
1039 2967 1144 3018 vocat,
1161 2947 1340 3014 contermi-

308 3071 369 3117 nos
387 3047 466 3114 facit
484 3052 599 3128 Scylax
613 3069 686 3132 pag.
702 3065 759 3125 31.
779 3053 876 3114 Huds.
909 3052 997 3114 unde
1018 3049 1161 3112 diversos
1177 3066 1341 3134 utrosque

176 3213 183 3226 ,
310 3152 371 3214 elle
394 3151 536 3233 adparet.
578 3150 668 3212 ldem
684 3169 762 3210 vero
777 3151 924 3232 pluribus
940 3149 1049 3216 verbis
1067 3148 1166 3215 tradit
1178 3149 1338 3213 Nicolaus

308 3251 529 3314 Damascenus
542 3250 581 3310 de
598 3247 744 3312 moribus
760 3252 813 3316 Gr.
831 3249 894 3316 [v.
909 3247 1139 3344 Σαυρομάται.
1169 3251 1219 3314 Ad
1233 3251 1338 3312 Ther·

307 3352 501 3417 tnodontem
525 3348 604 3410 olim
626 3347 779 3412 habitasse
801 3351 900 3415 refert
921 3352 1058 3418 Diodor.
1081 3351 1148 3418 Sic.
1166 3370 1197 3424 s,
1212 3361 1273 3432 45.
1290 3347 1338 3414 in.

309 3452 410 3540 quod,
441 3465 478 3512 ut
500 3447 625 3536 reliqua
650 3447 695 3512 ibi
719 3468 857 3523 narrata,
883 3454 1063 3516 Amazonas
1083 3450 1196 3515 innuit
1211 3471 1340 3515 earum·
1448 3511 1449 3520 ,

308 3571 373 3642 que
395 3547 548 3622 maritos,
582 3547 779 3636 quibuscum
795 3551 888 3638 agisse
906 3551 996 3617 varia
1018 3551 1141 3622 indicia
1158 3553 1340 3624 declarant,

309 3669 342 3718 st
361 3651 512 3741 pluribus
536 3650 650 3715 docuit
670 3647 758 3716 Petit
780 3651 815 3717 in
843 3652 927 3717 libro
953 3652 1047 3718 traits
1075 3655 1131 3716 des
1154 3657 1340 3717 Amazones

309 3776 380 3842 cap.
395 3765 430 3834 lp.
474 3755 503 3813 T
506 3754 590 3816 alem
607 3749 705 3816 etiam
727 3772 859 3835 gentem
874 3751 909 3818 in
925 3752 1029 3834 Libya
1047 3751 1141 3838 ponit
1155 3752 1245 3815 idem
1258 3751 1339 3814 Dio·

309 3858 378 3920 dor.
396 3871 429 3931 3,
448 3866 505 3934 53.
533 3848 587 3915 oui
606 3867 638 3914 et
656 3851 800 3940 reliquos
814 3857 1019 3921 Amazonum
1033 3873 1141 3916 mores
1157 3850 1284 3925 tribuit,
1306 3867 1341 3916 et

308 3957 349 4020 de
364 3951 504 4040 Agilueis
528 3956 541 4034 (
550 3952 571 4016 s.
587 3950 714 4038 Augilis
730 3957 815 4041 apud
830 3957 999 4038 Nostrum)
1019 3954 1054 4020 in
1070 3951 1206 4021 Oriente
1221 3955 1339 4038 Glycas

308 4057 423 4121 Annas.
445 4055 480 4116 P.
501 4071 532 4118 e.
550 4075 583 4139 p.
607 4076 686 4118 ιιι.
709 4055 788 4121 Ven.
820 4056 853 4122 ul
865 4053 1029 4144 ’γυναῖκες
1055 4047 1251 4126 abstersio·
1272 4054 1341 4122 raia

309 4151 448 4249 ἀνδρῶν,
474 4149 528 4220 καὶ
551 4143 769 4247 repatriaverit,
793 4151 834 4237 ὡς
853 4150 1047 4240 βούλονται.
1085 4159 1214 4224 Nostrae
1229 4171 1338 4222 tutem
