2922 4958
317 581 496 656 viciniam,
523 587 578 647 etsi
599 580 706 646 laxius
727 583 782 662 (cs.
796 583 1004 666 1000000004,
1023 602 1064 647 οι
1082 586 1141 672 sq.)
1163 584 1199 648 in
1216 585 1346 666 Scythis

318 701 448 772 ponturt
470 681 651 766 Hesychius
676 685 709 745 h.
732 707 763 746 v.
797 682 911 746 Vibius
936 707 969 771 p.
989 707 1034 772 ru.
1052 701 1109 764 50.
1148 687 1283 752 Servius
1308 691 1350 750 od

105 493 109 500 ⁸
230 361 233 367 ¹
319 393 1347 488 aristomenonurour.unonuexotsno.
1441 447 1442 450 κ

292 784 433 870 'virgil
449 787 567 870 Georg.
588 809 618 858 ι,
637 795 719 864 040.
751 783 903 848 Lutatius
927 787 968 848 ad
989 789 1068 851 Stat.
1087 790 1193 852 Theb.
1214 814 1245 863 ι,
1262 801 1347 870 400.
1441 849 1442 868 ,

319 887 356 952 in
380 885 539 950 Sarmatia
561 889 733 970 Europaeo
756 887 894 949 Ptolem.
918 902 951 964 3,
978 899 1010 966 5.
1043 905 1076 951 et
1100 887 1259 952 Marcion.
1276 911 1304 953 0.
1327 893 1348 952 1.
1441 885 1442 892 '

319 987 378 1077 qui
391 991 566 1052 Turunten
582 987 617 1050 sl.
636 987 783 1066 (Dwina)
804 985 898 1054 exiis
917 986 1068 1063 deducit,
1094 989 1230 1076 quidam
1250 989 1351 1054 etiarn
1441 1033 1442 1040 .

320 1089 468 1163 Tanain,
495 1089 536 1151 de
553 1109 620 1174 quo
636 1087 677 1152 cs.
693 1089 835 1151 Casaub:
845 1089 887 1151 ad
904 1091 1053 1152 strabon.
1073 1113 1105 1175 p.
1124 1109 1206 1168 007.
1224 1092 1248 1156 s.
1267 1111 1347 1173 099.
1439 1053 1442 1132 i

319 1189 469 1257 Oberlin.
485 1191 528 1252 ad
543 1188 676 1253 Vibium
696 1211 728 1273 p.
747 1193 830 1268 365.
859 1189 998 1270 Gedoyn
1017 1193 1210 1256 recherches
1229 1193 1283 1254 sur
1304 1195 1349 1254 les

318 1293 571 1377 Hyperboreens
593 1289 628 1353 in
650 1288 827 1354 Memoiros
850 1291 891 1353 00
915 1288 1098 1354 litterature
1119 1327 1170 1342 —
1195 1293 1237 1354 de
1255 1293 1349 1356 Paris

318 1397 389 1458 Vol.
408 1411 440 1470 7.
463 1415 496 1476 p.
518 1403 596 1468 118.
639 1393 825 1454 Herodotus
852 1411 966 1455 eorum
989 1413 1110 1474 nomen
1131 1391 1271 1478 ignorat,
1296 1398 1351 1457 etsi
1441 1413 1442 1422 ¹

319 1493 406 1580 ipsos
424 1491 546 1556 novisse
562 1491 704 1556 videtur.
743 1495 847 1576 Supra
862 1491 1061 1578 Argippaeos
1078 1493 1179 1568 enim,
1203 1493 1261 1580 qui
1280 1495 1352 1557 sunt

319 1599 428 1661 Melae
445 1609 477 1659 et
495 1591 598 1656 Plinii
617 1591 823 1680 Arimphaei,
857 1611 1093 1658 commemorat
1113 1612 1242 1658 montes
1263 1593 1350 1658 inoc-

321 1698 438 1768 001100,
477 1715 560 1781 quos
592 1713 691 1757 nemo
729 1692 974 1758 transcenderit.
1036 1698 1152 1761 Strabo
1183 1711 1293 1758 tamen
1318 1713 1350 1774 7.

320 1823 354 1886 p.
372 1808 454 1877 004.
470 1797 491 1860 s.
512 1807 593 1877 095.
616 1811 650 1859 et
672 1797 902 1880 Hyperboreos
926 1813 960 1858 et
976 1797 1036 1857 1ιοο
1052 1813 1180 1859 montes
1203 1800 1352 1859 locorum

320 1895 529 1986 ignoratione
550 1895 644 1960 fictos
666 1897 726 1958 else
746 1911 857 1980 putat,
888 1895 942 1958 cui
968 1895 1147 1960 adsentitur
1166 1898 1288 1960 Vossius
1312 1899 1352 1960 od

321 2004 352 2085 0.
376 2011 430 2076 18.
456 2019 534 2062 cum
556 1995 593 2059 in
614 2013 683 2060 toto
702 1995 932 2081 septemtrione
947 2013 1076 2061 montes
1097 2021 1165 2062 non
1186 2001 1263 2070 sint.
1295 1997 1352 2084 qui

320 2101 479 2184 insignem
500 2100 641 2161 habeant
663 2101 894 2170 excelsitatem,
920 2113 953 2160 et
975 2101 1016 2163 fic
1035 2103 1143 2162 nullos
1162 2097 1298 2162 omnino
1319 2098 1354 2163 iu

321 2200 375 2268 his
390 2197 580 2284 regionibus
596 2199 656 2262 else
670 2213 818 2272 montes,
843 2195 902 2261 nist
920 2201 1003 2261 ultra
1014 2199 1057 2262 ς11.
1074 2202 1143 2262 Rha
1165 2202 1353 2284 (Wolgam)‚

322 2301 474 2368 adfirmat
494 2315 623 2383 praeter
637 2298 718 2363 alios
736 2297 837 2362 etiam
847 2302 991 2378 Bayerus
1006 2297 1041 2361 in
1064 2299 1227 2384 opusculis
1243 2323 1276 2385 p.
1295 2303 1352 2377 36.
1441 2365 1442 2384 Ε

322 2420 357 2467 at
376 2414 434 2480 80.
487 2399 634 2486 Quidam
655 2421 732 2464 cum
749 2397 885 2484 Alpibus
906 2399 1197 2472 commiscuerunt.
1225 2401 1267 2463 de
1287 2421 1352 2486 qno
1441 2461 1442 2476 p

322 2505 365 2568 ad
384 2522 416 2575 0,
431 2512 467 2581 4,
490 2523 543 2566 ιο.
571 2517 604 2564 et
627 2502 764 2564 Sudetes
786 2501 868 2562 00οο
888 2517 1016 2563 montes
1034 2522 1137 2585 prope
1159 2499 1304 2566 Sileslam
1323 2519 1355 2564 et

321 2600 517 2670 Boheruiam
540 2598 697 2684 intelligit
720 2599 868 2664 Vaissette
892 2599 927 2664 in
951 2600 1038 2664 notis
1060 2602 1100 2662 ad
1115 2599 1185 2665 hist
1211 2605 1252 2668 de
1273 2607 1355 2665 Lan·

322 2703 462 2792 guedoc.
478 2704 519 2765 T.
543 2725 570 2767 ι.
586 2723 618 2785 p.
637 2711 720 2781 594.
757 2699 821 2764 Alii
837 2699 955 2764 melius
971 2701 1105 2786 quidem
1123 2702 1260 2767 omnino
1277 2703 1355 2765 inde
1441 2695 1442 2718 ¹

324 2809 365 2870 ab
387 2801 467 2866 ostio
491 2819 524 2866 ct
545 2799 774 2888 promontorio
797 2800 875 2866 Ohii
903 2801 1077 2886 porrigunt
1101 2803 1195 2886 super
1217 2807 1356 2868 Tataros

323 2901 486 2990 Nogaios‚
528 2904 581 2966 sed
605 2901 683 2990 quia
708 2905 767 2966 srnt
790 2901 920 2988 cognati
951 2903 1026 2966 teste
1048 2905 1137 2966 Mela
1158 2928 1187 2977 1,
1218 2923 1273 2986 19,
1302 2920 1356 2981 13.

325 3003 475 3091 explodit
497 3006 628 3068 Cluver.
652 3003 687 3067 iu
712 3007 821 3067 Germ.
845 3020 911 3067 ant.
933 3027 961 3076 ι,
983 3028 1010 3067 ι.
1031 3027 1065 3088 p.
1086 3028 1138 3067 ιι.
1171 3003 1229 3090 qui
1252 3007 1294 3068 de
1315 3003 1356 3066 iis
1441 3009 1442 3012 ’

211 3177 214 3190 Ι
325 3105 427 3172 etiam
451 3103 602 3167 disseruit
623 3103 659 3166 in
683 3107 753 3166 Ital.
776 3119 841 3166 ant.
863 3128 892 3176 ι,
921 3123 977 3168 00.
998 3125 1071 3189 pag.
1095 3107 1175 3168 006.
1227 3103 1357 3170 Urelios

326 3224 455 3270 montes
481 3208 574 3288 saepe
597 3203 732 3290 quidem
753 3201 894 3288 intelligi
916 3205 1002 3288 posse
1022 3203 1176 3268 concedit
1198 3209 1358 3292 Uphagsar

327 3307 364 3370 in
382 3327 507 3391 parcrg.
523 3304 632 3368 hislor.
652 3327 686 3390 p.
702 3317 762 3385 40.
793 3321 826 3366 at
848 3321 980 3390 propter
1003 3309 1096 3368 situm
1115 3307 1223 3370 Ponto
1244 3310 1357 3370 borea-

327 3411 409 3480 lem,
436 3405 494 3470 ubi
512 3403 585 3468 satis
603 3405 725 3468 exstans
740 3403 855 3489 iugum
872 3425 940 3467 non
957 3405 1145 3489 reperiatur,
1168 3407 1262 3470 fictos
1286 3410 1358 3472 esse.

327 3512 426 3573 Forte
449 3523 577 3569 montes
600 3504 761 3569 Herodoti
784 3505 819 3566 in
839 3503 1003 3590 plerisque
1018 3505 1158 3590 eripaei
1175 3529 1214 3569 ex
1236 3511 1296 3570 situ
1317 3509 1358 3569 de

327 3606 569 3674 Werchoturiis
592 3605 749 3692 explicari
777 3607 916 3691 possunt.
956 3607 1007 3669 Cs.
1028 3610 1172 3689 Bayerus
1190 3605 1227 3672 in
1246 3610 1357 3695 opusc.

327 3733 361 3798 p.
382 3713 441 3790 86.
468 3724 502 3775 et
523 3729 607 3798 quae
627 3705 747 3772 adtulit
763 3708 940 3773 Schloeaer
955 3727 984 3772 c.
1000 3709 1024 3774 l.

612 3966 1013 3994 ⁴⁸*—

1440 3281 1442 3350 1
