2764 4954
313 397 377 468 532
584 385 745 446 raom
786 385 1089 448 exacuerent

314 551 445 626 Heliod.
463 559 635 647 Theogon.
651 581 685 624 v.
698 567 780 642 304.
802 541 919 626 ¹Strabo
939 565 993 628 16.
1011 569 1111 644 extr.)
1144 563 1333 626 Hunnomen

316 665 427 726 Graeci
450 675 603 746 ceperunt
621 661 659 724 ab
675 662 844 735 Hebraeis,
871 663 987 745 quibua
1010 668 1098 745 Syria
1122 667 1235 728 dicitur
1253 663 1333 726 Aram

314 787 331 827 a
352 766 517 828 conditore
538 762 592 826 [no
606 763 731 834 Aramo.
757 766 846 827 Semi
867 766 942 828 filio.
971 761 1043 854 [ef.
1060 767 1213 850 Iosephus
1227 767 1333 846 antiqu.

314 867 387 930 lud.
410 888 438 938 ι,
458 867 491 930 6.
516 863 538 928 Ι.
557 883 589 940 7,
606 859 665 952 4.]
718 865 798 926 Inde
820 865 964 928 Aramaei
986 871 1136 931 dicuntur
1157 867 1289 930 Bethuel
1309 878 1336 926 et

314 967 422 1030 Laban
446 964 559 1030 Genel.
581 979 640 1044 25.
669 983 727 1030 uo.
762 967 851 1029 unde
875 969 1003 1032 tandem
1023 972 1117 1032 Aram
1144 969 1336 1053 praeponitur

315 1070 422 1148 Syriae
442 1069 638 1152 regionibus.
674 1069 728 1132 sic
741 1069 1065 1158 Aram-Naharujim
1086 1074 1108 1135 i.
1123 1092 1152 1134 e.
1167 1072 1256 1151 Syria
1269 1071 1337 1130 duo·

312 1191 386 1232 rum
419 1170 595 1234 fluviorum
630 1171 664 1230 in
697 1168 788 1231 [acria
819 1170 917 1232 literia
951 1173 1068 1234 dicitur
1109 1171 1337 1254 Mesopotamia.

313 1290 483 1333 oanuvtva
498 1271 575 1334 MS.
613 1273 716 1332 Ducta
733 1271 856 1332 ethaeo
874 1269 944 1332 lunt
959 1273 1121 1336 deArimia
1136 1295 1176 1336 eat
1192 1273 1338 1334 Bucbarto

311 1373 347 1433 iu
362 1373 482 1456 Phaleg
499 1388 531 1441 2,
548 1383 582 1449 5.
599 1385 631 1434 et
645 1373 678 1435 6.
705 1373 761 1452 qui
779 1371 870 1432 limul
890 1373 994 1445 docet,
1018 1389 1142 1438 vetaree
1158 1359 1193 1436 in
1214 1375 1274 1436 hoc
1289 1391 1339 1434 nu·

202 1508 204 1512 ·
312 1475 402 1536 mine
414 1473 606 1558 designando
621 1473 789 1535 fluctuatus
804 1473 873 1544 elle,
890 1477 976 1555 quod
992 1477 1025 1537 in
1041 1477 1153 1559 primia
1168 1477 1292 1558 adparet
1306 1493 1341 1536 ex

310 1574 475 1637 Eustathio
492 1577 530 1636 ad
552 1575 685 1637 Homer.
703 1575 741 1636 ll.
760 1591 792 1644 u..
815 1588 898 1653 789..
925 1575 982 1636 ubi
1003 1591 1151 1640 veterum
1168 1579 1268 1640 variae
1284 1573 1342 1636 len·

311 1679 427 1738 tentiae
448 1675 629 1759 proposuit,
662 1689 695 1738 et
718 1676 795 1736 olim
816 1697 854 1737 ex
877 1677 1032 1741 Strabone
1054 1679 1109 1742 lib.
1133 1695 1188 1759 ι3.
1211 1701 1243 1763 p.
1261 1687 1339 1759 439.

311 1775 333 1840 l.
351 1779 436 1842 626.
472 1779 520 1838 Ex
536 1776 767 1841 recentioribua
782 1775 821 1838 cf.
841 1779 954 1858 Heyne
972 1781 1005 1840 in
1026 1778 1155 1842 excursu
1170 1783 1209 1842 erl
1227 1778 1341 1862 Virgilii

310 1877 391 1944 Aen.
413 1897 447 1958 9,
470 1892 554 1958 715.
607 1881 859 1961 Discrepantiam
882 1883 989 1943 movit
1013 1879 1114 1944 fabula
1136 1886 1177 1945 de
1199 1880 1340 1963 Typhoei

311 1982 415 2053 caede,
434 2001 528 2062 quam
539 2001 612 2043 cum
627 1982 661 2042 in
675 1983 771 2042 variis
782 1981 967 2066 regionibus
980 1980 1093 2045 laetam
1109 1985 1233 2045 tradant
1244 1995 1341 2043 aucto·

310 2103 377 2154 ree,
400 2084 487 2165 quod
504 2084 622 2145 Arimis
637 2081 751 2144 tribuit
765 2083 944 2155 Homerus,
970 2084 1046 2146 inde
1063 2087 1162 2147 etiam
1179 2088 1219 2147 de
1233 2083 1340 2146 Arimis

309 2184 382 2268 ipsu
397 2186 482 2246 varie
497 2185 696 2268 disputatum
713 2185 766 2246 est.
795 2181 846 2248 Cf.
863 2187 960 2246 etiarn
977 2187 1092 2265 Heyne
1104 2189 1143 2248 ad
1160 2185 1338 2268 Apollodor.

316 2305 346 2357 r,
368 2287 401 2358 6.
423 2300 457 2363 3.
481 2285 537 2346 ιι6ἱ
556 2305 625 2349 eam
641 2283 779 2346 inbutam
797 2287 829 2346 in
845 2287 934 2366 Syria
946 2301 1064 2360 natam,
1089 2304 1122 2350 et
1134 2289 1212 2349 inde
1228 2290 1261 2348 in
1275 2285 1340 2346 aliae

309 2401 417 2459 terrae,
433 2385 536 2450 lumto
553 2387 761 2456 incremento,
776 2388 948 2450 traductam
963 2403 1063 2471 putat.
1092 2391 1238 2468 DeSyria
1252 2389 1340 2450 etiam

311 2489 471 2552 intellexit
488 2490 566 2550 olim
584 2489 773 2550 Polrdoniua
795 2490 878 2570 apud
902 2489 1092 2553 Strabonem
1113 2489 1169 2552 lib.
1196 2491 1250 2554 16.
1268 2501 1339 2552 extr.

308 2589 392 2652 Aliae
413 2591 548 2651 aliorum
571 2587 740 2652 sententiae
762 2588 902 2652 recenset
921 2591 1034 2654 Strabo
1056 2591 1111 2654 lib.
1131 2606 1188 2671 13.
1210 2613 1242 2674 p.
1259 2601 1337 2669 430.

309 2689 332 2754 l.
349 2688 432 2755 626.
471 2688 521 2754 Cf.
536 2691 632 2752 etiam
647 2692 833 2772 interpretes
850 2691 986 2755 Homeri
1000 2693 1038 2756 ad
1057 2713 1083 2756 c.
1099 2694 1120 2756 l.
1142 2707 1175 2755 et
1191 2690 1340 2756 Scbliobt·

308 2791 394 2854 horll
413 2793 453 2855 de
479 2792 595 2878 Geogr.
619 2793 752 2856 Homeri
780 2814 811 2874 p.
835 2803 884 2873 44
901 2791 942 2875 lq.
999 2794 1106 2876 lpium
1139 2813 1219 2856 vero
1250 2793 1339 2856 etiam

308 2895 466 2974 Syrorum
481 2914 601 2958 nornen
615 2897 725 2957 multia
740 2895 890 2980 gentibue
907 2915 1077 2958 commune
1095 2894 1196 2967 inille.
1223 2892 1340 2957 notarit

200 3002 206 3020 '
309 2996 490 3078 Stephanus
505 2997 537 3058 6.
555 3017 587 3058 v.
617 3009 649 3057 et
665 2997 829 3059 Strabonis
850 2999 1036 3060 auctoritate
1058 2997 1114 3062 lib.
1136 2995 1191 3062 16.
1210 2997 1254 3058 in.
1273 3011 1338 3076 pro·

310 3096 411 3160 bavit.
463 3097 525 3158 llic
554 3097 640 3158 enim
668 3099 829 3168 adfirmat.
864 3100 1019 3176 Syrorum
1051 3118 1172 3161 nomon
1199 3091 1337 3160 tntffime

309 3199 441 3282 patuille
457 3219 472 3260 a
489 3198 660 3276 Ilabylorria
680 3200 718 3260 ad
736 3199 837 3260 linum
852 3195 980 3260 lfficum
998 3213 1031 3262 et
1051 3202 1126 3264 iude
1144 3201 1182 3262 atl
1200 3201 1337 3262 Pontum

310 3301 493 3373 Euxinurn;
532 3313 680 3381 utrosque
710 3303 800 3361 eninr
827 3300 1048 3381 Cappadocae,
1080 3315 1114 3364 et
1136 3322 1237 3384 prope
1261 3301 1337 3362 Tau·

309 3421 399 3472 rum.
426 3417 458 3462 et
474 3419 572 3483 prope
587 3402 725 3464 Pontum
743 3399 937 3480 Leucolyroa
959 3405 1077 3466 vocari.
1128 3405 1198 3473 Sic,
1225 3415 1261 3464 ut
1277 3399 1337 3481 qui·

311 3501 443 3564 busdam
460 3503 614 3584 exemplis
629 3503 819 3574 declaretur.
846 3503 883 3563 ad
901 3503 1026 3566 Castum
1042 3519 1075 3566 et
1090 3505 1263 3572 Libanum.
1287 3498 1335 3582 qui

311 3588 445 3664 suntin
478 3605 656 3666 continenti
682 3601 752 3688 (ἐπ’
776 3597 919 3691 ἠπείρῳ)
952 3606 1048 3684 Syron
1081 3621 1175 3668 vocat
1210 3597 1335 3680 Dionys.

310 3725 344 3766 v.
361 3717 445 3784 904.
471 3707 528 3786 qui
550 3677 748 3766 rbaritimrrm
770 3719 903 3767 tractum
919 3704 1080 3779 habituum
1111 3709 1208 3786 Syros
1224 3706 1343 3786 cappa*

311 3806 407 3870 doces
429 3821 661 3869 conuuemorat
676 3808 860 3869 Herodotus
880 3826 909 3877 ι,
927 3824 986 3890 72.
1012 3827 1109 3891 quem
1130 3809 1203 3870 ideo
1219 3807 1333 3888 adlegat

311 3908 424 3968 Strabo
445 3907 501 3968 lib.
524 3925 577 3970 ru.
600 3929 632 3990 p.
651 3919 735 3986 375.
758 3905 883 3985 6344.
913 3929 952 3970 ex
979 3907 1162 3972 confustone
1184 3909 1288 3988 Syriae
1305 3913 1334 3964 et

309 4005 456 4086 Allyriae.
481 4009 520 4069 tle
536 4029 597 4091 qua
613 4011 773 4090 deinceps,
795 4009 944 4088 Allyriam
958 4011 997 4072 ad
1014 4011 1256 4072 Thermodonta
1271 4021 1335 4089 pro·

311 4109 400 4186 ducit
422 4109 532 4188 Scylax
552 4131 583 4194 p.
603 4125 661 4192 33.
681 4109 779 4173 Huni.
813 4112 853 4172 ad
875 4111 1018 4196 Sinopen
1045 4113 1205 4176 Plutarch.
1226 4111 1258 4172 io
1279 4107 1334 4167 Lu·
