2892 4950
199 411 254 471 ur
281 409 421 470 nour.
450 407 559 466 unt.
598 405 679 463 un
722 405 756 464 c.
776 405 868 470 xro:
910 403 936 476 i·
960 419 989 476 3.
1051 415 1114 485 5⁰9

151 599 274 666 terga
299 580 456 666 agunt)
506 582 550 644 Ut
568 577 655 663 iupra
675 599 703 652 ι,
724 591 778 657 25.
794 595 828 642 9.
846 577 887 640 99
901 581 1027 642 Tauro:
1051 599 1116 664 qua

74 680 206 780 dorsum
224 687 305 768 agit.
357 687 407 747 De
434 681 521 746 19919
547 683 645 745 huiue
667 681 731 743 loci
753 681 877 743 dictum
901 681 1004 745 91119
1029 683 1117 745 99119

75 791 196 854 criticia
215 808 250 872 p.
264 799 350 866 532.
373 797 406 847 et
425 784 541 869 99119.
557 797 642 865 535.
663 783 703 846 de
717 781 856 864 Coryna.
991 781 996 793 '

154 990 197 1054 H
200 1007 329 1052 armus
338 985 357 1070 )
405 978 609 1074 (19.”119μ9ς.
645 970 699 1048 Di
711 1003 750 1048 eo
772 981 958 1047 consulendi
978 987 1117 1053 maxime

76 1090 193 1157 Strabo
212 1105 268 1170 13.
285 1087 542 1170 94591696.
565 1101 597 1150 cr
612 1086 736 1150 Pliniur
754 1097 786 1164 5.
806 1101 864 1166 31.
880 1084 901 1150 i.
920 1104 978 1167 99.
1006 1088 1118 1150 Oritur

77 1197 115 1256 in
139 1205 255 1254 monte
278 1188 360 1251 [acro
383 1190 606 1270 Dindymenae
625 1187 778 1268 Cybelee;
810 1187 940 1267 (Strabo
964 1202 996 1251 et
1016 1191 1117 1252 Hero·

77 1295 151 1358 dot.
175 1313 203 1363 r,
221 1293 297 1370 89.)
318 1292 405 1350 iuxta
421 1291 609 1370 Doryleum,
633 1289 790 1374 Phrygiae
807 1290 970 1353 civitatem
992 1291 1118 1370 (Plio.)

79 1393 260 1476 multosque
274 1391 409 1472 conligit
418 1386 560 1479 fluvios,
593 1391 676 1452 inter
694 1411 773 1472 quos
787 1391 962 1473 Phrygem,
992 1393 1047 1475 qui
1064 1411 1119 1454 rro·

79 1496 167 1559 mirre
184 1493 275 1574 genti
296 1491 395 1563 ciacc,
426 1513 448 1552 a
467 1491 567 1554 Caria
587 1511 655 1551 eam
678 1491 902 1564 disterminum
932 1491 1064 1576 Hyllum
1089 1505 1120 1556 ec
1193 1550 1197 1558 ,

83 1596 194 1678 Cryon
218 1607 250 1655 et
272 1583 359 1684 ipsos
381 1591 551 1676 Phrygiae,
584 1587 727 1681 Mysiae,
761 1592 886 1674 Lydiae
910 1593 1057 1656 amnibus
1077 1615 1122 1656 re·

81 1697 198 1780 pictos.
226 1695 403 1773 (Plinius.)
454 1693 584 1756 Addunt
609 1695 662 1754 aiii
687 1693 875 1765 Pactolum,
901 1707 937 1755 ut
962 1695 1119 1760 Herodot-

83 1809 119 1877 5,
140 1817 225 1861 ror.
253 1795 391 1857 Ptolem.
408 1803 440 1870 5.
456 1810 490 1858 9.
515 1793 571 1856 etii
591 1813 664 1854 cum
680 1773 719 1856 eo
736 1810 844 1856 contra
863 1797 946 1856 male
962 1797 1121 1858 Hermum

83 1895 244 1961 confundi
259 1894 363 1958 scribit
377 1895 488 1957 Vibiur
502 1915 535 1977 p.
552 1909 610 1958 99.
649 1895 742 1956 Idem
757 1895 876 1974 Lydiae
892 1895 1027 1958 fluvium
1045 1899 1123 1958 dicit

82 2019 162 2062 cum
173 1999 296 2063 Nonuo
312 1993 445 2076 Dionys.
461 2013 516 2068 12,
537 2005 618 2075 124.
641 2015 680 2058 eo
696 2015 812 2079 nempe
829 1993 927 2066 seusu,
953 2017 1016 2078 quo
1034 1995 1122 2080 supra

84 2101 166 2162 dixi.
211 2097 374 2160 Transrbat
403 2097 590 2160 Sardianum
617 2117 748 2180 agrum,
781 2096 839 2158 ubi
868 2097 999 2159 Pactolo
1028 2117 1122 2182 auge·

84 2201 194 2270 batur.
218 2198 389 2276 (Herodot.
408 2209 440 2275 5,
465 2219 544 2262 ror.
565 2197 690 2276 Strabo)
720 2210 752 2259 et
777 2198 853 2259 inde
876 2218 932 2281 per
953 2199 1124 2263 continuoe

87 2317 221 2382 compos
237 2302 275 2359 ed
289 2317 375 2361 mere
390 2299 517 2364 fluebat.
540 2296 683 2382 (Strabo)
713 2297 821 2361 Notue
836 2300 869 2359 in
887 2301 998 2382 primic
1010 2300 1125 2362 Hermi

86 2419 236 2482 campus,
263 2400 428 2480 quiquam
445 2402 505 2462 iate
521 2401 673 2482 paruerit,
697 2401 825 2481 adparet
840 2403 948 2472 exiis,
974 2419 1052 2484 quae
1067 2419 1125 2464 no·

85 2516 242 2564 taverunt
263 2499 426 2563 Salmaiius
442 2503 481 2562 ad
503 2501 605 2563 Soiin.
626 2522 659 2583 p.
675 2521 719 2562 nr.
737 2501 820 2565 696.
850 2515 883 2563 et
899 2501 1067 2566 Berkeliue
1086 2503 1126 2566 99

86 2602 245 2686 Stephon.
266 2623 298 2684 p.
317 2614 401 2680 359.
440 2605 490 2664 De
507 2603 682 2682 Smyrnaeo
705 2621 817 2685 campo
837 2604 923 2684 quod
941 2618 1050 2666 contra
1063 2605 1128 2666 Pii·

86 2707 185 2768 nium
202 2704 314 2764 nititur
333 2704 507 2775 Salmasrue,
533 2703 691 2764 Hermum
713 2722 770 2784 per
792 2705 884 2764 iilum
901 2705 999 2768 fluere
1013 2704 1127 2768 diserte

87 2807 239 2869 adfirmat
257 2803 369 2867 Strabo
391 2817 443 2883 13.
464 2823 497 2886 p.
515 2801 636 2885 497.1.
653 2804 738 2866 69ι.
760 2817 794 2863 et
810 2804 888 2864 hinc
902 2805 957 2886 ipir
973 2809 1127 2886 Smyrnae

89 2907 249 2969 tribuitur
278 2905 412 2976 fluriue‚
447 2918 483 2965 ut
509 2919 542 2966 et
566 2905 658 2965 numi
683 2903 849 2977 testantur,
880 2905 920 2967 de
945 2907 1062 2986 quibua
1086 2905 1126 2970 cf.

89 3005 215 3073 uerene
235 3007 270 3066 in
296 3005 370 3068 Lex.
392 3025 483 3069 num.
502 3007 543 3070 Τ.
560 3021 594 3070 9.
614 3005 652 3068 Ρ.
671 3023 704 3068 9.
723 3026 754 3087 p.
773 3015 857 3084 949.
909 3007 948 3066 19
970 3027 1055 3069 mare
1078 3025 1129 3069 ex·

92 3109 241 3172 currebat
266 3126 363 3188 prope
384 3106 562 3169 Phocaeam
578 3109 613 3168 in
633 3107 737 3168 [inum
760 3109 982 3188 Smyrnaeum.
1007 3107 1130 3183 (Hero-

91 3212 164 3274 dot.
187 3231 216 3280 r,
232 3221 290 3286 sso.
308 3220 340 3267 et
354 3206 498 3284 Strabo.)
538 3189 731 3294 onunriiy}
744 3222 875 3270 vocatur
891 3227 908 3268 a
923 3207 1045 3269 Nonno
1062 3229 1089 3271 c.
1106 3209 1128 3274 1.

94 3307 270 3398 πολυηχὴς
290 3328 308 3369 9
330 3307 457 3391 Quinto
473 3309 539 3374 Cal.
563 3331 590 3381 r,
608 3319 693 3388 994.
721 3301 845 3398 aurifer
868 3311 963 3371 etiam
985 3306 1131 3390 paffima

92 3415 202 3498 poetic
222 3410 432 3493 praedicatur,
466 3411 521 3473 etri
544 3412 578 3472 19
598 3431 637 3472 ex
659 3411 879 3472 commistione
902 3429 975 3471 cum
999 3410 1130 3473 Pactolo

94 3515 167 3578 fieri
182 3527 274 3596 purat
292 3512 489 3593 Dauoqueiue
501 3512 539 3572 ed
555 3513 611 3576 811.
633 3511 701 3572 irai.
721 3531 750 3580 r,
771 3523 851 3590 ¹59·
878 3513 935 3592 qui
954 3523 1060 3572 temen
1083 3531 1131 3574 re·

94 3615 218 3678 iuratur
246 3634 264 3675 a
288 3611 554 3674 Drakenborchio
578 3614 617 3674 ad
641 3629 668 3674 c.
690 3611 711 3673 1.
746 3623 780 3673 et
803 3612 932 3690 Heyoio
955 3613 993 3672 ad
1020 3613 1130 3696 Virgil.
1206 3639 1209 3647 ·

96 3718 218 3801 Georg.
244 3730 278 3785 9.
302 3727 381 3792 157.
423 3713 465 3775 H.
489 3711 646 3784 Sombat,
680 3724 728 3782 et,
756 3725 794 3773 ut
813 3725 904 3802 notar
925 3711 1069 3776 Oberlin.
1092 3713 1133 3774 ad

95 3818 233 3884 Vibium
246 3835 280 3898 p.
300 3831 380 3879 120·
405 3813 588 3897 abantiquo
603 3815 724 3898 oppido
739 3812 835 3877 Cadie
854 3808 974 3900 fluvius
988 3811 1108 3878 Kedus.

174 4017 311 4082 Leuca
318 4016 338 4100 )
386 4015 534 4083 Straboni
553 4027 608 4098 ¹4·
624 4037 657 4100 p.
666 4025 750 4099 444.
769 4013 790 4080 i.
808 4015 893 4100 646.
914 4009 1054 4086 Arium,
1078 4011 1136 4076 ubi

97 4133 196 4188 vocet
217 4115 402 4208 πολίχνιον.
439 4121 480 4182 19
495 4117 602 4188 Plinio
616 4131 649 4200 5,
667 4133 727 4197 31.
743 4117 765 4182 1.
783 4133 844 4200 99.
863 4115 906 4180 eii
927 4117 1031 4182 Leuce
1048 4117 1136 4202 oppi-
