<?xml version="1.0" encoding="UTF-8"?>
<!DOCTYPE html PUBLIC "-//W3C//DTD XHTML 1.0 Transitional//EN"
    "http://www.w3.org/TR/xhtml1/DTD/xhtml1-transitional.dtd">
<html xmlns="http://www.w3.org/1999/xhtml" xml:lang="en" lang="en">
 <head>
  <title>
</title>
<meta http-equiv="Content-Type" content="text/html;charset=utf-8" />
  <meta name='ocr-system' content='tesseract 3.04.00' />
  <meta name='ocr-capabilities' content='ocr_page ocr_carea ocr_par ocr_line ocrx_word'/>
</head>
<body>
  <div class='ocr_page' id='page_1' title='image "./pomponiimelaede06melagoog_0148.png"; bbox 0 0 2756 4964; ppageno 0'>
   <div class='ocr_carea' id='block_1_1' title="bbox 333 433 1098 530">
    <p class='ocr_par' dir='ltr' id='par_1_1' title="bbox 333 433 1098 530">
     <span class='ocr_line' id='line_1_1' title="bbox 333 433 1098 530; baseline -0.008 -35"><span class='ocrx_word' id='word_1_1' title='bbox 333 447 392 512; x_wconf 68' lang='lat' dir='ltr'>zat</span> <span class='ocrx_word' id='word_1_2' title='bbox 597 435 757 530; x_wconf 80' lang='lat' dir='ltr'>uortn</span> <span class='ocrx_word' id='word_1_3' title='bbox 798 433 1098 492; x_wconf 77' lang='lat' dir='ltr'>nxuonrmtu</span> 
     </span>
    </p>
   </div>
   <div class='ocr_carea' id='block_1_2' title="bbox 330 602 1368 4225">
    <p class='ocr_par' dir='ltr' id='par_1_2' title="bbox 330 602 1368 4225">
     <span class='ocr_line' id='line_1_2' title="bbox 330 602 1363 692; baseline -0.006 -20"><span class='ocrx_word' id='word_1_4' title='bbox 330 608 460 672; x_wconf 74' lang='lat' dir='ltr'>Nullius</span> <span class='ocrx_word' id='word_1_5' title='bbox 474 621 580 670; x_wconf 87' lang='lat' dir='ltr'>autem</span> <span class='ocrx_word' id='word_1_6' title='bbox 596 607 748 692; x_wconf 83' lang='lat' dir='ltr'>ponderie</span> <span class='ocrx_word' id='word_1_7' title='bbox 764 607 822 678; x_wconf 83' lang='lat' dir='ltr'>eli,</span> <span class='ocrx_word' id='word_1_8' title='bbox 851 605 957 690; x_wconf 77' lang='lat' dir='ltr'>fiquu</span> <span class='ocrx_word' id='word_1_9' title='bbox 972 609 1118 680; x_wconf 85' lang='lat' dir='ltr'>obiiciat.</span> <span class='ocrx_word' id='word_1_10' title='bbox 1142 604 1240 670; x_wconf 84' lang='lat' dir='ltr'>hotlie</span> <span class='ocrx_word' id='word_1_11' title='bbox 1256 602 1363 666; x_wconf 77' lang='lat' dir='ltr'>nullut</span> 
     </span>
     <span class='ocr_line' id='line_1_3' title="bbox 330 705 1363 793; baseline -0.007 -22"><span class='ocrx_word' id='word_1_12' title='bbox 330 711 398 772; x_wconf 89' lang='lat' dir='ltr'>illic</span> <span class='ocrx_word' id='word_1_13' title='bbox 423 711 529 792; x_wconf 78' lang='lat' dir='ltr'>vagari</span> <span class='ocrx_word' id='word_1_14' title='bbox 554 708 755 792; x_wconf 80' lang='lat' dir='ltr'>elephantoe.</span> <span class='ocrx_word' id='word_1_15' title='bbox 797 729 871 770; x_wconf 86' lang='lat' dir='ltr'>cuur</span> <span class='ocrx_word' id='word_1_16' title='bbox 896 730 999 793; x_wconf 83' lang='lat' dir='ltr'>neque</span> <span class='ocrx_word' id='word_1_17' title='bbox 1023 723 1144 773; x_wconf 88' lang='lat' dir='ltr'>caetera</span> <span class='ocrx_word' id='word_1_18' title='bbox 1172 705 1363 768; x_wconf 74' lang='lat' dir='ltr'>Mauritania</span> 
     </span>
     <span class='ocr_line' id='line_1_4' title="bbox 331 805 1363 900; baseline -0.008 -27"><span class='ocrx_word' id='word_1_19' title='bbox 331 812 413 873; x_wconf 85' lang='lat' dir='ltr'>ullos</span> <span class='ocrx_word' id='word_1_20' title='bbox 428 811 524 872; x_wconf 85' lang='lat' dir='ltr'>hodie</span> <span class='ocrx_word' id='word_1_21' title='bbox 538 806 626 872; x_wconf 82' lang='lat' dir='ltr'>ierat.</span> <span class='ocrx_word' id='word_1_22' title='bbox 648 805 739 896; x_wconf 80' lang='lat' dir='ltr'>[Viri.</span> <span class='ocrx_word' id='word_1_23' title='bbox 754 809 841 892; x_wconf 80' lang='lat' dir='ltr'>supra</span> <span class='ocrx_word' id='word_1_24' title='bbox 854 809 892 872; x_wconf 86' lang='lat' dir='ltr'>ad</span> <span class='ocrx_word' id='word_1_25' title='bbox 908 814 937 892; x_wconf 90' lang='lat'>§.</span> <span class='ocrx_word' id='word_1_26' title='bbox 951 806 1005 900; x_wconf 80' lang='lat' dir='ltr'>u.]</span> <span class='ocrx_word' id='word_1_27' title='bbox 1037 813 1118 876; x_wconf 87' lang='lat' dir='ltr'>Sane</span> <span class='ocrx_word' id='word_1_28' title='bbox 1133 807 1245 874; x_wconf 79' lang='lat' dir='ltr'>Strabo</span> <span class='ocrx_word' id='word_1_29' title='bbox 1259 805 1316 867; x_wconf 90' lang='lat' dir='ltr'>lib.</span> <span class='ocrx_word' id='word_1_30' title='bbox 1332 818 1363 884; x_wconf 74' lang='lat'>3.</span> 
     </span>
     <span class='ocr_line' id='line_1_5' title="bbox 332 901 1364 1002; baseline -0.006 -26"><span class='ocrx_word' id='word_1_31' title='bbox 332 907 412 1000; x_wconf 71' lang='grc' dir='ltr'>[νγ.</span> <span class='ocrx_word' id='word_1_32' title='bbox 429 933 455 973; x_wconf 89' lang='lat' dir='ltr'>c.</span> <span class='ocrx_word' id='word_1_33' title='bbox 473 905 516 998; x_wconf 90' lang='lat' dir='ltr'>l.]</span> <span class='ocrx_word' id='word_1_34' title='bbox 541 923 685 972; x_wconf 89' lang='lat' dir='ltr'>montem</span> <span class='ocrx_word' id='word_1_35' title='bbox 701 911 819 991; x_wconf 80' lang='lat' dir='ltr'>Abylae</span> <span class='ocrx_word' id='word_1_36' title='bbox 832 907 1021 1000; x_wconf 67' lang='grc' dir='ltr'>πολύθηρον</span> <span class='ocrx_word' id='word_1_37' title='bbox 1037 907 1091 976; x_wconf 81' lang='grc' dir='ltr'>καὶ</span> <span class='ocrx_word' id='word_1_38' title='bbox 1107 901 1364 1002; x_wconf 68' lang='grc' dir='ltr'>μεγαλὸδενδροτ</span> 
     </span>
     <span class='ocr_line' id='line_1_6' title="bbox 331 1008 1364 1096; baseline -0.006 -20"><span class='ocrx_word' id='word_1_39' title='bbox 331 1013 477 1096; x_wconf 86' lang='lat' dir='ltr'>appellat.</span> <span class='ocrx_word' id='word_1_40' title='bbox 503 1045 553 1060; x_wconf 89' lang='lat'>--</span> <span class='ocrx_word' id='word_1_41' title='bbox 603 1012 735 1075; x_wconf 71' lang='lat' dir='ltr'>Montes</span> <span class='ocrx_word' id='word_1_42' title='bbox 749 1012 798 1074; x_wconf 85' lang='lat' dir='ltr'>illi</span> <span class='ocrx_word' id='word_1_43' title='bbox 817 1011 881 1074; x_wconf 86' lang='lat' dir='ltr'>hoc</span> <span class='ocrx_word' id='word_1_44' title='bbox 897 1027 1041 1096; x_wconf 88' lang='lat' dir='ltr'>ternpore</span> <span class='ocrx_word' id='word_1_45' title='bbox 1062 1011 1232 1077; x_wconf 82' lang='lat' dir='ltr'>confertim</span> <span class='ocrx_word' id='word_1_46' title='bbox 1249 1008 1289 1070; x_wconf 83' lang='lat' dir='ltr'>ab</span> <span class='ocrx_word' id='word_1_47' title='bbox 1306 1009 1364 1070; x_wconf 80' lang='lat' dir='ltr'>hu</span> 
     </span>
     <span class='ocr_line' id='line_1_7' title="bbox 330 1111 1364 1198; baseline -0.009 -21"><span class='ocrx_word' id='word_1_48' title='bbox 330 1115 476 1177; x_wconf 78' lang='lat' dir='ltr'>minibus</span> <span class='ocrx_word' id='word_1_49' title='bbox 496 1111 731 1184; x_wconf 82' lang='lat' dir='ltr'>inhabitantur,</span> <span class='ocrx_word' id='word_1_50' title='bbox 767 1113 844 1176; x_wconf 89' lang='lat' dir='ltr'>olim</span> <span class='ocrx_word' id='word_1_51' title='bbox 865 1134 942 1177; x_wconf 86' lang='lat' dir='ltr'>vero</span> <span class='ocrx_word' id='word_1_52' title='bbox 958 1127 1089 1198; x_wconf 87' lang='lat' dir='ltr'>propter</span> <span class='ocrx_word' id='word_1_53' title='bbox 1109 1113 1364 1197; x_wconf 25' lang='lat' dir='ltr'>elephantorum*</span> 
     </span>
     <span class='ocr_line' id='line_1_8' title="bbox 332 1209 1364 1298; baseline -0.008 -20"><span class='ocrx_word' id='word_1_54' title='bbox 332 1215 465 1278; x_wconf 84' lang='lat' dir='ltr'>leonum</span> <span class='ocrx_word' id='word_1_55' title='bbox 487 1215 681 1295; x_wconf 84' lang='lat' dir='ltr'>aliarumque</span> <span class='ocrx_word' id='word_1_56' title='bbox 706 1211 842 1276; x_wconf 86' lang='lat' dir='ltr'>ferarum</span> <span class='ocrx_word' id='word_1_57' title='bbox 872 1217 999 1298; x_wconf 90' lang='lat' dir='ltr'>copiam</span> <span class='ocrx_word' id='word_1_58' title='bbox 1024 1217 1118 1278; x_wconf 87' lang='lat' dir='ltr'>credo</span> <span class='ocrx_word' id='word_1_59' title='bbox 1142 1211 1261 1278; x_wconf 84' lang='lat' dir='ltr'>lactum</span> <span class='ocrx_word' id='word_1_60' title='bbox 1292 1209 1364 1273; x_wconf 78' lang='lat' dir='ltr'>elle</span> 
     </span>
     <span class='ocr_line' id='line_1_9' title="bbox 331 1311 1365 1402; baseline -0.004 -23"><span class='ocrx_word' id='word_1_61' title='bbox 331 1329 370 1379; x_wconf 85' lang='lat' dir='ltr'>ut</span> <span class='ocrx_word' id='word_1_62' title='bbox 391 1315 500 1378; x_wconf 88' lang='lat' dir='ltr'>Graeci</span> <span class='ocrx_word' id='word_1_63' title='bbox 518 1312 675 1376; x_wconf 82' lang='lat' dir='ltr'>Abiuuom</span> <span class='ocrx_word' id='word_1_64' title='bbox 697 1315 892 1398; x_wconf 87' lang='lat' dir='ltr'>interpretati</span> <span class='ocrx_word' id='word_1_65' title='bbox 909 1318 969 1378; x_wconf 83' lang='lat' dir='ltr'>srut</span> <span class='ocrx_word' id='word_1_66' title='bbox 984 1311 1223 1402; x_wconf 67' lang='grc' dir='ltr'>Κυνηγετικὴνῖ</span> <span class='ocrx_word' id='word_1_67' title='bbox 1266 1313 1365 1378; x_wconf 74' lang='lat' dir='ltr'>ttiuo</span> 
     </span>
     <span class='ocr_line' id='line_1_10' title="bbox 332 1413 1365 1500; baseline -0.004 -20"><span class='ocrx_word' id='word_1_68' title='bbox 332 1431 442 1480; x_wconf 85' lang='lat' dir='ltr'>tamen</span> <span class='ocrx_word' id='word_1_69' title='bbox 457 1416 606 1500; x_wconf 82' lang='lat' dir='ltr'>fignificat</span> <span class='ocrx_word' id='word_1_70' title='bbox 621 1413 746 1478; x_wconf 79' lang='lat' dir='ltr'>Abinna</span> <span class='ocrx_word' id='word_1_71' title='bbox 762 1417 815 1480; x_wconf 85' lang='lat' dir='ltr'>vel</span> <span class='ocrx_word' id='word_1_72' title='bbox 831 1415 935 1490; x_wconf 72' lang='lat' dir='ltr'>abita.</span> <span class='ocrx_word' id='word_1_73' title='bbox 961 1420 1010 1480; x_wconf 92' lang='lat' dir='ltr'>uti</span> <span class='ocrx_word' id='word_1_74' title='bbox 1025 1415 1182 1482; x_wconf 83' lang='lat' dir='ltr'>olienlnrn</span> <span class='ocrx_word' id='word_1_75' title='bbox 1195 1414 1365 1478; x_wconf 85' lang='lat' dir='ltr'>liochartu</span> 
     </span>
     <span class='ocr_line' id='line_1_11' title="bbox 333 1509 1365 1602; baseline -0.003 -21"><span class='ocrx_word' id='word_1_76' title='bbox 333 1519 387 1599; x_wconf 91' lang='lat' dir='ltr'>[in</span> <span class='ocrx_word' id='word_1_77' title='bbox 404 1517 552 1582; x_wconf 80' lang='lat' dir='ltr'>chanaan</span> <span class='ocrx_word' id='word_1_78' title='bbox 571 1531 603 1587; x_wconf 81' lang='lat' dir='ltr'>u,</span> <span class='ocrx_word' id='word_1_79' title='bbox 620 1533 653 1596; x_wconf 86' lang='lat'>9.</span> <span class='ocrx_word' id='word_1_80' title='bbox 673 1509 740 1602; x_wconf 90' lang='lat' dir='ltr'>in.]</span> <span class='ocrx_word' id='word_1_81' title='bbox 766 1537 862 1600; x_wconf 87' lang='lat' dir='ltr'>quam</span> <span class='ocrx_word' id='word_1_82' title='bbox 885 1520 971 1583; x_wconf 87' lang='lat' dir='ltr'>vide.</span> <span class='ocrx_word' id='word_1_83' title='bbox 1002 1538 1147 1582; x_wconf 74' lang='lat' dir='ltr'>voratae.</span> <span class='ocrx_word' id='word_1_84' title='bbox 1207 1515 1365 1580; x_wconf 75' lang='lat' dir='ltr'>simod«</span> 
     </span>
     <span class='ocr_line' id='line_1_12' title="bbox 333 1617 1365 1703; baseline -0.004 -21"><span class='ocrx_word' id='word_1_85' title='bbox 333 1619 528 1682; x_wconf 85' lang='lat' dir='ltr'>constiterint</span> <span class='ocrx_word' id='word_1_86' title='bbox 545 1617 648 1678; x_wconf 83' lang='lat' dir='ltr'>Mauri</span> <span class='ocrx_word' id='word_1_87' title='bbox 665 1619 746 1680; x_wconf 88' lang='lat' dir='ltr'>intra</span> <span class='ocrx_word' id='word_1_88' title='bbox 761 1618 842 1682; x_wconf 87' lang='lat' dir='ltr'>hauc</span> <span class='ocrx_word' id='word_1_89' title='bbox 858 1621 1120 1703; x_wconf 81' lang='lat' dir='ltr'>explicationem.</span> <span class='ocrx_word' id='word_1_90' title='bbox 1145 1633 1179 1681; x_wconf 91' lang='lat' dir='ltr'>et</span> <span class='ocrx_word' id='word_1_91' title='bbox 1196 1635 1264 1680; x_wconf 91' lang='lat' dir='ltr'>uun</span> <span class='ocrx_word' id='word_1_92' title='bbox 1280 1617 1365 1678; x_wconf 79' lang='lat' dir='ltr'>aliua</span> 
     </span>
     <span class='ocr_line' id='line_1_13' title="bbox 333 1717 1366 1803; baseline -0.006 -20"><span class='ocrx_word' id='word_1_93' title='bbox 333 1718 512 1782; x_wconf 80' lang='lat' dir='ltr'>fabulosum</span> <span class='ocrx_word' id='word_1_94' title='bbox 527 1720 567 1779; x_wconf 87' lang='lat' dir='ltr'>de</span> <span class='ocrx_word' id='word_1_95' title='bbox 583 1717 639 1780; x_wconf 89' lang='lat' dir='ltr'>hac</span> <span class='ocrx_word' id='word_1_96' title='bbox 654 1721 917 1803; x_wconf 82' lang='lat' dir='ltr'>eucugitaverint.</span> <span class='ocrx_word' id='word_1_97' title='bbox 965 1721 1049 1784; x_wconf 78' lang='lat' dir='ltr'>Natu</span> <span class='ocrx_word' id='word_1_98' title='bbox 1063 1722 1136 1792; x_wconf 82' lang='lat' dir='ltr'>hoc.</span> <span class='ocrx_word' id='word_1_99' title='bbox 1158 1719 1243 1802; x_wconf 83' lang='lat' dir='ltr'>quod</span> <span class='ocrx_word' id='word_1_100' title='bbox 1260 1717 1366 1780; x_wconf 70' lang='lat' dir='ltr'>scribit</span> 
     </span>
     <span class='ocr_line' id='line_1_14' title="bbox 333 1819 1366 1904; baseline -0.004 -18"><span class='ocrx_word' id='word_1_101' title='bbox 333 1822 433 1894; x_wconf 84' lang='lat' dir='ltr'>Mela,</span> <span class='ocrx_word' id='word_1_102' title='bbox 452 1821 617 1882; x_wconf 67' lang='lat' dir='ltr'>monuerit</span> <span class='ocrx_word' id='word_1_103' title='bbox 636 1819 773 1882; x_wconf 87' lang='lat' dir='ltr'>lermoni</span> <span class='ocrx_word' id='word_1_104' title='bbox 789 1821 914 1894; x_wconf 83' lang='lat' dir='ltr'>Latino,</span> <span class='ocrx_word' id='word_1_105' title='bbox 939 1823 996 1884; x_wconf 90' lang='lat' dir='ltr'>ubi</span> <span class='ocrx_word' id='word_1_106' title='bbox 1013 1823 1169 1884; x_wconf 83' lang='lat' dir='ltr'>vocabula</span> <span class='ocrx_word' id='word_1_107' title='bbox 1185 1820 1239 1882; x_wconf 88' lang='lat' dir='ltr'>illa</span> <span class='ocrx_word' id='word_1_108' title='bbox 1254 1837 1366 1904; x_wconf 85' lang='lat' dir='ltr'>cogna</span> 
     </span>
     <span class='ocr_line' id='line_1_15' title="bbox 331 1920 1366 2003; baseline -0.003 -19"><span class='ocrx_word' id='word_1_109' title='bbox 331 1925 435 1990; x_wconf 76' lang='lat' dir='ltr'>tionis</span> <span class='ocrx_word' id='word_1_110' title='bbox 452 1920 551 1984; x_wconf 85' lang='lat' dir='ltr'>[olant</span> <span class='ocrx_word' id='word_1_111' title='bbox 571 1921 703 1985; x_wconf 84' lang='lat' dir='ltr'>attribui</span> <span class='ocrx_word' id='word_1_112' title='bbox 721 1921 815 1987; x_wconf 76' lang='lat' dir='ltr'>rebus</span> <span class='ocrx_word' id='word_1_113' title='bbox 835 1920 1017 1987; x_wconf 78' lang='lat' dir='ltr'>inanimatio</span> <span class='ocrx_word' id='word_1_114' title='bbox 1032 1923 1200 1992; x_wconf 71' lang='lat' dir='ltr'>similibus,</span> <span class='ocrx_word' id='word_1_115' title='bbox 1226 1933 1262 1982; x_wconf 89' lang='lat' dir='ltr'>ut</span> <span class='ocrx_word' id='word_1_116' title='bbox 1282 1921 1366 2003; x_wconf 77' lang='lat' dir='ltr'>apul</span> 
     </span>
     <span class='ocr_line' id='line_1_16' title="bbox 334 2017 1366 2116; baseline -0.005 -28"><span class='ocrx_word' id='word_1_117' title='bbox 334 2023 516 2088; x_wconf 84' lang='lat' dir='ltr'>Martialem</span> <span class='ocrx_word' id='word_1_118' title='bbox 536 2031 591 2101; x_wconf 79' lang='grc'>14.</span> <span class='ocrx_word' id='word_1_119' title='bbox 612 2031 693 2104; x_wconf 74' lang='lat'>148.</span> <span class='ocrx_word' id='word_1_120' title='bbox 716 2017 758 2110; x_wconf 87' lang='lat' dir='ltr'>[l.</span> <span class='ocrx_word' id='word_1_121' title='bbox 779 2017 880 2110; x_wconf 67' lang='lat' dir='ltr'>rau]</span> <span class='ocrx_word' id='word_1_122' title='bbox 906 2025 946 2087; x_wconf 87' lang='lat' dir='ltr'>de</span> <span class='ocrx_word' id='word_1_123' title='bbox 963 2025 1137 2088; x_wconf 83' lang='lat' dir='ltr'>lodicibua:</span> <span class='ocrx_word' id='word_1_124' title='bbox 1168 2021 1366 2116; x_wconf 83' lang='lat' dir='ltr'>Nullustru</span> 
     </span>
     <span class='ocr_line' id='line_1_17' title="bbox 334 2115 1367 2216; baseline -0.003 -27"><span class='ocrx_word' id='word_1_125' title='bbox 334 2125 413 2209; x_wconf 74' lang='lat' dir='ltr'>gula</span> <span class='ocrx_word' id='word_1_126' title='bbox 433 2146 471 2187; x_wconf 87' lang='lat' dir='ltr'>ue</span> <span class='ocrx_word' id='word_1_127' title='bbox 492 2135 563 2185; x_wconf 80' lang='lat' dir='ltr'>toro</span> <span class='ocrx_word' id='word_1_128' title='bbox 583 2134 745 2204; x_wconf 71' lang='lat' dir='ltr'>pateream,</span> <span class='ocrx_word' id='word_1_129' title='bbox 779 2125 905 2188; x_wconf 68' lang='lat' dir='ltr'>lauretae</span> <span class='ocrx_word' id='word_1_130' title='bbox 926 2147 985 2188; x_wconf 87' lang='lat' dir='ltr'>uos</span> <span class='ocrx_word' id='word_1_131' title='bbox 1001 2124 1060 2188; x_wconf 75' lang='lat' dir='ltr'>eibi</span> <span class='ocrx_word' id='word_1_132' title='bbox 1078 2126 1218 2187; x_wconf 80' lang='lat' dir='ltr'>verrimus</span> <span class='ocrx_word' id='word_1_133' title='bbox 1227 2115 1367 2216; x_wconf 71' lang='lat' dir='ltr'>sorores</span> 
     </span>
     <span class='ocr_line' id='line_1_18' title="bbox 334 2217 1367 2320; baseline -0.002 -32"><span class='ocrx_word' id='word_1_134' title='bbox 334 2227 470 2292; x_wconf 86' lang='lat' dir='ltr'>Plautua</span> <span class='ocrx_word' id='word_1_135' title='bbox 484 2225 519 2284; x_wconf 87' lang='lat' dir='ltr'>iu</span> <span class='ocrx_word' id='word_1_136' title='bbox 533 2223 680 2286; x_wconf 86' lang='lat' dir='ltr'>Poenulo</span> <span class='ocrx_word' id='word_1_137' title='bbox 697 2243 726 2293; x_wconf 84' lang='lat' dir='ltr'>r.</span> <span class='ocrx_word' id='word_1_138' title='bbox 744 2237 777 2304; x_wconf 79' lang='lat'>3,</span> <span class='ocrx_word' id='word_1_139' title='bbox 792 2244 826 2313; x_wconf 80' lang='lat'>9.</span> <span class='ocrx_word' id='word_1_140' title='bbox 846 2227 945 2288; x_wconf 84' lang='lat' dir='ltr'>Nune</span> <span class='ocrx_word' id='word_1_141' title='bbox 958 2217 1081 2320; x_wconf 82' lang='lat' dir='ltr'>obsecro</span> <span class='ocrx_word' id='word_1_142' title='bbox 1094 2228 1179 2290; x_wconf 78' lang='lat' dir='ltr'>tane</span> <span class='ocrx_word' id='word_1_143' title='bbox 1193 2247 1249 2306; x_wconf 83' lang='lat' dir='ltr'>per</span> <span class='ocrx_word' id='word_1_144' title='bbox 1261 2224 1367 2286; x_wconf 78' lang='lat' dir='ltr'>dexte</span> 
     </span>
     <span class='ocr_line' id='line_1_19' title="bbox 335 2314 1367 2414; baseline -0.002 -26"><span class='ocrx_word' id='word_1_145' title='bbox 335 2349 404 2390; x_wconf 82' lang='lat' dir='ltr'>rum</span> <span class='ocrx_word' id='word_1_146' title='bbox 425 2345 540 2408; x_wconf 80' lang='lat' dir='ltr'>perque</span> <span class='ocrx_word' id='word_1_147' title='bbox 561 2326 646 2386; x_wconf 76' lang='lat' dir='ltr'>hunc</span> <span class='ocrx_word' id='word_1_148' title='bbox 664 2314 804 2414; x_wconf 84' lang='lat' dir='ltr'>sororem</span> <span class='ocrx_word' id='word_1_149' title='bbox 824 2327 959 2392; x_wconf 84' lang='lat' dir='ltr'>laeuam.</span> <span class='ocrx_word' id='word_1_150' title='bbox 1009 2328 1133 2391; x_wconf 86' lang='lat' dir='ltr'>Pliniua</span> <span class='ocrx_word' id='word_1_151' title='bbox 1161 2342 1214 2408; x_wconf 76' lang='lat'>13.</span> <span class='ocrx_word' id='word_1_152' title='bbox 1237 2345 1271 2406; x_wconf 87' lang='lat'>9.</span> <span class='ocrx_word' id='word_1_153' title='bbox 1294 2323 1367 2408; x_wconf 58' lang='grc' dir='ltr'>Μ</span> 
     </span>
     <span class='ocr_line' id='line_1_20' title="bbox 337 2414 1368 2520; baseline -0.001 -30"><span class='ocrx_word' id='word_1_154' title='bbox 337 2428 377 2490; x_wconf 87' lang='lat' dir='ltr'>rie</span> <span class='ocrx_word' id='word_1_155' title='bbox 394 2426 523 2510; x_wconf 81' lang='lat' dir='ltr'>palmiar</span> <span class='ocrx_word' id='word_1_156' title='bbox 542 2414 661 2514; x_wconf 84' lang='lat' dir='ltr'>sapore</span> <span class='ocrx_word' id='word_1_157' title='bbox 677 2439 876 2508; x_wconf 77' lang='lat' dir='ltr'>caryotarum</span> <span class='ocrx_word' id='word_1_158' title='bbox 890 2419 1026 2520; x_wconf 81' lang='lat' dir='ltr'>sorores,</span> <span class='ocrx_word' id='word_1_159' title='bbox 1049 2425 1089 2491; x_wconf 82' lang='lat' dir='ltr'>ob</span> <span class='ocrx_word' id='word_1_160' title='bbox 1106 2430 1167 2491; x_wconf 85' lang='lat' dir='ltr'>ltoe</span> <span class='ocrx_word' id='word_1_161' title='bbox 1181 2427 1368 2508; x_wconf 60' lang='lat' dir='ltr'>Auctptude</span> 
     </span>
     <span class='ocr_line' id='line_1_21' title="bbox 337 2521 1368 2622; baseline 0.003 -33"><span class='ocrx_word' id='word_1_162' title='bbox 337 2527 454 2590; x_wconf 78' lang='lat' dir='ltr'>dietae.</span> <span class='ocrx_word' id='word_1_163' title='bbox 487 2525 706 2588; x_wconf 71' lang='lat' dir='ltr'>Tertullianus</span> <span class='ocrx_word' id='word_1_164' title='bbox 722 2526 761 2588; x_wconf 86' lang='lat' dir='ltr'>de</span> <span class='ocrx_word' id='word_1_165' title='bbox 780 2529 874 2610; x_wconf 85' lang='lat' dir='ltr'>pallio</span> <span class='ocrx_word' id='word_1_166' title='bbox 896 2550 923 2593; x_wconf 91' lang='lat' dir='ltr'>c.</span> <span class='ocrx_word' id='word_1_167' title='bbox 944 2551 972 2593; x_wconf 89' lang='grc' dir='ltr'>ι.</span> <span class='ocrx_word' id='word_1_168' title='bbox 992 2521 1089 2622; x_wconf 83' lang='lat' dir='ltr'>soror</span> <span class='ocrx_word' id='word_1_169' title='bbox 1107 2531 1236 2592; x_wconf 80' lang='lat' dir='ltr'>civiter.</span> <span class='ocrx_word' id='word_1_170' title='bbox 1264 2546 1368 2592; x_wconf 70' lang='lat' dir='ltr'>onan</span> 
     </span>
     <span class='ocr_line' id='line_1_22' title="bbox 338 2621 1368 2722; baseline 0.004 -32"><span class='ocrx_word' id='word_1_171' title='bbox 338 2647 416 2690; x_wconf 83' lang='lat' dir='ltr'>vtae</span> <span class='ocrx_word' id='word_1_172' title='bbox 445 2639 478 2688; x_wconf 90' lang='lat' dir='ltr'>et</span> <span class='ocrx_word' id='word_1_173' title='bbox 508 2645 532 2687; x_wconf 88' lang='lat' dir='ltr'>r.</span> <span class='ocrx_word' id='word_1_174' title='bbox 556 2643 753 2689; x_wconf 85' lang='lat' dir='ltr'>ououovrva</span> <span class='ocrx_word' id='word_1_175' title='bbox 774 2628 874 2692; x_wconf 81' lang='lat' dir='ltr'>MSS.</span> <span class='ocrx_word' id='word_1_176' title='bbox 938 2633 987 2693; x_wconf 85' lang='lat' dir='ltr'>lta</span> <span class='ocrx_word' id='word_1_177' title='bbox 1019 2650 1098 2694; x_wconf 85' lang='lat' dir='ltr'>vero</span> <span class='ocrx_word' id='word_1_178' title='bbox 1122 2621 1248 2722; x_wconf 83' lang='lat' dir='ltr'>fratres</span> <span class='ocrx_word' id='word_1_179' title='bbox 1271 2631 1368 2694; x_wconf 84' lang='lat' dir='ltr'>etiau</span> 
     </span>
     <span class='ocr_line' id='line_1_23' title="bbox 338 2728 1366 2811; baseline 0.004 -21"><span class='ocrx_word' id='word_1_180' title='bbox 338 2728 427 2811; x_wconf 85' lang='lat' dir='ltr'>laepe</span> <span class='ocrx_word' id='word_1_181' title='bbox 459 2739 639 2810; x_wconf 86' lang='lat' dir='ltr'>ponuntur,</span> <span class='ocrx_word' id='word_1_182' title='bbox 674 2729 760 2809; x_wconf 90' lang='lat' dir='ltr'>quod</span> <span class='ocrx_word' id='word_1_183' title='bbox 790 2731 844 2792; x_wconf 88' lang='lat' dir='ltr'>vel</span> <span class='ocrx_word' id='word_1_184' title='bbox 869 2731 982 2794; x_wconf 84' lang='lat' dir='ltr'>Lexica</span> <span class='ocrx_word' id='word_1_185' title='bbox 1013 2733 1141 2795; x_wconf 87' lang='lat' dir='ltr'>docent.</span> <span class='ocrx_word' id='word_1_186' title='bbox 1192 2731 1308 2794; x_wconf 87' lang='lat' dir='ltr'>Graeci</span> <span class='ocrx_word' id='word_1_187' title='bbox 1338 2733 1366 2794; x_wconf 81' lang='lat' dir='ltr'>u</span> 
     </span>
     <span class='ocr_line' id='line_1_24' title="bbox 339 2825 1368 2916; baseline 0.005 -23"><span class='ocrx_word' id='word_1_188' title='bbox 339 2826 503 2910; x_wconf 74' lang='grc' dir='ltr'>ἀδελφὸς,</span> <span class='ocrx_word' id='word_1_189' title='bbox 534 2841 570 2888; x_wconf 92' lang='lat' dir='ltr'>ut</span> <span class='ocrx_word' id='word_1_190' title='bbox 595 2827 635 2890; x_wconf 85' lang='lat' dir='ltr'>tle</span> <span class='ocrx_word' id='word_1_191' title='bbox 661 2828 821 2910; x_wconf 84' lang='lat' dir='ltr'>Euphrate</span> <span class='ocrx_word' id='word_1_192' title='bbox 842 2845 875 2892; x_wconf 90' lang='lat' dir='ltr'>et</span> <span class='ocrx_word' id='word_1_193' title='bbox 895 2833 994 2895; x_wconf 78' lang='lat' dir='ltr'>Araxe</span> <span class='ocrx_word' id='word_1_194' title='bbox 1013 2833 1192 2916; x_wconf 74' lang='lat' dir='ltr'>Stephanus</span> <span class='ocrx_word' id='word_1_195' title='bbox 1210 2831 1231 2897; x_wconf 86' lang='lat' dir='ltr'>l.</span> <span class='ocrx_word' id='word_1_196' title='bbox 1252 2852 1288 2896; x_wconf 83' lang='lat' dir='ltr'>v.</span> <span class='ocrx_word' id='word_1_197' title='bbox 1313 2825 1368 2898; x_wconf 74' lang='lat' dir='ltr'>Ei</span> 
     </span>
     <span class='ocr_line' id='line_1_25' title="bbox 339 2921 1368 3018; baseline 0.004 -26"><span class='ocrx_word' id='word_1_198' title='bbox 339 2921 484 3018; x_wconf 73' lang='grc' dir='ltr'><strong><em>φρᾶτης,</em></strong></span> <span class='ocrx_word' id='word_1_199' title='bbox 506 2927 561 2988; x_wconf 89' lang='lat' dir='ltr'>ubi</span> <span class='ocrx_word' id='word_1_200' title='bbox 576 2928 641 2991; x_wconf 74' lang='lat' dir='ltr'>viel.</span> <span class='ocrx_word' id='word_1_201' title='bbox 658 2929 837 2994; x_wconf 85' lang='lat' dir='ltr'>Berkeliua.</span> <span class='ocrx_word' id='word_1_202' title='bbox 863 2933 902 2996; x_wconf 90' lang='lat' dir='ltr'>ln</span> <span class='ocrx_word' id='word_1_203' title='bbox 919 2935 1061 3014; x_wconf 86' lang='lat' dir='ltr'>Etymol.</span> <span class='ocrx_word' id='word_1_204' title='bbox 1078 2935 1126 2998; x_wconf 89' lang='lat' dir='ltr'>M.</span> <span class='ocrx_word' id='word_1_205' title='bbox 1142 2934 1219 2996; x_wconf 86' lang='lat' dir='ltr'>iude</span> <span class='ocrx_word' id='word_1_206' title='bbox 1235 2925 1368 3016; x_wconf 76' lang='grc' dir='ltr'><strong>ἂδελφ.</strong></span> 
     </span>
     <span class='ocr_line' id='line_1_26' title="bbox 340 3021 1368 3118; baseline 0.004 -24"><span class='ocrx_word' id='word_1_207' title='bbox 340 3031 538 3113; x_wconf 85' lang='lat' dir='ltr'>explicantur</span> <span class='ocrx_word' id='word_1_208' title='bbox 552 3049 607 3111; x_wconf 89' lang='lat' dir='ltr'>per</span> <span class='ocrx_word' id='word_1_209' title='bbox 620 3021 728 3118; x_wconf 81' lang='grc' dir='ltr'><strong>ὅμοια.</strong></span> <span class='ocrx_word' id='word_1_210' title='bbox 765 3033 837 3095; x_wconf 84' lang='lat' dir='ltr'>Vitl.</span> <span class='ocrx_word' id='word_1_211' title='bbox 848 3032 991 3116; x_wconf 87' lang='lat' dir='ltr'>Cuperua</span> <span class='ocrx_word' id='word_1_212' title='bbox 1005 3033 1042 3096; x_wconf 85' lang='lat' dir='ltr'>ad</span> <span class='ocrx_word' id='word_1_213' title='bbox 1061 3037 1202 3101; x_wconf 79' lang='lat' dir='ltr'>Laetam.</span> <span class='ocrx_word' id='word_1_214' title='bbox 1217 3035 1257 3096; x_wconf 79' lang='lat' dir='ltr'>cle</span> <span class='ocrx_word' id='word_1_215' title='bbox 1273 3051 1368 3098; x_wconf 87' lang='lat' dir='ltr'>murt</span> 
     </span>
     <span class='ocr_line' id='line_1_27' title="bbox 339 3129 1368 3218; baseline 0.006 -24"><span class='ocrx_word' id='word_1_216' title='bbox 339 3129 492 3217; x_wconf 81' lang='lat' dir='ltr'>persecut.</span> <span class='ocrx_word' id='word_1_217' title='bbox 512 3150 539 3192; x_wconf 86' lang='lat' dir='ltr'>c.</span> <span class='ocrx_word' id='word_1_218' title='bbox 560 3141 592 3206; x_wconf 73' lang='lat' dir='ltr'>fl.</span> <span class='ocrx_word' id='word_1_219' title='bbox 612 3131 658 3192; x_wconf 89' lang='lat' dir='ltr'>iu.</span> <span class='ocrx_word' id='word_1_220' title='bbox 690 3143 723 3192; x_wconf 92' lang='lat' dir='ltr'>et</span> <span class='ocrx_word' id='word_1_221' title='bbox 742 3133 781 3194; x_wconf 84' lang='lat' dir='ltr'>ad</span> <span class='ocrx_word' id='word_1_222' title='bbox 801 3132 942 3196; x_wconf 87' lang='lat' dir='ltr'>Petronii</span> <span class='ocrx_word' id='word_1_223' title='bbox 965 3137 1066 3216; x_wconf 83' lang='lat' dir='ltr'>Satyr.</span> <span class='ocrx_word' id='word_1_224' title='bbox 1089 3157 1117 3202; x_wconf 92' lang='lat' dir='ltr'>c.</span> <span class='ocrx_word' id='word_1_225' title='bbox 1133 3148 1192 3218; x_wconf 76' lang='grc'>34.</span> <span class='ocrx_word' id='word_1_226' title='bbox 1210 3133 1234 3199; x_wconf 80' lang='lat' dir='ltr'>l.</span> <span class='ocrx_word' id='word_1_227' title='bbox 1287 3137 1368 3200; x_wconf 87' lang='lat' dir='ltr'>Cun</span> 
     </span>
     <span class='ocr_line' id='line_1_28' title="bbox 340 3227 1368 3312; baseline 0.006 -17"><span class='ocrx_word' id='word_1_228' title='bbox 340 3231 447 3296; x_wconf 85' lang='lat' dir='ltr'>uullro</span> <span class='ocrx_word' id='word_1_229' title='bbox 471 3227 607 3292; x_wconf 83' lang='lat' dir='ltr'>conferri</span> <span class='ocrx_word' id='word_1_230' title='bbox 626 3231 753 3312; x_wconf 79' lang='lat' dir='ltr'>poliunt</span> <span class='ocrx_word' id='word_1_231' title='bbox 773 3233 906 3306; x_wconf 72' lang='lat' dir='ltr'>Plinius,</span> <span class='ocrx_word' id='word_1_232' title='bbox 931 3237 1061 3300; x_wconf 76' lang='lat' dir='ltr'>Solinus</span> <span class='ocrx_word' id='word_1_233' title='bbox 1076 3258 1120 3302; x_wconf 89' lang='lat' dir='ltr'>cc.</span> <span class='ocrx_word' id='word_1_234' title='bbox 1136 3239 1169 3300; x_wconf 94' lang='lat' dir='ltr'>ll.</span> <span class='ocrx_word' id='word_1_235' title='bbox 1196 3235 1368 3300; x_wconf 87' lang='lat' dir='ltr'>Martianu</span> 
     </span>
     <span class='ocr_line' id='line_1_29' title="bbox 341 3330 1368 3419; baseline 0.008 -25"><span class='ocrx_word' id='word_1_236' title='bbox 341 3331 469 3417; x_wconf 85' lang='lat' dir='ltr'>Capella</span> <span class='ocrx_word' id='word_1_237' title='bbox 489 3330 544 3393; x_wconf 90' lang='lat' dir='ltr'>lib.</span> <span class='ocrx_word' id='word_1_238' title='bbox 561 3331 594 3394; x_wconf 87' lang='grc'>6.</span> <span class='ocrx_word' id='word_1_239' title='bbox 619 3350 651 3413; x_wconf 90' lang='lat' dir='ltr'>p.</span> <span class='ocrx_word' id='word_1_240' title='bbox 671 3334 752 3396; x_wconf 76' lang='lat'>216.</span> <span class='ocrx_word' id='word_1_241' title='bbox 784 3336 861 3415; x_wconf 91' lang='lat' dir='ltr'>(qui</span> <span class='ocrx_word' id='word_1_242' title='bbox 883 3355 900 3397; x_wconf 90' lang='lat' dir='ltr'>a</span> <span class='ocrx_word' id='word_1_243' title='bbox 920 3339 1075 3419; x_wconf 82' lang='lat' dir='ltr'>parilitate</span> <span class='ocrx_word' id='word_1_244' title='bbox 1091 3339 1263 3401; x_wconf 86' lang='lat' dir='ltr'>cacuminia</span> <span class='ocrx_word' id='word_1_245' title='bbox 1288 3340 1368 3402; x_wconf 87' lang='lat' dir='ltr'>illar</span> 
     </span>
     <span class='ocr_line' id='line_1_30' title="bbox 341 3425 1368 3519; baseline 0.008 -23"><span class='ocrx_word' id='word_1_246' title='bbox 341 3433 586 3518; x_wconf 88' lang='lat' dir='ltr'>adpelletionem</span> <span class='ocrx_word' id='word_1_247' title='bbox 606 3431 716 3510; x_wconf 85' lang='lat' dir='ltr'>ducit.)</span> <span class='ocrx_word' id='word_1_248' title='bbox 749 3435 788 3495; x_wconf 91' lang='lat' dir='ltr'>ln</span> <span class='ocrx_word' id='word_1_249' title='bbox 802 3433 986 3499; x_wconf 83' lang='lat' dir='ltr'>Ptolemaeo</span> <span class='ocrx_word' id='word_1_250' title='bbox 1001 3451 1035 3519; x_wconf 72' lang='grc'>4,</span> <span class='ocrx_word' id='word_1_251' title='bbox 1057 3425 1148 3503; x_wconf 42' lang='lat' dir='ltr'>rem.</span> <span class='ocrx_word' id='word_1_252' title='bbox 1172 3435 1261 3506; x_wconf 77' lang='grc' dir='ltr'>ἐπτοῖ</span> <span class='ocrx_word' id='word_1_253' title='bbox 1283 3437 1368 3506; x_wconf 70' lang='grc' dir='ltr'>ἅδε)</span> 
     </span>
     <span class='ocr_line' id='line_1_31' title="bbox 342 3525 1368 3630; baseline 0.01 -36"><span class='ocrx_word' id='word_1_254' title='bbox 342 3528 404 3614; x_wconf 74' lang='lat' dir='ltr'>spui</span> <span class='ocrx_word' id='word_1_255' title='bbox 427 3525 510 3620; x_wconf 78' lang='grc' dir='ltr'><strong>ὅρος.</strong></span> <span class='ocrx_word' id='word_1_256' title='bbox 547 3531 659 3595; x_wconf 87' lang='lat' dir='ltr'>Strabo</span> <span class='ocrx_word' id='word_1_257' title='bbox 675 3553 701 3596; x_wconf 89' lang='lat' dir='ltr'>c.</span> <span class='ocrx_word' id='word_1_258' title='bbox 718 3533 739 3597; x_wconf 90' lang='lat' dir='ltr'>l.</span> <span class='ocrx_word' id='word_1_259' title='bbox 763 3531 879 3618; x_wconf 81' lang='lat' dir='ltr'>septem</span> <span class='ocrx_word' id='word_1_260' title='bbox 903 3537 1035 3600; x_wconf 81' lang='lat' dir='ltr'>fratrum</span> <span class='ocrx_word' id='word_1_261' title='bbox 1056 3537 1232 3630; x_wconf 67' lang='grc' dir='ltr'>μνήματα,</span> <span class='ocrx_word' id='word_1_262' title='bbox 1258 3541 1368 3623; x_wconf 87' lang='lat' dir='ltr'>quibu</span> 
     </span>
     <span class='ocr_line' id='line_1_32' title="bbox 343 3631 1368 3724; baseline 0.008 -28"><span class='ocrx_word' id='word_1_263' title='bbox 343 3634 517 3696; x_wconf 84' lang='lat' dir='ltr'>finitimum</span> <span class='ocrx_word' id='word_1_264' title='bbox 540 3631 615 3694; x_wconf 84' lang='lat' dir='ltr'>facit</span> <span class='ocrx_word' id='word_1_265' title='bbox 635 3631 771 3713; x_wconf 80' lang='lat' dir='ltr'>Abylam</span> <span class='ocrx_word' id='word_1_266' title='bbox 793 3653 960 3709; x_wconf 86' lang='lat' dir='ltr'>montem,</span> <span class='ocrx_word' id='word_1_267' title='bbox 991 3654 1030 3702; x_wconf 91' lang='lat' dir='ltr'>ut</span> <span class='ocrx_word' id='word_1_268' title='bbox 1052 3641 1193 3714; x_wconf 85' lang='lat' dir='ltr'>Pliuiue,</span> <span class='ocrx_word' id='word_1_269' title='bbox 1224 3662 1327 3724; x_wconf 90' lang='lat' dir='ltr'>quare</span> <span class='ocrx_word' id='word_1_270' title='bbox 1355 3663 1368 3704; x_wconf 81' lang='lat' dir='ltr'>r</span> 
     </span>
     <span class='ocr_line' id='line_1_33' title="bbox 342 3733 1365 3827; baseline 0.011 -32"><span class='ocrx_word' id='word_1_271' title='bbox 342 3733 484 3796; x_wconf 89' lang='lat' dir='ltr'>nollrum</span> <span class='ocrx_word' id='word_1_272' title='bbox 506 3734 684 3794; x_wconf 86' lang='lat' dir='ltr'>notandum</span> <span class='ocrx_word' id='word_1_273' title='bbox 706 3737 832 3814; x_wconf 89' lang='lat' dir='ltr'>putavit</span> <span class='ocrx_word' id='word_1_274' title='bbox 851 3735 984 3803; x_wconf 82' lang='lat' dir='ltr'>Volliue.</span> <span class='ocrx_word' id='word_1_275' title='bbox 1013 3812 1016 3827; x_wconf 72' lang='lat'><em>,</em></span> <span class='ocrx_word' id='word_1_276' title='bbox 1037 3741 1151 3826; x_wconf 87' lang='lat' dir='ltr'>Neque</span> <span class='ocrx_word' id='word_1_277' title='bbox 1170 3757 1279 3804; x_wconf 85' lang='lat' dir='ltr'>tamen</span> <span class='ocrx_word' id='word_1_278' title='bbox 1304 3745 1365 3806; x_wconf 88' lang='lat' dir='ltr'>ide</span> 
     </span>
     <span class='ocr_line' id='line_1_34' title="bbox 342 3831 1368 3926; baseline 0.011 -31"><span class='ocrx_word' id='word_1_279' title='bbox 342 3831 475 3896; x_wconf 77' lang='lat' dir='ltr'>recrevit</span> <span class='ocrx_word' id='word_1_280' title='bbox 492 3832 584 3903; x_wconf 84' lang='lat' dir='ltr'>Mela.</span> <span class='ocrx_word' id='word_1_281' title='bbox 612 3831 663 3894; x_wconf 84' lang='lat' dir='ltr'>led</span> <span class='ocrx_word' id='word_1_282' title='bbox 678 3846 802 3896; x_wconf 88' lang='lat' dir='ltr'>tantum</span> <span class='ocrx_word' id='word_1_283' title='bbox 816 3841 915 3901; x_wconf 87' lang='lat' dir='ltr'>modo</span> <span class='ocrx_word' id='word_1_284' title='bbox 935 3842 1117 3905; x_wconf 80' lang='lat' dir='ltr'>interseruit</span> <span class='ocrx_word' id='word_1_285' title='bbox 1131 3845 1368 3926; x_wconf 82' lang='lat' dir='ltr'>explicationer</span> 
     </span>
     <span class='ocr_line' id='line_1_35' title="bbox 345 3933 1368 4026; baseline 0.01 -32"><span class='ocrx_word' id='word_1_286' title='bbox 345 3934 386 4000; x_wconf 84' lang='lat' dir='ltr'>de</span> <span class='ocrx_word' id='word_1_287' title='bbox 406 3933 565 3994; x_wconf 89' lang='lat' dir='ltr'>columnia</span> <span class='ocrx_word' id='word_1_288' title='bbox 586 3933 747 4002; x_wconf 78' lang='lat' dir='ltr'>Herculia.</span> <span class='ocrx_word' id='word_1_289' title='bbox 779 3937 881 4018; x_wconf 78' lang='lat' dir='ltr'>thyla</span> <span class='ocrx_word' id='word_1_290' title='bbox 902 3953 935 4002; x_wconf 86' lang='lat' dir='ltr'>et</span> <span class='ocrx_word' id='word_1_291' title='bbox 954 3941 1063 4026; x_wconf 87' lang='lat' dir='ltr'>Calpe.</span> <span class='ocrx_word' id='word_1_292' title='bbox 1120 3946 1247 4007; x_wconf 88' lang='lat' dir='ltr'>Punico</span> <span class='ocrx_word' id='word_1_293' title='bbox 1269 3961 1368 4008; x_wconf 78' lang='lat' dir='ltr'>auter</span> 
     </span>
     <span class='ocr_line' id='line_1_36' title="bbox 344 4035 1368 4129; baseline 0.014 -35"><span class='ocrx_word' id='word_1_294' title='bbox 344 4035 496 4094; x_wconf 81' lang='lat' dir='ltr'>idiomate</span> <span class='ocrx_word' id='word_1_295' title='bbox 512 4035 671 4116; x_wconf 89' lang='lat' dir='ltr'>propriam</span> <span class='ocrx_word' id='word_1_296' title='bbox 688 4035 931 4116; x_wconf 87' lang='lat' dir='ltr'>adpellationem</span> <span class='ocrx_word' id='word_1_297' title='bbox 948 4043 1097 4118; x_wconf 81' lang='lat' dir='ltr'>habuill&#39;e,</span> <span class='ocrx_word' id='word_1_298' title='bbox 1122 4065 1203 4129; x_wconf 88' lang='lat' dir='ltr'>quae</span> <span class='ocrx_word' id='word_1_299' title='bbox 1217 4066 1274 4127; x_wconf 88' lang='lat' dir='ltr'>per</span> <span class='ocrx_word' id='word_1_300' title='bbox 1294 4045 1368 4126; x_wconf 76' lang='lat' dir='ltr'>synt</span> 
     </span>
     <span class='ocr_line' id='line_1_37' title="bbox 346 4131 1368 4225; baseline 0.012 -29"><span class='ocrx_word' id='word_1_301' title='bbox 346 4134 491 4215; x_wconf 83' lang='lat' dir='ltr'>nymiam</span> <span class='ocrx_word' id='word_1_302' title='bbox 514 4131 569 4196; x_wconf 88' lang='lat' dir='ltr'>Gr.</span> <span class='ocrx_word' id='word_1_303' title='bbox 591 4147 625 4197; x_wconf 87' lang='lat' dir='ltr'>et</span> <span class='ocrx_word' id='word_1_304' title='bbox 645 4135 715 4200; x_wconf 86' lang='lat' dir='ltr'>Lat.</span> <span class='ocrx_word' id='word_1_305' title='bbox 736 4136 862 4225; x_wconf 81' lang='lat' dir='ltr'>linguae</span> <span class='ocrx_word' id='word_1_306' title='bbox 885 4147 1090 4220; x_wconf 86' lang='lat' dir='ltr'>conveniret,</span> <span class='ocrx_word' id='word_1_307' title='bbox 1120 4147 1282 4211; x_wconf 81' lang='lat' dir='ltr'>exiliimat</span> <span class='ocrx_word' id='word_1_308' title='bbox 1304 4149 1368 4212; x_wconf 79' lang='lat' dir='ltr'>lle:</span> 
     </span>
    </p>
   </div>
   <div class='ocr_carea' id='block_1_3' title="bbox 0 0 1398 4964">
    <p class='ocr_par' dir='ltr' id='par_1_3' title="bbox 0 0 1398 4964">
     <span class='ocr_line' id='line_1_38' title="bbox 0 0 1398 4964; baseline 0 0"><span class='ocrx_word' id='word_1_309' title='bbox 0 0 1398 4964; x_wconf 95' lang='lat' dir='ltr'> </span> 
     </span>
    </p>
   </div>
  </div>
 </body>
</html>
