2764 4958
315 401 378 481 264
585 402 748 466 noran
788 403 1093 464 nxoonrrctu

317 579 432 663 triplex
447 577 507 642 elle
522 579 652 662 incipit,
678 593 748 642 tum
764 579 840 643 inde
859 581 894 642 in
911 577 974 664 ipia
988 579 1040 642 illa
1055 580 1187 665 regione
1202 579 1240 645 ad
1256 581 1350 648 dictae

318 681 413 744 urbee
441 682 549 744 denuo
579 683 612 742 in
639 682 738 744 variae
763 697 866 764 parte·
890 680 1053 743 diffluebat
1079 679 1215 755 divisus.
1248 683 1349 749 Niluo.

318 783 439 844 Iterum
454 785 627 866 iterumque
640 781 683 844 est
698 781 827 865 saepius,
846 795 883 843 ut
895 781 1185 847 docuirschwanz.
1200 785 1237 846 ad
1255 785 1352 849 Plinii

317 883 474 968 Panegyr.
493 904 521 948 c.
538 899 598 964 79.
616 884 662 947 in.
687 882 755 968 (lta
772 885 805 945 in
821 887 906 946 notit
924 884 1039 946 criticie
1057 883 1118 968 leg.
1134 904 1192 966 pro
1210 883 1289 970 73.)

394 1051 552 1134 Delta)
597 1053 645 1114 Ad
679 1053 814 1116 eaodem
848 1053 945 1115 hniue
976 1053 1084 1115 literae
1114 1053 1376 1120 limilitudinem'

317 1151 498 1217 referuntur
520 1167 552 1215 et
576 1155 652 1214 aliae
675 1157 820 1237 regionee
842 1168 875 1214 et
895 1155 974 1216 loca.
1015 1154 1067 1214 Sic
1091 1153 1170 1214 inira
1195 1173 1226 1226 a,
1242 1173 1274 1230 7.
1297 1169 1353 1238 24.

320 1255 435 1318 Sicilia.
474 1249 522 1317 Τὸ
540 1251 650 1318 Δέλτα
672 1255 728 1340 τῆς
749 1249 878 1342 Θρᾴκης
894 1256 974 1315 dixit
989 1254 1170 1335 Xenophon
1186 1256 1224 1320 tle
1239 1260 1353 1342 exped.

321 1355 399 1434 Cyri
420 1371 453 1429 7,
473 1375 504 1427 t.
525 1374 582 1418 at.
614 1351 666 1418 cf.
683 1376 749 1437 cap.
769 1368 801 1433 5.
821 1357 864 1418 iu.
904 1355 1008 1418 Delta
1025 1353 1160 1416 insulam
1176 1359 1258 1428 ludi.
1279 1361 1356 1425 aliae

319 1457 454 1527 Pattala.
487 1439 644 1518 memorat
658 1457 778 1520 Atrion.
798 1458 831 1518 in
854 1457 955 1518 Indic.
971 1477 999 1519 c.
1019 1473 1050 1526 a,
1068 1458 1102 1520 6.
1154 1459 1216 1520 Sed
1237 1461 1269 1520 in
1295 1463 1357 1524 le·

319 1569 422 1644 gypto
445 1573 566 1640 praeter
585 1557 677 1619 Delta
694 1560 860 1642 regionem
878 1558 943 1619 duo
959 1557 1017 1618 alia
1035 1559 1145 1629 novit,
1171 1579 1249 1640 quae
1263 1563 1355 1647 regio

320 1659 608 1742 complectebatur,
643 1659 844 1721 Ptolemaeus
862 1668 897 1739 4.
920 1669 953 1736 5.
987 1677 1121 1740 parrum
1147 1673 1180 1722 et
1213 1664 1357 1730 tertium.

320 1760 414 1820 Haud
433 1759 528 1842 longe
544 1759 582 1820 ab
599 1759 783 1820 Alexandria
799 1763 937 1820 occurrit
950 1759 1042 1820 Delta
1056 1761 1140 1841 apud
1157 1761 1295 1824 Hirtium
1313 1767 1358 1830 de

319 1859 357 1923 Β.
376 1862 461 1922 Alex.
485 1880 513 1924 c.
532 1875 590 1935 27.
606 1863 650 1922 in.
674 1863 817 1942 adeoque
832 1859 896 1922 hoc
915 1847 1047 1922 nomine
1065 1861 1153 1924 locut
1168 1863 1201 1922 in
1216 1861 1279 1947 ipsa
1300 1867 1360 1930 illa

319 1960 399 2023 orbe
417 1961 559 2024 exilitille
576 1963 719 2032 videtur,
746 1975 871 2023 auctore
892 1959 1025 2042 loiepho
1041 1959 1081 2024 tle
1099 1961 1138 2022 Β.
1154 1963 1225 2026 luti.
1243 1979 1273 2036 o,
1294 1981 1359 2032 αι.

320 2062 474 2126 Ceterum
498 2059 646 2124 innuitur
665 2063 719 2125 hic
742 2061 833 2122 simul
857 2063 948 2124 Delta
969 2063 1076 2146 regio,
1109 2063 1151 2124 de
1172 2083 1231 2145 qua
1252 2069 1379 2134 acriua.

319 2164 494 2246 quaeritur,
518 2183 557 2225 an
573 2183 612 2225 ex
628 2163 698 2225 Nili
717 2164 796 2224 limo
811 2177 881 2224 nata
897 2163 1062 2246 prodierit.
1112 2164 1265 2228 Adfirmat
1282 2169 1361 2250 iplie

318 2265 432 2326 incolis
460 2262 709 2326 adsentientibus
736 2265 891 2326 Herodot.
914 2281 947 2335 2,
978 2277 1032 2340 ¹5·
1059 2263 1192 2345 aliique.
1227 2282 1258 2329 et
1280 2271 1362 2334 hinc

319 2365 516 2427 Heliodorus
538 2365 571 2424 in
596 2367 742 2447 Aethiop.
767 2383 801 2446 9,
825 2381 883 2427 aa.
907 2385 939 2448 p.
954 2371 1040 2444 444.
1061 2363 1174 2427 Nilum
1200 2368 1257 2454 τῆς
1285 2361 1362 2435 ἅνω

318 2459 488 2548 Αἰγύπτου
511 2465 657 2548 σωτῆρα,
688 2467 744 2550 τῆς
768 2459 858 2529 κάτω
880 2461 1007 2553 πατέρα
1028 2460 1082 2528 καὶ
1108 2463 1300 2556 δημιουργὸν
1323 2475 1364 2536 in

318 2567 552 2648 Aegyptiorum
569 2564 656 2628 lacrie
672 2568 792 2628 dictutu
808 2567 867 2630 elle
882 2581 994 2630 narrat.
1029 2566 1158 2652 Negant
1171 2571 1225 2630 alii
1240 2574 1273 2632 io
1292 2575 1365 2656 pla.

320 2661 478 2727 cidillrmo
494 2665 560 2727 Nili
582 2665 680 2730 cursu.
732 2669 792 2730 Sed
811 2669 884 2750 quia
904 2671 1051 2750 proxime
1073 2669 1150 2731 haec
1171 2671 1210 2732 ad
1236 2673 1365 2738 Melam

320 2786 388 2828 non
404 2767 580 2848 pertinent.
611 2770 664 2849 qui
686 2768 719 2828 in
742 2783 906 2850 utramque
926 2781 1048 2852 partem
1063 2769 1221 2854 dieputate
1237 2793 1367 2859 cogno-

322 2865 403 2929 lcere
424 2869 546 2950 cupiat.
581 2865 764 2930 satisfacient
787 2870 909 2932 Matltet
931 2891 963 2953 p.
981 2885 1029 2949 92
1046 2869 1088 2952 [9.
1120 2872 1239 2953 sarrry
1258 2877 1302 2938 T.
1330 2895 1366 2944 ι.

319 2988 353 3052 p.
372 2989 392 3047 9
410 2967 451 3050 [9.
477 2967 623 3032 Pococke
638 2971 678 3032 T.
698 2991 726 3035 t.
742 2993 774 3053 p.
792 2974 863 3052 369
879 2969 941 3052 [99.
968 2970 1125 3035 Niebuhr.
1141 2973 1365 3044 Reilebelchr.

320 3070 402 3130 nach
421 3069 552 3131 drabien
572 3069 641 3134 Vol.
664 3089 694 3135 ι.
715 3093 747 3154 p.
765 3083 825 3152 95.
857 3072 960 3134 Bruce
976 3071 1092 3135 Bellen
1108 3074 1179 3137 Vol.
1195 3095 1224 3139 1.
1245 3097 1277 3158 p.
1296 3083 1366 3154 86.

320 3170 429 3234 Freret
450 3173 490 3232 de
508 3171 770 3235 l'accroillement
789 3201 839 3218 ·-
857 3175 901 3236 du
920 3171 963 3236 lol
978 3174 1021 3236 de
1038 3175 1166 3259 l‘Egyte
1183 3197 1238 3258 par
1253 3178 1284 3240 le
1307 3181 1369 3242 rie·

319 3269 511 3333 bordement
534 3273 577 3332 du
597 3273 667 3343 Nil,
696 3273 730 3334 in
750 3273 924 3338 Memoirea
944 3307 994 3323 -
1019 3273 1059 3338 tle
1076 3275 1162 3338 Paris
1180 3279 1278 3341 Torn.
1302 3283 1369 3350 16.

319 3391 351 3455 p.
372 3387 441 3448 333
459 3371 521 3454 sqq.
545 3375 618 3455 (qui
649 3373 777 3457 operoie
796 3373 929 3449 refutat,
953 3389 992 3438 ut
1013 3375 1177 3462 d’Otigny
1200 3378 1371 3466 l’Egyptae

318 3475 474 3536 ancienne
494 3475 535 3538 Τ.
559 3495 587 3536 ι.
604 3495 636 3558 p.
659 3496 672 3536 ι
693 3475 777 3559 sqq.)
802 3477 928 3562 aliique.

390 3632 437 3734 se
453 3633 676 3735 scindens)
726 3645 790 3708 l'ro
813 3663 852 3708 eo
873 3645 948 3706 alibi
961 3643 1094 3738 findere.
1132 3645 1183 3712 cf.
1199 3661 1270 3712 not.
1287 3653 1370 3718 crit.

245 3809 250 3816 ,
320 3740 359 3804 ad
380 3761 410 3812 o,
428 3753 462 3824 4.
485 3765 515 3810 t.
541 3758 575 3808 et
595 3765 676 3829 quae
700 3747 846 3810 Gronov.
870 3745 909 3809 ad
929 3749 1032 3812 Tacit.
1048 3749 1161 3812 Annal.
1183 3769 1213 3821 t.
1234 3763 1298 3830 5⁰·
1316 3755 1371 3820 in.

319 3842 426 3908 habet.

484 4015 514 4093 §.
544 4027 576 4093 3.
627 3959 1024 4110 aestivofitlere)
1072 4017 1255 4092 1.e.lole‚
1283 4021 1375 4087 hinc

319 4111 440 4176 uellate.
478 4115 604 4202 Nempe
627 4118 709 4182 tour
731 4116 818 4204 saepe
840 4116 914 4185 κατ’
934 4105 1057 4210 ἐξοχὴν
1079 4121 1119 4185 tle
1143 4117 1206 4188 lole
1228 4123 1375 4202 dicitur,
