2764 4954
225 417 443 477 aurona.
472 415 579 472 uer„
621 414 702 471 ιι.
745 415 851 474 orx.
892 415 971 490 Μ.
1055 393 1131 500 291‘

94 597 141 660 vel
164 595 218 678 qui
248 593 317 656 eiua
346 591 407 652 iter
429 587 609 672 evulgavit,
649 587 688 648 ad
715 599 861 650 vetemur
892 589 1117 674 descriptionet

94 697 170 758 luam
190 692 352 758 eilinxille.
405 691 455 750 Ex
476 689 569 750 huiua
583 700 689 750 autern
708 689 880 768 labyrinthi
897 687 998 754 forma
1013 714 1119 757 exem·

93 802 152 881 plar
165 795 322 860 Creteufie
340 813 356 852 a
373 789 511 852 Daedalo
529 789 714 850 instructum
730 787 828 860 inille,
853 793 1030 856 existimant
1044 797 1119 860 Dio·

94 901 182 962 doma
201 919 230 968 ι.
247 897 307 960 66.
334 905 368 954 et
383 891 506 954 Plinius
521 911 547 952 c.
563 891 584 952 l.
612 891 665 972 qui
690 889 734 948 ibi
754 893 888 954 omnino
909 896 948 956 de
970 909 1118 960 veterum

93 999 286 1080 labyrinthis,
308 995 427 1076 quippe
444 992 612 1074 Aegyptio,
635 991 785 1060 Creteuli.
816 995 949 1054 Lentulo
962 1009 995 1058 et
1011 1000 1119 1062 italico

93 1100 218 1164 disserit.
258 1093 311 1160 ef.
339 1096 438 1158 etiam
463 1091 639 1155 Germanou
664 1107 698 1154 et
724 1091 827 1156 Cerda
847 1096 886 1158 ad
911 1097 1019 1185 Virgil.
1039 1101 1119 1164 Aen.

1 1259 2 1326 5
93 1216 121 1280 5·
146 1213 231 1280 588·

161 1397 331 1480 domos)
380 1395 475 1458 Aliud
492 1395 635 1464 domum,
661 1395 745 1458 aliud
760 1401 878 1484 regiam
895 1401 1123 1484 intelligimuat

93 1523 279 1588 quamquam
299 1503 342 1561 ita
357 1499 456 1578 accipi
470 1496 578 1578 potest,
602 1497 700 1580 regiae
718 1500 887 1562 duodecim
906 1504 1019 1565 domos
1035 1505 1122 1567 mille

93 1610 223 1668 adnexae
238 1603 372 1668 habere,
399 1598 513 1680 quibua
532 1597 661 1659 conllet.
708 1601 818 1662 Strabo
836 1600 956 1672 scribit,
980 1625 1037 1688 per
1058 1625 1123 1684 cry·

1 1723 2 1748 ³
92 1723 174 1791 ptam
191 1700 340 1790 egrqffia,
369 1715 414 1774 27
432 1699 532 1783 regiae
547 1699 657 1760 ordine
674 1699 740 1762 litas
757 1701 885 1764 obviam
901 1705 978 1767 lieri.
1003 1723 1124 1766 vanto-

94 1828 166 1872 ttva.
219 1807 295 1868 Hoc
310 1823 438 1883 quoque
458 1799 552 1860 hahet
566 1821 603 1861 ex
621 1801 763 1872 Graecia,
790 1803 847 1864 ubi
861 1805 995 1866 verbum
1019 1801 1126 1884 οἴκους

92 1912 132 1972 ita
153 1915 380 1990 interpretatus
397 1902 454 1968 eil,
481 1921 553 1960 oum
570 1883 676 1962 tamen
696 1903 746 1964 illa
761 1923 824 1964 vox
844 1919 967 1966 notaret
982 1904 1126 1988 frequen-

95 2026 140 2084 ter
153 2010 238 2092 apud
258 2007 395 2068 Graecos
409 2004 530 2082 aliquos
547 2003 701 2072 conclave,
723 2019 818 2086 prout
834 2004 903 2067 lane
920 2007 982 2068 hoc
996 2028 1125 2089 quoque

94 2113 124 2173 in
140 2114 212 2174 loco
226 2109 381 2170 ridentur
396 2103 505 2164 Graeci
525 2103 717 2165 intellexille.
743 2124 766 2168 ι.
783 2123 989 2170 ouooovtve.
1026 2109 1127 2172 Hero·

95 2213 185 2276 dorus
206 2228 240 2281 2,
263 2219 345 2289 148.
366 2207 461 2266 habet
484 2199 665 2288 οἰκήματα,
695 2203 816 2268 Plinius
835 2227 862 2269 c.
887 2209 908 2270 l.
934 2210 1030 2270 etiarn
1054 2229 1129 2274 cum

94 2315 194 2376 nostro
215 2311 342 2372 domos.
402 2307 449 2366 Ex
468 2303 566 2366 tribue
582 2321 686 2366 autern
705 2307 844 2369 millibus
860 2309 1026 2380 domibus,
1053 2331 1130 2394 quat

1 2468 2 2498 ,
96 2415 259 2476 continuit
293 2407 510 2486 labyrinthus,
553 2407 637 2466 iuxta
671 2407 873 2470 Herodotum
900 2411 1032 2474 dimidia
1061 2433 1132 2497 part

96 2515 181 2598 [upra
205 2528 344 2580 terram,
377 2509 513 2588 reliquae
535 2504 589 2566 iub
613 2520 690 2567 terra
713 2524 816 2578 erant,
849 2511 1041 2593 quaslubire
1062 2535 1130 2576 nou

1 2603 2 2624 ³
95 2617 240 2680 debebat.
297 2612 468 2678 Ceterum,
498 2609 582 2688 quod
601 2609 748 2679 traditur,
780 2612 960 2674 mirandum
984 2615 1047 2675 hoc
1067 2617 1133 2677 exi·

96 2719 196 2781 stimat
213 2710 352 2780 Voss'tua,
382 2723 420 2770 ut
442 2710 520 2770 olim
538 2707 677 2779 Plinius,
702 2711 869 2772 introitum
889 2715 1062 2792 labyrinthi
1081 2737 1134 2781 co·

1 2853 2 2884 r
96 2820 220 2880 lomnes
243 2812 385 2876 habuille
408 2809 546 2891 elapide
571 2809 680 2878 Pario,
713 2831 787 2872 curn
808 2812 870 2896 ipla
895 2817 1057 2899 Aegyptus
1084 2831 1136 2880 tot

98 2919 270 3005 indigenis,
288 2927 320 2976 et
336 2913 465 2994 quidem
484 2905 745 2991 praellarrtiffimia
760 2913 899 2976 abundet
913 2919 1135 2982 tnannorlbut.

1 3023 2 3046 ³
99 3021 244 3106 Nempe,
275 3017 296 3075 sr
316 3035 389 3075 vera
411 3012 584 3083 habentur,
611 3025 666 3074 aut
681 3009 732 3074 lua
747 3013 830 3077 bona
848 3031 922 3078 tunc
940 3019 1137 3106 ignorarunt,

1 3163 2 3166 =
99 3137 148 3186 out
168 3121 396 3206 neglexerunt.

175 3317 347 3404 regias)
398 3316 564 3378 Herodoto
588 3335 616 3378 c.
638 3317 660 3378 l.
697 3315 769 3378 lunt
795 3312 895 3382 atillo}
923 3313 1137 3407 nordorayou

99 3426 248 3489 Straboni
266 3413 370 3484 addai
391 3413 587 3504 raptaretur,
612 3417 755 3502 συνεχεῖς
771 3417 934 3504 ἀλλήλοις.
984 3426 1140 3490 Totidem

103 3541 207 3590 autern
226 3525 282 3586 hic
297 3521 385 3582 inille
403 3522 489 3588 dicit,
510 3533 587 3600 quot
605 3517 722 3580 fuerint
737 3523 837 3590 nomi,
861 3545 976 3604 uernpe
994 3539 1050 3596 27.
1075 3525 1138 3598 leta,

105 3643 140 3690 ut
154 3629 293 3693 Plinius,
317 3619 547 3706 praefecturae;
579 3621 632 3701 qui
652 3635 755 3682 tamen
776 3621 909 3684 sedecim
931 3625 1036 3690 habet.
1078 3631 1142 3690 Alli

106 3731 205 3798 aliter,
230 3727 316 3808 quia,
343 3723 362 3782 fi
378 3725 416 3782 ad
433 3741 547 3785 nomos
563 3723 748 3802 pertinebat,
770 3745 835 3782 non
856 3723 924 3788 latis
939 3729 1087 3792 delinitur
1100 3732 1144 3794 eil

108 3831 235 3892 illorum
254 3844 407 3886 numerus
426 3844 483 3904 pro
506 3837 687 3904 temporum
709 3825 895 3888 diverlitate.
950 3831 1020 3892 Vid.
1043 3833 1144 3895 d’lln-

110 3933 184 3993 ville
206 3951 240 4010 p.
259 3940 317 4006 34.
335 3945 361 3988 c.
381 3925 401 3986 l.
454 3925 555 4008 igitur
571 3924 626 3985 illo
643 3938 786 4005 ternpore
803 3923 931 3988 fuerunt
951 3946 1004 3999 ια,
1027 3935 1146 4014 quibua

111 4033 161 4092 alii
177 4029 249 4114 poll
263 4027 381 4095 additi,
408 4026 455 4085 uti
472 4045 510 4086 ex
526 4022 655 4087 recensu
672 4045 783 4086 eorum
801 4029 833 4086 in
852 4032 1033 4096 auctoribus
1054 4035 1146 4116 intel.

109 4133 234 4220 ligitur,
266 4129 367 4194 etita
391 4128 551 4212 regiarum
574 4139 684 4190 auctus
706 4147 873 4194 numerus.
932 4133 1031 4218 Quod
1056 4143 1146 4201 enim

736 4231 766 4289 T
793 4244 815 4294 Ω
