2764 4954
329 452 389 518 290
596 436 757 494 noran
799 435 1102 494 exacnrrcan

331 614 370 675 ad
386 607 531 673 occalum
546 608 734 693 progressus.
775 606 827 672 cf.
845 609 939 670 etiam
956 610 1093 670 Larcher
1109 609 1147 670 ad
1163 603 1312 670 Herodot.
1324 616 1350 670 t,

336 725 418 792 148.
449 713 546 772 'l'orm
566 727 598 771 2.
623 731 654 791 p.
672 731 715 772 m.
730 719 805 788 474
821 708 884 792 qu.
917 713 972 792 qui
994 711 1138 794 pluribus
1160 704 1352 792 argumentis,

331 816 470 877 eundem
487 813 524 872 ab
539 811 719 874 auctoribus
742 812 894 895 intelligi,
921 814 1036 883 evicit,
1060 829 1227 892 unumque
1242 820 1353 869 tantum

331 919 366 978 in
382 916 527 998 Aegypto
543 910 632 973 luille
647 913 768 972 docuit.
802 913 912 996 Qualis
926 913 1024 976 hodie
1040 911 1257 993 conspiciatur,
1277 925 1353 968 enan

330 1031 400 1080 rant
416 1017 514 1074 Lucae
528 1033 650 1096 voyage
668 1010 778 1074 lairen
797 1031 837 1088 17
848 1025 901 1092 ι4.
917 1016 957 1076 T.
969 1029 1002 1076 2.
1015 1035 1048 1096 p.
1066 1027 1107 1092 rss
1126 1011 1167 1096 lq.
1193 1024 1226 1074 et
1243 1025 1354 1090 voyage

331 1121 409 1178 dane
421 1117 449 1176 la
463 1117 605 1194 Turquie
619 1115 714 1176 Tom.
734 1130 765 1175 2.
783 1135 815 1195 p.
828 1127 898 1194 259
916 1113 958 1196 lq.
983 1117 1052 1184 267
1068 1114 1131 1196 qu.
1157 1133 1197 1175 err
1211 1130 1275 1194 quo
1291 1125 1355 1169 cnm

332 1219 441 1303 liguria
457 1214 632 1296 exprellum
651 1215 740 1274 dedit
753 1213 964 1276 Montlaucon
985 1217 1019 1276 in
1040 1214 1241 1299 lrrpple'rrrent
1257 1240 1302 1254 -
1321 1208 1355 1268 de

332 1317 509 1398 l'antiquitd
526 1311 690 1396 expliquee
711 1317 750 1378 Τ.
767 1330 799 1394 5.
813 1337 844 1397 p.
862 1328 930 1398 ι44
947 1315 1008 1396 sqq.
1036 1319 1115 1378 item
1130 1314 1278 1378 Pococke
1292 1311 1357 1373 llei-

333 1419 386 1482 len
409 1421 449 1480 T.
473 1439 502 1480 t.
526 1438 558 1499 p.
577 1431 623 1494 93
640 1415 703 1497 qu.
738 1416 794 1478 etlr
815 1419 910 1479 alieni
928 1421 1037 1500 potine
1060 1419 1165 1499 operis
1180 1419 1292 1476 rudera
1311 1413 1356 1472 de

332 1519 447 1588 scribit,
475 1520 591 1594 Savary
607 1520 647 1580 T.
664 1533 698 1579 α.
721 1537 753 1598 p.
777 1529 830 1595 ιθ.
853 1519 979 1598 aliique.
1030 1520 1110 1580 Eine
1128 1519 1227 1578 hodie
1242 1513 1358 1596 relligio

334 1618 483 1702 superclio
506 1631 601 1701 negat
627 1618 763 1686 Maillet,
796 1621 846 1678 alil
868 1620 946 1680 adeo
967 1617 1163 1688 describunt,
1199 1621 1232 1680 in
1256 1617 1359 1698 primis

333 1723 451 1791 Lucas,
483 1723 539 1801 qui
559 1716 623 1800 iple
645 1723 817 1781 accuratius
839 1721 882 1782 lili
905 1739 966 1800 ope
988 1721 1201 1802 perlustravit,
1231 1731 1269 1779 ut
1290 1717 1360 1778 olim

333 1823 526 1889 Herodotus,
550 1839 686 1901 eumque
703 1834 735 1880 et
750 1821 938 1883 Strabonem
956 1843 1029 1882 vera
1044 1821 1200 1883 tradidille
1217 1820 1361 1884 adfirmat,

334 1923 420 1986 lecue
435 1923 597 1989 Plinium,
629 1923 683 2002 qni
706 1924 738 1982 in
761 1925 829 1982 lacu
847 1936 961 2004 ponat,
988 1943 1062 1984 cum
1081 1923 1156 1984 litus
1172 1923 1209 1982 lrt
1226 1922 1265 1982 ad
1281 1919 1360 1980 Moe·

333 2027 410 2087 ridie
424 2037 545 2106 partem
562 2024 812 2092 meridionalem,
839 2043 881 2087 to
899 2023 1074 2086 miliaribus
1090 2023 1128 2084 ab
1145 2024 1285 2085 Arsinoe.
1321 2019 1361 2079 lta

333 2127 464 2208 quidem
498 2125 683 2184 Herodotus
710 2111 854 2185 conlocat
879 2125 917 2185 ad
943 2125 1049 2185 lecum
1077 2125 1235 2186 Moeridis
1265 2119 1361 2184 verlua

335 2226 582 2290 crocodilorum
597 2225 726 2294 urbem,
753 2246 831 2305 quae
853 2225 921 2307 post
942 2241 1053 2286 vocata
1071 2225 1114 2287 est
1129 2227 1271 2287 Arlirroe.
1306 2221 1361 2282 Ne·

335 2347 396 2410 que
412 2328 465 2386 hic
480 2339 599 2407 pugnat
613 2345 685 2384 cum
701 2325 875 2396 Strabone,
905 2327 1021 2408 quippe
1037 2329 1093 2408 qui
1113 2327 1151 2386 ad
1171 2347 1242 2388 eam
1259 2325 1360 2386 urbem

341 2449 383 2490 ro
407 2427 508 2488 stadiis
531 2445 547 2484 a
574 2425 755 2504 labyrintho
781 2429 924 2510 navigari
951 2429 1012 2497 ait,
1052 2447 1154 2508 quum
1188 2428 1361 2488 Herodotus

336 2529 472 2590 omnino
502 2527 685 2606 praecipuae
719 2526 806 2588 urbis
837 2529 990 2588 viciniam
1025 2529 1192 2592 indicavit.
1250 2527 1362 2588 Plinius

261 2609 263 2629 ¹
334 2631 427 2712 ponit
442 2628 475 2686 in
492 2627 745 2708 Heracleopolite
763 2647 874 2690 nomo.
911 2629 1009 2712 Quod
1023 2643 1130 2690 autem
1147 2629 1247 2691 tradit
1262 2629 1360 2694 tuear.

334 2741 466 2792 manent
481 2727 584 2787 adhuc
601 2728 683 2812 ligna
699 2730 939 2812 magnitudinir,
967 2733 1109 2812 porticus
1125 2741 1160 2808 4.
1186 2727 1362 2792 marmoreis

336 2829 496 2892 calumnie
510 2827 643 2899 suffulta,
669 2829 702 2888 in
717 2830 826 2891 medio
841 2843 941 2911 porta,
968 2831 1094 2902 domus,
1115 2833 1171 2892 etsr
1187 2829 1360 2893 devastatae.

335 2933 404 2994 Alia
418 2930 505 2991 addit
521 2949 553 3009 p.
564 2931 635 3004 267
648 2927 689 3009 lq.
714 2949 792 3011 quae
808 2933 886 2994 nolo
903 2946 1055 3014 repetere.
1077 2923 1079 2928 ¹
1095 2932 1278 3018 Diligenter
1293 2945 1361 2989 vero

335 3035 405 3095 elue
427 3045 459 3092 et
482 3043 627 3090 veterum
645 3033 840 3094 narrationes
860 3035 943 3094 inter
960 3031 990 3094 le
1011 3036 1209 3116 comparavit
1231 3033 1363 3094 Gatterer

337 3135 378 3196 de
405 3129 667 3212 metempsychosr
703 3132 774 3194 Vol.
803 3151 837 3211 9.
872 3148 1047 3197 comment.
1074 3169 1121 3182 --
1151 3125 1362 3216 Goettingenl.

336 3256 369 3318 p.
389 3235 434 3310 56
454 3231 515 3313 qu.
542 3233 628 3312 quod
644 3245 734 3293 antea
754 3233 787 3292 in
803 3234 968 3296 Herodoto
987 3248 1163 3297 tentaverat
1180 3237 1293 3303 Lucae,
1317 3227 1363 3291 etsi

336 3329 448 3420 paffim
469 3335 577 3394 minus
597 3347 693 3395 recte.
744 3334 787 3395 H.
805 3348 922 3396 vocant
946 3328 1055 3424 Caffr·
1071 3338 1181 3400 Carme
1204 3328 1362 3416 (Waneleb

337 3433 429 3499 Reile
449 3435 483 3492 in
508 3433 623 3494 Paulus
647 3435 836 3520 Sammlung
852 3469 899 3484 -
922 3436 959 3499 P.
977 3451 1009 3515 5.
1027 3458 1059 3518 p.
1077 3439 1181 3515 278.)
1205 3437 1257 3498 vel
1278 3420 1363 3520 liefr·

338 3535 480 3604 Karoon,
505 3533 674 3611 (Pococlre
691 3537 731 3598 T.
752 3555 782 3599 1.
805 3557 836 3617 p.
859 3539 961 3614 101.)
985 3538 1047 3608 rel,
1071 3552 1107 3598 ut
1127 3539 1237 3605 Lucae,
1261 3529 1363 3596 Patais

340 3637 380 3698 de
398 3636 515 3706 Ceron,
541 3635 627 3717 quod
644 3636 776 3716 perinde
792 3639 887 3706 valet,
913 3641 985 3719 quia
1001 3629 1085 3728 Kasr
1101 3639 1252 3723 fignificat
1272 3653 1320 3696 arx
1335 3643 1362 3689 et

340 3738 483 3807 Karoura,
509 3757 605 3816 quem
619 3737 769 3818 Aegyptii
784 3735 964 3799 fabulantur
980 3759 1087 3822 regern
1103 3742 1271 3821 antiquum
1285 3729 1362 3795 soille

341 3839 419 3898 adeo
441 3837 650 3917 opulentum,
677 3851 714 3896 ut
732 3855 803 3900 ooo
821 3841 931 3900 cameli
948 3841 1050 3902 claves
1070 3840 1287 3902 thesaurorum
1302 3851 1364 3916 por·

339 3939 446 3999 tarint.
473 3935 562 4020 (vid.
586 3936 735 3998 Pococlre
752 3959 779 4000 c.
799 3937 843 4024 l.)
894 3939 998 4024 Negat
1020 3955 1127 4002 tamen
1154 3939 1312 4002 d’Anville
1335 3941 1364 3992 et

342 4058 417 4099 cum
439 4037 494 4098 illo
518 4038 557 4098 de
581 4037 680 4098 Pauw
701 4037 749 4098 lur
770 4041 815 4102 lea
834 4041 1009 4124 Egyptiene
1025 4045 1065 4104 T.
1082 4059 1114 4105 Ω.
1135 4065 1166 4124 p.
1186 4055 1244 4120 5¹·
1266 4051 1363 4099 veram

341 4138 424 4201 hanc
438 4133 527 4200 inille
543 4139 611 4201 eius
628 4137 744 4213 sedem,
765 4161 839 4204 curn
853 4142 994 4206 ambitus
1010 4157 1177 4229 repugnet,
1199 4156 1232 4207 et
1247 4141 1363 4202 Lucam,
