2764 4958
321 386 404 456 ναν.
590 367 753 440 norun
789 371 1094 440 nxaonrrcsn

322 553 418 619 sentit
432 553 612 638 Stephanus
626 554 659 617 h.
676 574 710 619 v.
735 566 770 616 et
789 551 828 615 ab
844 566 981 636 utroque
997 553 1123 617 Atlante
1143 566 1177 616 et
1195 553 1299 616 maiori
1312 565 1345 616 et

321 656 442 720 minori
458 656 561 718 dictos
582 653 696 719 scribit.
748 653 833 717 Mela
848 655 962 716 iisrlenr
981 653 1109 728 tribuit,
1135 675 1213 737 qnae
1229 655 1345 720 duobus

220 767 224 776 '
323 757 527 828 Herodotus,
554 747 735 838 Meiamqtie
757 753 854 818 secuti
869 755 993 818 Plinius
1010 767 1043 834 5.
1065 767 1099 832 8.
1127 758 1345 835 801ἰιι.α.34.

323 857 345 924 s.
363 871 420 938 51.
444 871 477 919 et
492 858 639 920 Martian.
656 857 764 939 Capel.
783 856 839 919 lib.
857 858 890 920 6.
908 878 940 939 p.
956 872 1041 933 217.
1087 855 1150 918 Alii
1165 877 1238 918 cum
1252 857 1347 918 Hero·

323 961 401 1022 doto
422 959 636 1043 distinguunt,
670 957 839 1039 dequibus
863 958 984 1020 dictum
1005 957 1102 1020 estin
1121 959 1208 1020 notis
1229 959 1348 1022 criticis.

322 1057 376 1124 Sic
398 1059 493 1121 etiem
515 1058 598 1122 solos
618 1059 760 1122 Atlantes
783 1073 941 1121 memorat
961 1059 1147 1122 Ammianus
1169 1069 1223 1137 15.
1242 1071 1270 1138 5.
1295 1061 1351 1140 qui

323 1159 445 1224 somnia
462 1178 529 1222 non
545 1161 691 1230 videant,
714 1178 789 1221 cnm
806 1157 877 1222 solie
894 1158 1137 1221 exsecrationem
1153 1159 1354 1224 Aturantibue

321 1261 481 1331 tribuant,
507 1263 556 1323 uti
575 1275 607 1323 et
626 1259 816 1342 quibusdam
838 1279 911 1321 oum
928 1261 1041 1322 Reizio
1058 1259 1160 1322 visum
1182 1261 1225 1323 esl
1243 1261 1274 1320 in
1288 1261 1354 1322 He·

252 1377 255 1387 ·
321 1364 439 1426 rodoto
461 1381 548 1424 nune
568 1380 739 1444 reponere,
764 1359 803 1421 stc
819 1373 852 1422 et
871 1373 961 1422 antea
974 1363 1228 1424 coniectantibus
1241 1360 1355 1423 Wese-

321 1463 424 1548 lingio
445 1475 478 1524 et
499 1461 714 1526 Valckenario.
753 1460 865 1522 Strabo
886 1477 940 1538 17.
963 1483 996 1544 p.
1014 1464 1098 1540 565.
1117 1461 1137 1525 s.
1155 1474 1239 1540 gne.
1266 1461 1357 1526 idem

322 1565 363 1628 de
377 1563 588 1647 Aethiopibus
609 1562 664 1624 sub
683 1581 765 1626 zona
783 1563 899 1624 torrida
912 1575 1024 1632 narrat.
1047 1562 1261 1626 consentiente
1277 1564 1357 1627 Dio·

322 1667 404 1730 doro
422 1678 453 1744 5.
470 1677 503 1744 8.
555 1665 715 1747 Populum
736 1661 856 1745 ipsum.
888 1684 961 1726 cum
977 1663 1080 1744 pollen
1094 1665 1219 1725 nulium
1236 1667 1301 1726 eius
1314 1666 1357 1726 in

321 1765 449 1828 hilloria
485 1764 654 1851 vestigium
689 1765 883 1847 reperiatur,
919 1765 1084 1827 devictum
1112 1763 1254 1827 coaluisse
1278 1785 1360 1828 cnm

321 1866 580 1932 Phoenicibusin
590 1887 688 1930 unam
704 1879 845 1952 gentem.
862 1865 1042 1947 Maurisque
1058 1867 1216 1950 originem
1230 1865 1359 1940 dedisse,

322 1981 413 2054 putat
435 1968 588 2053 Upbogen
609 1971 643 2028 in
665 1967 803 2051 parergis
829 1965 934 2029 histor.
958 1987 990 2048 p.
1012 1985 1057 2029 m.
1080 1967 1139 2046 69.
1192 1967 1362 2031 Atitnturn

323 2070 398 2136 situs
416 2080 523 2131 autem
541 2089 579 2132 ex
593 2070 720 2130 Atlante
733 2067 938 2151 intelligitur;
963 2068 1161 2137 Ataruntum.
1189 2065 1211 2126 fi
1233 2067 1363 2141 utrium

322 2169 483 2234 Herotloti
505 2169 711 2252 persequaris,
743 2169 943 2250 quaerendus
961 2166 1016 2227 sub
1038 2187 1138 2252 regno
1154 2169 1362 2251 Tripolitano

322 2270 430 2333 versus
453 2271 633 2332 meridiem.
686 2266 736 2331 Cs.
753 2270 850 2331 etiam
866 2269 993 2332 Heeren
1006 2267 1086 2332 iiber
1100 2268 1153 2332 die
1166 2269 1289 2333 Politik
1306 2303 1364 2320 —

323 2373 380 2434 der
401 2371 486 2432 alten
504 2371 592 2434 Welt
610 2391 641 2453 p.
663 2371 731 2455 169
745 2367 807 2451 sqq.

398 2569 487 2632 rium
518 2573 670 2642 oritur,
710 2569 800 2632 rium
834 2569 1022 2652 occidit)
1071 2571 1119 2634 lta
1139 2571 1239 2636 vertit
1260 2572 1368 2646 verbe

323 2671 483 2736 Herodoti
519 2655 611 2738 orirer
647 2669 699 2754 τῷ
729 2665 811 2756 ἡλίῳ
848 2662 1094 2760 ὑπερβάλλοντι
1133 2671 1367 2761 καταρῶνται.

322 2771 520 2843 Euliathius,
545 2774 598 2856 qui
615 2773 692 2835 haec
705 2773 863 2835 Herodoti
879 2773 976 2835 verba
994 2775 1085 2844 citet.
1109 2775 1148 2836 ed
1165 2773 1370 2854 Dionysium

325 2869 379 2962 [v.
396 2867 477 2958 66.]
498 2875 578 2958 legit
599 2863 886 2962 ὑπερβαλλόντως.
923 2875 1041 2935 Verum
1057 2889 1139 2955 puto
1159 2877 1201 2936 ita
1216 2875 1369 2949 mutasse,

322 2977 395 3057 quia
420 2975 552 3036 alterum
574 2994 641 3036 non
664 2971 868 3058 intelligeret.
910 2969 1177 3060 ’Τπερβᾶλλοντι
1203 2977 1373 3056 interpre-

324 3089 430 3136 tantur
449 3075 654 3136 Grarnmotici
676 3065 915 3161 ὑπερβαίνοντα.
950 3075 1021 3136 Hoc
1037 3073 1126 3138 sensu
1141 3077 1373 3160 imprecantur

324 3175 399 3247 soli,
424 3195 518 3256 quam
534 3177 591 3237 diu
607 3173 694 3258 supro
710 3173 793 3258 ipsos
809 3174 868 3246 ell3
901 3175 963 3246 vel.
989 3189 1026 3235 ut
1048 3176 1133 3238 Mela
1148 3180 1258 3249 vertit,
1286 3175 1373 3240 dnm

323 3279 427 3340 oritur
451 3289 482 3338 et
507 3273 634 3339 occidit.
691 3273 905 3338 Damascenus
937 3275 1110 3353 [Nicolsus
1143 3277 1373 3342 Damascenue

323 3378 408 3460 apud
432 3375 604 3438 stobaeum
630 3376 775 3438 Sermon.
797 3385 858 3456 42.
883 3396 915 3458 p.
941 3371 1048 3463 295.]
1076 3377 1129 3440 hic
1154 3379 1252 3441 babet
1280 3373 1373 3462 ἡλίῳ

325 3475 506 3562 ἂνέσχοντν,
528 3491 565 3538 nt
580 3495 708 3558 quoque
722 3477 887 3538 Diorlorus
901 3477 1025 3539 siculus
1045 3471 1101 3564 [3.
1120 3491 1155 3558 8.
1177 3480 1260 3542 aride
1280 3481 1373 3540 Stra·

324 3577 445 3640 bouem
462 3597 489 3640 c.
507 3570 552 3662 1.]
574 3571 651 3639 baec
666 3576 812 3659 accepisse
835 3576 973 3641 videtur.
1004 3579 1156 3641 Attamen
1172 3599 1242 3643 non
1258 3580 1373 3663 probo

324 3680 406 3740 hanc
423 3679 730 3759 interpretationem.
764 3695 823 3736 nec
846 3675 916 3738 sane
939 3679 982 3739 ita
1007 3693 1131 3743 veteres
1152 3683 1255 3744 locuti
1279 3680 1373 3746 sunt.

326 3778 471 3840 Omnino
497 3777 641 3839 existimo
667 3769 749 3861 ἡλίῳ
775 3767 1019 3864 ὑπερβάλλοντι
1044 3781 1129 3862 apud
1154 3783 1373 3846 Herodotum

325 3879 519 3943 vertendum
534 3876 593 3939 else
605 3867 675 3968 sole
686 3867 955 3967 strperantiffimo.
1005 3881 1051 3942 lta
1070 3883 1155 3964 apud
1172 3885 1373 3945 Lucretium

326 3975 382 4067 [⁴5.
402 3972 508 4065 395.]
524 3968 730 4069 superantior
749 3977 835 4056 ignis
857 3997 916 4060 pro
938 3978 1219 4047 vehementiffimo
1241 3985 1373 4048 Gellius

326 4091 359 4169 3,
378 4096 409 4141 e.
428 4069 499 4170 sole
520 4097 646 4162 magne.
672 4095 814 4142 reterre.
867 4077 944 4142 Non
961 4067 1057 4168 nego.
1083 4083 1278 4172 flagrantem
1299 4083 1373 4150 solit
