2756 4964
210 497 215 505 ,
347 429 469 494 260'
612 435 772 497 ιιοιιι
813 437 1113 511 exhonorent

341 607 479 692 populos
500 603 589 672 XXV
604 604 722 682 habet,
752 612 809 693 poi
829 611 978 672 Romano
1000 623 1115 692 pareret
1135 611 1273 692 imperio.
1313 609 1352 672 lli

250 775 258 789 ,
344 723 460 774 tractus
478 711 646 780 omnium,
678 728 759 791 quoe
775 711 871 774 hahet
892 711 992 793 Libya
1012 709 1278 794 frequentissimos
1298 713 1352 774 cele

343 810 565 893 berrimueque
580 809 624 874 eli
643 812 742 898 agria,
765 814 910 898 oppidis,
936 814 1079 896 populis,
1104 827 1281 900 etmgnae
1296 813 1352 875 olin

343 913 566 976 Romanorum
582 927 677 993 atque
692 912 1000 999 Carthaginienssum
1015 917 1144 980 uirtutie
1161 913 1352 978 monumenti

211 1078 219 1097 ,
343 1013 852 1098 maximeinfignie.vto1euve.
904 1015 992 1079 Cum
1008 1016 1114 1079 Plinio
1130 1037 1170 1080 ex
1184 1035 1282 1086 more,
1304 1035 1352 1076 coo

227 1194 239 1213 Ι
344 1115 537 1178 oinitetiam
559 1112 735 1177 Μιιιίιιιιιι
751 1115 830 1199 Cep.
847 1119 882 1182 6.
896 1137 928 1200 p.
949 1119 1030 1180 216.
1074 1117 1123 1180 Διι
1141 1119 1308 1202 Zeugitana
1323 1115 1352 1176 ill

344 1217 434 1301 regio
449 1215 488 1278 ab
505 1213 606 1278 lllrica
622 1220 747 1298 propriu
763 1217 896 1288 differat,
918 1218 1083 1298 disputant
1098 1219 1161 1279 viri
1175 1219 1271 1280 docti.
1302 1217 1352 1278 vit

274 1320 280 1335 '
346 1313 473 1380 Salmas.
497 1318 535 1380 ad
553 1317 653 1380 Solio.
675 1339 708 1400 p.
725 1339 768 1381 ιιι.
787 1333 871 1396 225.
899 1332 932 1382 et
949 1317 1102 1384 Cellariue
1124 1321 1158 1381 in
1179 1319 1294 1403 Geogr.
1312 1329 1352 1380 ant

344 1431 380 1504 4,
404 1429 438 1502 4,
457 1429 519 1501 4ι.
544 1419 601 1498 qui
625 1431 731 1480 tamen
751 1439 826 1482 oum
845 1419 1012 1485 Harduino
1034 1421 1126 1482 malit
1147 1423 1182 1481 in
1203 1419 1305 1484 Plinio
1325 1439 1352 1480 er

344 1521 479 1606 plicare:
511 1515 686 1600 eademque
705 1524 831 1602 proprie
847 1519 950 1582 Alrica
967 1521 1118 1592 vocitata,
1144 1534 1184 1582 ut
1201 1540 1275 1584 vere
1288 1519 1352 1582 inte]

344 1623 492 1686 lexetunt
508 1620 711 1702 Aethicuep.
730 1635 814 1701 751.
839 1617 912 1710 (ed
931 1620 1100 1706 Gronov.)
1126 1621 1352 1684 Mattianuec.
1351 1621 1352 1630 ’

344 1737 380 1786 et
396 1723 504 1784 tfidor
523 1721 650 1805 Origin.
672 1731 727 1800 ι4.
742 1735 778 1798 5.
801 1743 921 1804 quippe
936 1723 991 1803 qur
1007 1743 1040 1784 ιιι
1061 1743 1098 1784 ea
1111 1720 1352 1805 ponuorcmtt

343 1825 467 1912 ginem.
505 1825 556 1886 Eo
575 1824 672 1886 etiam
695 1824 825 1888 tandem
845 1825 977 1891 inclinat
996 1823 1175 1890 Salmafiue.

420 2024 695 2108 Metagonio)
731 2026 795 2090 Hic
809 2026 918 2090 erralle
933 2042 1013 2108 puto
1029 2021 1292 2090 accumtill'rmum
1306 2025 1352 2086 rlir

344 2143 521 2192 auctorem.
581 2127 695 2209 Neque
719 2130 806 2192 enim
830 2129 911 2191 ullos
938 2129 1171 2213 Metagonitee,
1202 2142 1257 2192 aut
1279 2127 1352 2188 ullut

343 2231 434 2294 illiue
460 2227 603 2296 nominiu
637 2230 896 2310 promuntorium
927 2226 1018 2292 iuille
1049 2231 1102 2291 hic
1133 2230 1290 2293 existimo.
1335 2229 1352 2286 lt

344 2333 517 2415 Tingitani
539 2342 604 2390 erat
621 2329 829 2414 Metagonitie
849 2317 958 2414 regio,
993 2332 1037 2392 ita
1054 2331 1174 2393 ‹lictea
1197 2329 1352 2414 Metagoni

344 2431 431 2496 urhe
447 2443 479 2492 et
503 2431 738 2510 promuntorio.
791 2431 864 2494 vid.
889 2430 1069 2513 Stephanus
1090 2432 1124 2496 h.
1147 2453 1182 2496 v,
1203 2413 1352 2510 ¹Polybiut

347 2529 403 2622 [3,
427 2523 508 2616 55]
537 2529 752 2617 8ιιι1ιο[ι7.
777 2553 809 2614 p.
834 2533 918 2611 569.
943 2530 964 2596 l.
988 2529 1093 2620 gere]
1124 2549 1160 2596 et
1182 2533 1351 2596 Ptolemaeo

346 2629 400 2722 [4,
422 2629 472 2720 ι.]
499 2651 612 2694 onmes
633 2645 765 2717 geum
790 2633 876 2694 illam
898 2633 983 2694 haud
1006 2633 1117 2718 procul
1137 2654 1157 2696 a
1180 2632 1262 2697 fteto
1285 2629 1351 2693 eollo

345 2749 433 2806 cant3
470 2731 573 2816 iplom
603 2753 680 2796 vero
712 2736 972 2816 promuntorium
1002 2733 1229 2820 Metagonium
1253 2731 1351 2794 flumin

345 2834 536 2899 Molochath
566 2835 710 2896 vicinum
737 2832 868 2898 faciunt.
918 2833 1098 2898 Aristotelea
1124 2837 1159 2900 in
1185 2831 1350 2897 mirabilihu

347 2933 434 3026 [cap.
457 2929 557 3022 ιιι5.]
581 2935 858 3018 promuntorium,
892 2936 956 2997 five
977 2949 1124 3000 montem
1149 2936 1236 2998 hunc
1255 2935 1350 3016 uitletq

345 3038 500 3120 appellare
524 3029 646 3101 Γιὶιιιον
680 3038 714 3097 in
747 3037 870 3099 ditione
896 3036 1223 3121 Carthaginiensium,
1257 3049 1289 3097 et
1310 3033 1349 3094 tiu

301 3215 305 3222 ι
347 3139 417 3201 lane
432 3137 541 3218 potell,
567 3151 604 3198 ut
622 3140 666 3199 ita
688 3140 836 3220 primitur
851 3139 954 3200 dictue
969 3139 1005 3198 lit
1022 3139 1075 3199 hic
1091 3138 1193 3208 locue,
1224 3151 1256 3198 et
1271 3132 1349 3196 Mero

346 3239 481 3325 γιυνιίαι
498 3258 617 3300 nomen
632 3241 818 3320 acceperint,
834 3239 905 3320 quio
922 3240 969 3300 siti
981 3237 1079 3301 ellont
1092 3235 1182 3328 prro*
1195 3231 1232 3300 ri
1248 3229 1349 3298 I't'ouot

346 3335 409 3428 [nr
426 3338 465 3401 ci.
483 3339 529 3401 ibi
543 3337 779 3410 Beckmonnus,
796 3343 850 3422 qui
866 3341 903 3400 atl
920 3338 1226 3423 Carthaginiensium
1242 3335 1348 3398 Siciliat

344 3434 507 3528 revocat]
561 3441 654 3503 Unde
677 3442 782 3523 itaque
805 3441 888 3521 Mela
912 3441 944 3500 irl
966 3437 1088 3502 Africae
1107 3439 1230 3503 minori
1250 3435 1348 3498 tribuit

347 3545 492 3630 Legerat,
517 3555 554 3602 ut
575 3544 700 3623 opinor,
727 3545 810 3625 apud
827 3543 981 3604 Graecum
1001 3542 1141 3622 aliquem
1166 3553 1328 3603 auctorem.

348 3645 536 3728 Metagonio
569 3645 608 3703 ad
644 3645 780 3704 Tretum
813 3641 1075 3724 promuntorium
1105 3640 1167 3703 elle
1200 3637 1249 3702 lex
1278 3633 1347 3698 milli

348 3747 529 3809 stadiorum.
583 3744 634 3804 Sic
657 3743 780 3806 Strabo.
804 3737 907 3828 [c.l.]
943 3743 1021 3804 liiua
1043 3741 1140 3804 vetha
1161 3742 1241 3804 male
1261 3729 1347 3813 accepi

349 3847 450 3918 Mela,
492 3859 524 3908 et
551 3843 774 3929 Metagonium
799 3845 984 3914 collocarit,
1022 3841 1081 3903 ubi
1113 3844 1250 3904 Tretum
1278 3835 1346 3898 fueri

349 3947 586 4015 collocantium,
620 3957 677 4005 aut
700 3943 806 4006 lalteru
827 3947 1087 4025 promuntorium
1110 3941 1195 4006 iliud
1213 3935 1346 4002 binomin

349 4049 409 4110 elle
434 4048 569 4128 putavit.
623 4043 731 4106 Multo
753 4057 860 4105 autem
883 4042 1006 4107 craffior
1026 4044 1069 4105 est
1086 4063 1173 4105 error
1192 4041 1293 4109 Plinii,
1315 4027 1346 4120 [l

354 4167 384 4212 o.
404 4146 424 4210 l.
447 4139 499 4234 5.]
527 4145 582 4229 qui
607 4159 640 4208 et
663 4163 703 4204 ex
718 4145 893 4228 Pomponii
917 4146 1006 4217 loco,
1040 4160 1072 4206 et
1096 4157 1302 4228 praeteream
1321 4151 1345 4196 tt
