2892 4950
330 383 394 464 aas
599 387 761 447 uorsa
802 387 1105 447 execramus

333 559 452 624 Sinum
471 553 551 622 inde
568 558 736 622 Latmium
752 557 892 634 dictum.
919 579 1014 626 notat
1032 563 1147 628 Strabo
1171 570 1223 640 14.
1241 569 1361 644 p.437.

332 663 354 726 s.
374 664 457 738 635.
496 659 690 724 Effunditur
712 660 748 724 in
771 685 848 725 eum
863 665 1044 728 Maeander
1065 663 1151 728 inter
1166 659 1313 725 Miletum
1331 674 1361 721 et

331 761 486 827 Prienen.
513 761 637 841 (Solin.
656 784 727 847 cap.
743 775 804 843 40.
821 765 843 826 1.
859 771 940 845 45.)
990 763 1172 830 Adiacebat
1192 765 1268 827 urbs
1289 759 1361 823 olim

332 864 466 928 Latmos
478 861 578 936 dicta.
597 863 666 949 post
677 867 837 929 Heraclea
852 866 909 929 sub
920 870 1048 930 Latmo.
1074 868 1217 946 (Strabo.
1232 866 1359 927 Ptolem.

334 978 369 1045 5.
393 985 423 1028 a.
457 963 586 1027 Plinius
604 978 638 1044 5,
661 981 718 1043 31.
735 967 757 1030 l.
778 986 832 1048 09.
863 969 975 1034 Schol.
998 966 1168 1054 Apollonii
1190 967 1232 1028 ad
1246 977 1280 1047 4.
1296 966 1360 1044 57.)

331 1068 383 1131 An
400 1065 501 1138 idem.
526 1067 616 1151 quod
630 1065 760 1152 putavit
773 1071 968 1145 Hecataeus,
992 1072 1029 1134 sn
1041 1066 1181 1132 Homeri
1194 1071 1231 1130 ll.
1245 1085 1275 1138 a.
1287 1067 1360 1141 363.

334 1169 480 1253 Φθειρῶν
508 1159 598 1256 ὅρος,
632 1169 777 1251 disputat
801 1171 930 1236 Strabo.
989 1174 1041 1234 De
1066 1171 1187 1234 eodem
1211 1162 1362 1230 intellexit

332 1266 568 1332 etianr'Schol.
595 1266 734 1330 Homeri
760 1291 838 1333 cum
862 1270 1038 1354 Apollonio
1065 1270 1101 1334 in
1128 1275 1209 1334 Lex.
1236 1271 1359 1334 Homer·

331 1391 365 1454 p.
384 1372 468 1446 638.
503 1367 668 1432 Prolixius
685 1368 782 1433 illum
804 1369 969 1456 descsrpsrt
982 1375 1137 1437 Pococke
1156 1373 1198 1436 T.
1215 1387 1247 1447 3.
1267 1392 1298 1452 p.
1309 1367 1360 1443 36.

271 1543 274 1551 ¹
332 1467 533 1532 hodiernum
567 1490 691 1533 nomen
727 1470 897 1536 Ferrarius
928 1471 965 1536 in
990 1477 1071 1539 Lex.
1105 1475 1226 1560 Gcogr.
1252 1463 1361 1533 adiecit

334 1586 439 1633 monae
462 1571 497 1633 di
521 1573 667 1638 Palatia.
702 1603 704 1608 ·

408 1772 708 1858 Endymionis)
748 1777 908 1839 Fabulam
929 1779 1039 1861 plures
1059 1783 1361 1842 commemorarunt,

332 1877 385 1937 vel
407 1873 605 1960 adtigerunt.
635 1879 683 1938 Ex
701 1875 939 1941 recentioribus
955 1875 1123 1940 neminem
1140 1876 1261 1940 melius
1278 1891 1361 1937 exco-

334 1975 443 2046 luill'e.
475 1999 573 2061 quarn
595 1977 768 2039 Talsonem
790 1976 827 2040 in
850 1975 971 2041 celebri
999 1977 1145 2042 carmine
1173 1978 1299 2044 secctia
1319 1995 1362 2034 ro·

332 2082 418 2162 pita.
436 2075 563 2140 iudicat
577 2079 710 2140 Penzel.
728 2081 769 2142 ad
784 2079 933 2143 Strabon.
944 2082 1014 2144 Vol.
1026 2096 1059 2157 3.
1074 2103 1108 2165 p.
1122 2092 1204 2158 188·
1230 2079 1360 2141 Somnus

336 2178 408 2241 cius
427 2177 462 2240 in
483 2181 600 2241 Latmo
617 2175 700 2241 abiit
717 2177 753 2242 in
770 2179 985 2264 proverbium
1007 2181 1047 2244 de
1065 2178 1175 2244 otiosis
1193 2181 1360 2261 somnoque

335 2283 425 2366 quast
441 2277 604 2364 saginatis.
638 2276 711 2346 Vid.
725 2281 877 2344 Erasmus
892 2279 928 2344 in
943 2283 1036 2366 adag.
1059 2306 1088 2355 ι,
1105 2285 1139 2355 6,
1157 2285 1219 2360 65.
1248 2273 1359 2344 Pulcri·

334 2382 416 2443 tudo
438 2381 551 2466 passim
573 2381 615 2443 ad
634 2379 856 2466 insigniendus
876 2381 1035 2446 formosos
1057 2375 1204 2446 iuvenes
1221 2377 1359 2444 transser-

334 2493 405 2551 tur.
434 2479 537 2544 veluti
554 2483 641 2564 apud
656 2485 803 2548 luveual.
818 2505 872 2556 ιο,
892 2495 975 2562 318.
1013 2481 1096 2546 Eius
1112 2485 1249 2564 adytum
1263 2480 1295 2542 in
1309 2477 1358 2539 illo

334 2597 449 2643 moute
476 2579 618 2664 adtingit
641 2583 776 2647 Pausau.
796 2597 831 2662 5,
853 2606 884 2658 ι,
906 2595 941 2664 4.
977 2599 1011 2647 et
1034 2581 1126 2646 iuxta
1156 2583 1194 2648 in
1219 2585 1358 2670 spelunca

334 2683 520 2766 sepulcrum
535 2683 650 2744 Strabo
671 2695 724 2763 ¹4·
741 2707 772 2770 p.
783 2695 868 2764 057.
886 2685 907 2748 s.
927 2687 1010 2763 656.
1038 2688 1134 2771 00010
1151 2684 1252 2748 0ῑὶοω
1261 2685 1358 2763 Olym·

332 2781 408 2868 piae
435 2779 526 2844 suisse
551 2783 648 2845 docet
671 2785 807 2848 Pausan.
832 2789 866 2858 6,
893 2806 950 2858 ao.
978 2789 1011 2850 6.
1061 2788 1088 2850 Δ
1116 2789 1235 2850 Latmo
1260 2800 1358 2848 autem

333 2887 488 2948 Latmius
507 2907 585 2966 pater
604 2882 726 2948 dicitur
748 2907 765 2947 a
783 2885 887 2949 Statio
913 2890 1015 2950 filvar.
1040 2903 1073 2963 5.
1095 2898 1130 2966 4,
1152 2901 1215 2970 40.
1265 2885 1359 2969 Ipsam

333 2985 479 3050 fabulam
508 2981 601 3048 varie
632 2983 836 3052 intellectam
867 2985 977 3060 luille.
1018 2987 1153 3073 adparet
1187 3011 1227 3052 cx
1258 2985 1357 3052 Schol.

332 3083 499 3172 Apollonii
524 3085 564 3148 ad
586 3096 620 3167 4.
644 3100 689 3166 57
710 3088 754 3174 sq.
806 3089 906 3174 Quod
930 3086 1033 3173 igitur
1066 3093 1185 3154 volunt
1208 3087 1358 3178 plerique.

334 3185 599 3270 contemplandis
631 3187 787 3251 fideribus
819 3209 953 3274 operam
985 3187 1097 3264 dedit.
1139 3213 1241 3277 quare
1265 3202 1359 3256 noctu

332 3286 539 3372 invigilavit,
565 3287 712 3351 interdiu
735 3293 929 3376 plerumque
952 3289 1105 3364 dormiit.
1130 3296 1267 3372 (auctor
1289 3306 1357 3352 ano·

332 3411 452 3472 aymus
470 3391 511 3452 de
531 3388 718 3453 incredibil.
740 3413 811 3476 cap.
832 3395 907 3469 aa.)
933 3393 1021 3478 quod
1046 3394 1087 3455 ad
1106 3395 1203 3456 lunae
1223 3408 1356 3457 contem·

331 3491 514 3578 plationem
544 3489 681 3576 propius
712 3495 941 3555 accommodat
964 3491 1093 3556 Plinius
1114 3513 1145 3566 a.
1165 3508 1197 3573 5.
1222 3496 1243 3558 s.
1266 3513 1297 3576 9.
1329 3501 1358 3549 et

331 3590 410 3656 iude
427 3596 542 3656 Lunae
564 3613 710 3654 amorem
727 3592 878 3678 explicat.
911 3593 962 3657 Cf.
980 3592 1028 3658 ibi
1044 3593 1207 3660 Harduin.
1230 3611 1263 3658 et
1282 3606 1355 3680 quot

286 3705 289 3715 '
330 3692 499 3766 nominat.
534 3695 648 3772 Heyne
674 3690 709 3754 in
737 3695 846 3778 opusc.
869 3696 1110 3759 0000100ου1101.
1137 3715 1167 3759 a.
1192 3717 1263 3782 pag.
1280 3705 1355 3773 507·

331 3794 503 3880 notatique
526 3793 566 3856 ad
588 3797 612 3855 F
615 3792 754 3878 ulgentii
778 3795 916 3874 Mythol.
936 3816 968 3870 a,
993 3815 1046 3878 ¹9·
1074 3813 1107 3860 et
1128 3799 1272 3860 luvenal.
1289 3816 1314 3858 c.
1335 3793 1353 3852 l·

328 3899 379 3958 De
396 3895 526 3965 sornno.
552 3893 628 3980 quia
650 3896 778 3958 cursum
796 3900 894 3959 lunae
910 3895 1093 3970 invenerit.
1119 3920 1179 3983 per
1196 3915 1241 3976 30
1259 3909 1352 3960 annos

329 4015 407 4058 eum
439 3993 590 4062 dormisse
621 4013 828 4065 commentos
861 3998 923 4065 else
953 4001 1132 4090 quosdam.
1165 3999 1265 4068 refert
1287 3993 1352 4062 Ful·

328 4113 417 4183 gent.
438 4117 467 4162 c.
490 4100 514 4164 l.
