2852 4946
351 350 423 477 '37⁰
630 394 790 455 Noetu
830 393 1132 455 EXEGEthAP.

366 569 454 634 mide
476 567 629 640 dubium,
664 567 686 626 fi
711 569 830 652 cogites
855 589 873 631 a
898 567 1050 632 tenuibue
1080 567 1217 634 exordiis
1241 569 1273 632 iu
1293 569 1381 630 meiur

368 673 478 736 tenum
501 671 624 754 augeri,
654 688 728 730 cum
750 674 819 732 elue
839 689 906 734 non
923 668 1025 731 solum
1043 667 1142 732 cuttu
1161 665 1338 753 uurplifftma
1354 679 1382 730 et

366 769 594 838 inllructill'rmu
615 769 819 842 describatur,
853 767 904 834 led
922 785 955 832 ot
975 771 1153 834 Phoenices
1172 774 1325 834 adiutores
1345 791 1381 830 rr·

368 871 468 938 ceffiti
487 894 503 934 a
525 873 668 934 Diodoro
687 887 721 940 Ω,
745 873 798 934 ι6.
822 872 1052 954 producantur.
1104 872 1254 934 Ceterum
1275 873 1382 934 Plinius

369 989 404 1056 5,
428 989 482 1056 ²3·
502 972 523 1035 l.
544 990 599 1036 ru.
622 974 665 1034 ita
685 973 762 1053 haec
781 973 900 1036 reddit:
933 973 1074 1036 inventio
1095 975 1259 1040 rravulium
1280 971 1383 1035 bellicu-

367 1097 495 1162 ntnrque
515 1075 644 1138 artium.

442 1273 771 1358 imperitare)
830 1274 971 1360 Respicit
1005 1277 1199 1358 tliiyriorum
1232 1277 1386 1360 imperium

368 1380 517 1444 omnium
533 1372 794 1460 antiquiffimum.
822 1397 991 1442 onnevtve
1008 1381 1085 1443 MS.
1126 1381 1261 1464 Propter
1277 1378 1385 1441 Ninum

366 1479 402 1542 id
417 1478 489 1562 ipsu
504 1479 670 1549 tribuitur,
701 1478 739 1540 ab
762 1479 852 1540 cuine
871 1499 972 1564 reguo
993 1481 1152 1564 incipiunt
1173 1499 1286 1545 omues
1301 1477 1386 1564 genti·

367 1581 449 1643 lium
468 1580 624 1644 hilloriae.
659 1598 684 1642 1.
706 1598 901 1642 onouovrve
918 1580 994 1645 MS.
1014 1602 1045 1648 r.

445 1779 714 1865 proelium)
762 1782 886 1844 Pliniue
903 1795 937 1856 7,
954 1792 1013 1859 57.
1029 1781 1122 1862 [56.
1147 1785 1304 1848 Proelium
1323 1773 1389 1870 Afri

370 1897 483 1949 contra
497 1884 669 1966 Aegyptios
688 1884 785 1964 primi
796 1873 906 1971 fecere
916 1873 1075 1978 fustibus,
1095 1906 1176 1968 prcus
1188 1899 1306 1949 vocant
1322 1885 1389 1962 ptu-

369 1987 501 2068 langas‚
524 1985 564 2046 de
579 1983 693 2066 quibue
710 1985 776 2044 vid.
794 1983 840 2044 ibi
857 1983 1052 2048 Haeduinue.
1087 1987 1179 2048 idern
1193 1989 1289 2049 tradit
1304 1983 1390 2067 Hygi·

368 2107 430 2151 nue
451 2083 513 2148 fab.
545 2097 629 2164 274.
658 2085 773 2146 Reium
805 2085 947 2166 primum
973 2085 1080 2170 gladio
1113 2089 1279 2171 puguaffe‚
1317 2085 1390 2146 unde

370 2189 491 2251 bellruu
508 2188 629 2248 dictum
649 2185 694 2246 stt.
746 2187 796 2248 De
818 2203 977 2248 armorum
1000 2189 1225 2252 inventoribus
1241 2191 1324 2250 idem
1340 2185 1389 2245 Pii·

369 2292 445 2352 niue
465 2307 493 2351 c.
509 2287 532 2352 l.
552 2299 671 2357 namet,
704 2286 838 2370 aliique,
870 2305 950 2368 quoe
971 2291 1142 2351 nominant
1169 2291 1234 2351 viri
1258 2289 1338 2351 docti
1358 2281 1390 2344 ad

370 2389 548 2474 Hyginum.
600 2387 764 2450 Proelium
797 2401 904 2450 eutem
932 2388 972 2449 de
999 2390 1064 2451 acie
1089 2389 1239 2454 iuliructe
1265 2390 1389 2468 lolioque

369 2490 481 2554 ordine
497 2487 752 2572 intelligendum.
803 2488 888 2552 Hinc
902 2500 935 2572 pt
954 2487 1012 2573 τῆς
1029 2485 1189 2578 διαφορῆς
1206 2487 1302 2556 αἴτιοι
1322 2493 1389 2550 iuter

372 2591 508 2652 Graecos
532 2601 565 2648 ct
590 2589 677 2650 Aliae
709 2589 848 2671 populor
880 2608 919 2652 ex
944 2588 1109 2654 Persarum
1142 2584 1388 2658 sermonibuetb

370 2690 536 2756 Herodoto
559 2687 615 2754 lib.
637 2711 666 2753 ι.
683 2691 729 2754 iu.
750 2702 915 2754 vocantur.

520 2896 550 2973 §.
580 2909 613 2956 α.
669 2891 822 2976 Tyros)
870 2891 1012 2958 Priscum
1036 2914 1158 2959 nomeu
1183 2899 1238 2966 'lit
1263 2879 1390 2961 vetuli.

372 2994 460 3078 quod
485 2995 616 3056 Punicis
640 2995 739 3056 literie
762 2995 798 3058 in
821 2997 994 3076 Tyriorum
1021 2999 1129 3060 nuruie
1153 3001 1259 3060 notari
1283 3004 1388 3082 potunt·

372 3095 426 3161 ef.
447 3094 583 3159 Eckltel.
607 3095 708 3157 doctr.
729 3115 857 3159 numor.
878 3097 915 3160 P.
936 3117 967 3160 r.
989 3098 1059 3159 v01.
1076 3110 1109 3176 3.
1131 3118 1164 3180 p.
1183 3111 1271 3180 403.
1320 3095 1391 3159 Hinc

373 3216 453 3261 vero
479 3189 549 3282 Σόρ
577 3193 636 3279 (al.
670 3197 766 3257 etiam
793 3191 893 3284 Σώρ)
926 3197 1103 3261 incolamm
1128 3199 1237 3283 lingua
1262 3189 1390 3281 adpellari

373 3299 469 3362 tradit
485 3295 708 3358 Theodorctue
726 3299 760 3357 in
775 3297 934 3361 Ezechiel.
952 3319 1018 3381 cap.
1038 3299 1095 3363 26.
1120 3313 1154 3362 et
1167 3303 1208 3362 fic
1221 3299 1350 3364 occurrit
1365 3295 1391 3353 io

373 3396 555 3484 Eugesrppo
573 3397 612 3458 de
635 3395 787 3460 ‹lillautiie
805 3399 901 3462 locor.
924 3414 1022 3462 terrae
1035 3401 1067 3464 S.
1083 3401 1127 3464 in.
1155 3415 1188 3462 et
1209 3403 1329 3467 Clrrou.
1347 3395 1391 3456 1²²·

375 3499 468 3562 l'chali
484 3518 517 3580 p.
540 3515 621 3578 ¹¹9·
644 3498 723 3562 Veu.
776 3498 917 3562 Orientis
938 3501 1034 3562 etiarn
1056 3503 1192 3583 populor
1215 3501 1332 3584 semper
1347 3511 1391 3556 uo·

374 3600 505 3664 mineiie
531 3599 560 3660 T
549 3589 630 3690 soor
653 3597 674 3662 i.
697 3600 778 3662 Socer
799 3602 968 3662 contendit
983 3601 1106 3678 Volney
1126 3601 1218 3663 lleile
1240 3607 1272 3666 d.
1294 3598 1391 3678 syrten

375 3703 473 3766 Turn.
492 3717 525 3763 Ω.
550 3720 582 3780 p.
602 3711 684 3776 157.
734 3699 840 3782 lplunr
866 3720 987 3762 nomen
1010 3703 1042 3760 in
1067 3701 1268 3771 Phoenicum
1289 3703 1390 3782 tingue.

373 3822 415 3867 ex
434 3821 495 3883 qua
517 3801 638 3861 derivat
653 3799 800 3862 Bochart.
816 3802 850 3860 in
865 3801 966 3863 Chen.
985 3816 1017 3870 u.
1039 3816 1092 3878 17.
1115 3801 1265 3886 fignificat
1285 3813 1390 3880 rupem,

373 3903 413 3966 ed
431 3903 525 3962 sutum
540 3915 622 3984 apte.
660 3900 767 3962 Graeci
785 3902 934 3962 dixerunt
949 3891 1073 3988 Τύρος,
1098 3923 1115 3963 a
1133 3905 1222 3982 Tyro
1236 3899 1388 3964 Phoenice.

373 4002 567 4084 (Stephanus
584 4002 617 4065 h.
630 4007 687 4082 ru).
706 4001 758 4064 vel
774 4022 791 4064 e
807 4003 896 4083 Tyro
911 4005 1064 4087 Agenoris
1080 4003 1229 4088 coniuge.
1253 3995 1388 4081 (tutati.

372 4104 413 4168 ud
429 4101 561 4186 Dionys.
579 4123 611 4167 v.
623 4119 710 4183 9tt.
737 4101 860 4169 Chron.
877 4103 986 4170 Pelch.
1001 4123 1034 4188 p.
1052 4115 1111 4185 35.
1128 4105 1223 4185 Veu.)
1246 4101 1309 4190 iplo
1323 4100 1388 4181 tge
