2764 4958
352 417 413 494 276
620 421 780 480 norae
820 421 1125 478 axaoaarcta

283 641 285 646 -
351 616 416 680 quo
438 606 471 657 et
492 591 577 656 redit
601 593 770 678 explicatio
786 592 936 655 Bocharti
953 594 987 653 in
1005 593 1109 656 Chan.
1134 613 1164 664 ι,
1192 603 1247 672 esp.
1283 591 1346 684 Byr]

352 719 370 760 a
393 699 480 758 corio
501 693 634 758 dialecto
652 715 773 757 nornen
797 695 909 765 traxit,
935 715 999 778 quo
1021 715 1090 758 area
1107 693 1195 756 urbia
1211 695 1292 756 strata
1312 691 1346 754 sul

353 813 391 862 ut
409 811 535 858 narrant
553 796 662 859 lustin.
683 808 787 875 tlh-5.
807 797 932 877 aliique.
988 799 1059 858 Vid.
1075 795 1247 858 Bochartua
1264 817 1288 857 c.
1305 797 1324 856 l.
1346 848 1347 870 ,

355 915 436 983 qnos
450 899 556 960 laudat
575 895 708 960 Meusel.
724 899 758 958 in
776 897 852 961 bibl.
867 899 1013 960 hislorica
1030 900 1100 960 Vol.
1118 912 1151 978 5.
1165 897 1202 960 P.
1217 917 1245 962 r.
1261 919 1291 978 p.
1306 901 1347 964 rol

354 1002 465 1066 Pinart
479 1013 512 1061 et
529 997 764 1062 Valckenarius.
801 1001 850 1062 lta
865 1019 943 1062 vero
960 999 1159 1085 Carthaginis
1174 1021 1227 1061 arx
1244 1001 1347 1060 dictae

355 1103 474 1183 reliqua
491 1120 561 1182 paro
577 1101 726 1180 Megara.
778 1098 828 1162 Cs.
850 1101 999 1164 Bochart.
1016 1121 1041 1164 c.
1060 1103 1081 1163 l.
1104 1115 1137 1163 et
1152 1121 1232 1183 quae
1249 1101 1347 1183 congel

356 1201 428 1266 sunt
449 1203 487 1262 acl
504 1201 611 1262 histor.
631 1201 775 1268 catholic.
792 1204 921 1287 Anglor.
941 1203 1010 1264 Vol.
1032 1215 1085 1280 15.
1105 1223 1137 1285 p.
1163 1221 1230 1282 ¹9⁰
1250 1199 1307 1283 sqq.
1335 1197 1347 1260 l

358 1305 427 1366 cola
461 1303 517 1364 Gr.
555 1297 797 1389 Καρχηδόνιος,
846 1305 915 1368 Lat.
960 1300 1250 1394 Cartlzngirrt'enfis,
1283 1295 1348 1384 palli

358 1409 454 1468 etiam
496 1400 776 1496 Carthaginensts.
823 1403 931 1488 priscia
968 1401 1223 1495 Contrebienses,
1258 1404 1295 1464 de
1325 1421 1348 1484 qt

358 1507 481 1568 «lictum
498 1505 569 1568 Vol.
588 1525 617 1567 1.
636 1505 674 1566 ad
695 1525 727 1590 3,
745 1523 778 1587 9.
798 1519 830 1587 5.
879 1507 1001 1570 Latinio
1019 1505 1107 1588 saepe
1128 1508 1226 1570 etiam
1247 1507 1348 1566 dicunt

359 1609 478 1676 Poeni,
515 1619 552 1665 ιιι
574 1600 685 1670 ssotvoi
716 1607 941 1691 pollerioribua
965 1608 1102 1670 Graecia.
1170 1609 1221 1670 De
1241 1605 1349 1690 magnit

360 1708 447 1778 dine,
474 1707 655 1770 celebritate
670 1709 757 1773 urbia
773 1723 805 1772 et
823 1711 947 1771 excidio
965 1711 1072 1774 omnia
1087 1721 1164 1770 nota
1182 1708 1262 1772 sunt.
1291 1709 1349 1770 Situ

272 1863 281 1879 ,
360 1812 429 1872 eiua
453 1807 572 1871 curiose
599 1810 768 1892 inprimis
797 1811 1000 1896 investigavit
1023 1811 1118 1874 Slaaw
1140 1813 1182 1873 T.
1210 1831 1238 1872 ι.
1263 1831 1292 1892 p.
1314 1821 1349 1882 17

361 1913 417 1994 qni
436 1911 521 1971 illam
543 1913 709 1994 regionem
726 1913 895 1998 diligenter
911 1912 1161 1996 perlustraverat.
1213 1912 1310 1972 Pauca
1327 1909 1349 1969 ei

362 2013 491 2098 vestigia
513 2013 643 2094 reperiri
665 2015 726 2075 iam
751 2016 829 2078 olim
851 2015 977 2077 notavit
999 2015 1065 2076 Leo
1089 2012 1230 2076 African.
1250 2015 1282 2072 in
1301 2007 1350 2084 del

362 2109 485 2178 Africae
501 2127 533 2190 5.
550 2127 610 2190 57.
662 2115 789 2178 Partem
804 2119 874 2178 eine
895 2116 993 2178 hodie
1012 2113 1067 2176 snb
1088 2117 1168 2176 nrari
1191 2115 1285 2176 latere
1304 2129 1350 2174 mat

363 2236 417 2278 me
441 2215 600 2290 borealem
631 2231 734 2278 narrat
756 2217 859 2280 Bruce
882 2219 914 2277 in
937 2216 1055 2278 introtl.
1079 2215 1116 2276 ad
1140 2218 1200 2278 iter
1220 2237 1252 2298 p.
1275 2235 1315 2276 m.
1338 2229 1350 2274 a

363 2319 453 2378 Vidit
468 2331 572 2377 tamen
583 2315 677 2378 Shaw
686 2319 849 2388 luculenta
868 2318 995 2402 vestigia
1012 2319 1243 2398 aquaeductus.
1260 2315 1350 2398 lapide

365 2419 548 2501 congeriem
576 2419 713 2500 aliasque
737 2422 844 2482 ruinas
869 2421 944 2480 inde
971 2440 988 2480 a
1014 2419 1162 2481 Goelette
1188 2417 1350 2480 ad-Gomn

365 2519 422 2580 alia
448 2505 481 2578 in
501 2537 592 2602 agroe
614 2517 781 2604 frugiferos
801 2521 982 2582 transierant
1002 2521 1054 2582 rel
1077 2519 1209 2601 pascua.
1244 2521 1288 2580 nti
1305 2518 1351 2576 det

364 2634 454 2681 verat
486 2619 564 2680 olim
594 2621 701 2704 Scipio
726 2637 853 2685 auctore
879 2624 1024 2703 Appiano
1053 2621 1093 2684 de
1123 2623 1159 2682 ll.
1189 2621 1263 2684 Civ.
1290 2631 1351 2690 r‚a

365 2721 423 2782 alia
439 2721 525 2805 pagio
540 2735 629 2782 erant
650 2723 841 2797 constructa3
867 2725 972 2786 locum
988 2737 1095 2783 autem
1112 2723 1229 2805 ipsum.
1253 2721 1306 2782 nbi
1322 2718 1351 2778 ol

367 2821 468 2892 stetit.
494 2823 629 2904 adpellat
645 2819 827 2915 EbMerjn
846 2843 944 2906 prope
962 2825 1143 2888 satra-rat.
1183 2826 1286 2907 Prope
1299 2823 1325 2882 T
1328 2839 1351 2878 ut

367 2925 462 3005 ponit
487 2923 594 2984 Poiret
626 2945 747 3010 voyage
775 2948 815 2987 en
840 2927 1003 2996 Barbarie,
1036 2928 1069 2986 in
1096 2924 1197 3006 praes.
1217 2947 1250 3009 p.
1282 2943 1329 2985 to.

367 3029 476 3086 tenuia
504 3026 631 3110 velligia
661 3031 808 3110 antiquae
836 3030 922 3088 urbis
951 3025 1090 3106 conspici
1118 3029 1274 3089 adfirmat.
1319 3025 1351 3084 lr

367 3127 488 3190 Punica
514 3126 596 3188 bella
617 3127 673 3188 snb
697 3129 747 3190 sua
770 3131 893 3190 ditione
917 3127 1056 3188 hahuillo
1086 3142 1156 3205 500
1184 3129 1277 3190 urbes
1302 3143 1349 3186 nar

369 3231 481 3290 Strabo
503 3249 530 3291 c.
553 3227 574 3290 l.
624 3231 690 3312 Qui
713 3232 753 3292 de
779 3229 971 3314 Carthagine
999 3227 1186 3310 scripserunt
1212 3227 1351 3313 persequi!

371 3329 504 3391 Mensel.
527 3332 560 3390 in
585 3330 777 3393 bibliotheca
796 3331 901 3394 histor.
922 3330 991 3391 Vol.
1018 3345 1049 3410 5.
1078 3331 1113 3393 P.
1139 3350 1170 3394 ι.
1201 3354 1234 3416 p.
1260 3341 1323 3407 105
1337 3323 1351 3384 [a

371 3432 428 3492 ubi
452 3445 557 3494 tamen
579 3449 664 3495 recte
686 3435 759 3494 acidi
779 3433 880 3516 potest
901 3429 1149 3515 Cantpornanee.

438 3627 547 3725 foto
578 3635 783 3717 Catonia)
834 3634 1148 3718 Morte.quams1bi
1173 3633 1238 3720 ipse
1253 3629 1347 3694 intulit

372 3735 457 3798 bello
483 3739 571 3799 civili
595 3759 636 3800 ne
661 3741 695 3800 in
720 3735 855 3800 Caesaris
881 3757 993 3798 manus
1015 3737 1180 3798 incideret.
1235 3737 1335 3798 llictne

378 3837 548 3928 Uticenfis‚
583 3841 668 3922 quod
696 3857 878 3924 cognomen
904 3840 942 3900 ab
968 3839 1019 3898 illa
1044 3838 1123 3898 urbe
1153 3855 1228 3900 eum
1252 3833 1351 3912 accepil

374 3937 488 4002 diserte
510 3956 599 4002 notat
618 3943 678 4002 Dio
695 3949 755 4020 45,
778 3965 831 4006 ιι.
862 3943 915 4002 vel
932 3941 1027 4002 etiem
1043 3941 1155 4000 minor.
1208 3939 1286 4000 Eine
1305 3933 1351 3992 vita

375 4043 532 4125 ‹lescripfit
553 4041 750 4106 Plutarchna.
791 4046 841 4106 De
865 4040 1044 4104 Cotonihua
1066 4055 1171 4101 autem
1195 4033 1351 4099 orrnrinot

375 4144 448 4208 serit
473 4145 594 4208 Gellius
621 4158 675 4226 ιδ,
705 4165 761 4226 ι9.
814 4145 894 4206 Eius
928 4155 1069 4206 mortem
1102 4141 1280 4226 praedicant
1302 4151 1351 4197 mu
