2764 4958
373 402 437 472 204
642 394 802 455 nomn
839 395 1141 455 sxncertctn

375 565 533 630 d’inville
549 563 743 640 Mareotida;
769 567 849 628 ultra
863 567 969 628 Siwah
984 568 1091 631 verius
1106 568 1270 632 meridiem
1282 561 1369 630 iletiilt

373 671 461 752 quod
476 681 509 732 et
527 687 566 731 ex
580 668 750 732 Alexandri
765 667 814 732 M.
836 669 951 730 itinere
972 671 1120 733 evincere
1139 683 1276 734 conetur.

442 861 560 960 fidei
591 868 804 952 inclutae)
854 869 939 932 ilinc
963 883 1067 933 cerem
1091 867 1207 934 dicitur
1231 871 1369 933 Hammor

375 971 415 1034 de
436 989 500 1052 quo
520 972 619 1032 multa
641 972 731 1032 dedit
753 970 961 1053 Oudendorp.
979 973 1018 1032 ad
1039 973 1159 1036 Lucan.
1175 991 1208 1053 9,
1232 987 1310 1050 512.
1344 973 1369 1030 lu

375 1073 485 1135 claruit
502 1085 607 1134 autem
624 1069 802 1152 praesertim
820 1069 972 1154 responsis
990 1073 1164 1135 Alexandro
1180 1074 1226 1136 M.
1241 1071 1325 1141 datis,
1340 1071 1367 1148 (d

374 1175 578 1254 corruptione
602 1173 710 1234 lustin.
737 1192 789 1242 ιι,
819 1191 872 1242 ιι,
889 1171 937 1250 6.)
963 1175 1036 1234 licet
1058 1177 1119 1234 inm
1141 1173 1245 1237 Croeli
1259 1187 1369 1252 tempor

372 1277 409 1336 in
426 1277 493 1336 iilia
515 1273 636 1335 celebre
654 1271 741 1334 fuiile
758 1274 906 1344 iactetur,
932 1275 1049 1356 quippe
1064 1277 1136 1357 qui.
1162 1289 1284 1337 auctore
1299 1273 1369 1334 Hem

374 1377 454 1436 doto
474 1393 503 1442 ι,
528 1373 589 1454 46.
615 1375 695 1434 illud
717 1372 835 1436 consuli
858 1371 953 1436 iussit.
1009 1375 1081 1438 Post
1101 1374 1213 1438 sensim
1236 1375 1369 1438 auctorita

324 1530 327 1538 ,
373 1478 442 1538 sius
464 1477 635 1536 imminuta
662 1474 719 1545 eil,
750 1476 854 1537 donec
880 1475 1009 1540 tendum
1032 1477 1125 1560 plane
1150 1476 1309 1542 conticuit.
1342 1471 1369 1534 ct

372 1577 525 1642 Prudent.
543 1575 577 1636 in
595 1574 758 1659 apotheoli
779 1597 812 1640 v.
830 1584 915 1660 443.

446 1775 615 1869 Austro)
665 1777 750 1840 Nam
772 1789 805 1839 et
832 1777 972 1840 solebant
995 1792 1111 1844 ventos
1136 1775 1369 1846 consecratorlu

372 1868 467 1952 bere,
499 1881 585 1942 unde
601 1879 718 1941 Boreas
740 1879 823 1962 apud
846 1879 943 1942 ovid.
965 1881 1098 1944 Metam.
1116 1880 1148 1955 6,
1167 1883 1250 1963 685.
1273 1879 1369 1962 adpulit

371 1996 426 2043 rur
448 1981 550 2043 Deus.
594 2001 618 2046 1.
643 1999 838 2064 cnouovrve
862 1982 937 2044 MS.
1010 1983 1129 2044 Ventos
1161 1987 1249 2046 Deos
1278 1981 1369 2043 habitu

372 2081 462 2144 fuiile
477 2095 509 2144 et
526 2080 677 2144 sacrificiis
692 2082 864 2144 honoratos
885 2083 1099 2166 placatosque,
1128 2083 1201 2148 [atis
1220 2105 1259 2148 ex
1273 2079 1369 2165 Virgili

372 2183 512 2246 discitur.
562 2183 655 2244 Plura
678 2183 763 2244 dabit
781 2183 882 2246 Cerda
903 2185 941 2244 ad
963 2185 1042 2246 Aen.
1062 2199 1096 2255 Ω,
1117 2185 1198 2251 116.
1219 2199 1252 2248 et
1269 2200 1300 2262 5,
1321 2197 1369 2245 tut

372 2285 497 2349 Plinius
515 2299 550 2353 Ω,
566 2291 625 2365 [pp.
638 2283 658 2346 l.
669 2293 728 2364 45.
750 2285 836 2346 idem
853 2283 892 2346 stc
905 2283 1061 2346 reddidit:
1085 2287 1127 2346 Iu
1145 2285 1318 2369 Cyrenaica
1329 2299 1369 2361 pu

375 2386 487 2446 vincia
506 2405 599 2464 nepes
617 2384 772 2466 precedam
787 2383 903 2475 Austro
921 2383 1062 2447 truditur
1074 2377 1192 2478 sacru,
1221 2407 1311 2470 quum
1328 2397 1369 2462 prr

364 2476 489 2575 sunum
504 2481 556 2575 stt
579 2484 754 2546 adtrectari
785 2485 925 2547 hominis
950 2507 1061 2559 uranu,
1099 2481 1267 2582 confestim
1292 2480 1368 2576 Aust!

371 2586 517 2648 volvente
534 2605 657 2648 arenas.
693 2585 754 2646 Ille
771 2585 804 2648 iu
821 2586 927 2650 nostro
942 2586 985 2649 est
1001 2587 1120 2660 Auster,
1143 2589 1223 2652 irasc
1236 2605 1334 2672 rupes.

436 2779 469 2878 f
473 2784 685 2868 luctibus)
733 2787 936 2870 Comparatio
951 2787 1029 2852 haec
1044 2808 1110 2852 non
1127 2789 1320 2875 infrequens.
1350 2785 1368 2846 1¹

372 2891 413 2954 de
427 2889 490 2952 hoc
503 2901 603 2948 tractu
618 2889 749 2952 Curtius
764 2901 798 2970 4,
816 2905 848 2964 7,
870 2909 924 2951 ιι.
947 2903 984 2952 ul
999 2911 1144 2970 aperuere
1151 2885 1193 2983 se
1206 2891 1319 2968 campi,
1338 2885 1368 2949 ui

372 2989 478 3054 obusti
492 2979 625 3080 subulo,
657 2991 744 3050 haud
762 2981 856 3081 secus
880 3011 976 3073 quam
1000 2983 1203 3082 profundum
1224 3009 1334 3075 aequor
1351 2987 1368 3046 it

372 3085 472 3184 greffi.
518 3091 634 3153 Seneca
657 3092 689 3150 in
713 3091 807 3152 Herc.
831 3089 893 3154 fur.
915 3111 948 3153 v.
971 3105 1057 3171 519.
1089 3114 1159 3154 cum
1184 3115 1241 3176 per
1264 3103 1368 3154 orcrttet

372 3194 504 3275 plagam
524 3191 572 3253 Et
583 3186 785 3280 fluctuantes
808 3211 890 3253 more
913 3191 1034 3254 turbati
1052 3196 1149 3255 maris
1173 3193 1254 3256 abiit
1275 3209 1368 3254 urertut

371 3297 519 3357 Arrianus
534 3293 573 3353 de
587 3313 658 3375 exp.
677 3293 764 3354 Alex.
779 3305 811 3370 3.
829 3307 861 3372 5,
877 3309 911 3375 7.
938 3313 1032 3374 quem
1046 3297 1197 3357 excitavit
1213 3297 1263 3357 hic
1277 3293 1367 3354 Ciacct

372 3399 455 3464 niue,
476 3395 514 3456 tle
529 3394 567 3454 iis
582 3394 679 3456 locis:
705 3381 780 3458 οὐδὲ
799 3389 883 3458 ἔστιν
897 3389 1019 3465 εἰδέναι,
1042 3391 1094 3458 ἵνα
1109 3391 1178 3483 χρὴ
1194 3387 1367 3485 nopeo'soiu

372 3489 525 3581 καθάπερ
546 3490 575 3557 ὲν
599 3486 750 3576 πελάγει,
778 3495 823 3580 rip*
844 3487 987 3583 ψάμμῳ.
1048 3497 1171 3560 Similia
1197 3501 1255 3559 alia
1280 3493 1367 3555 dabui

373 3599 471 3661 Corte
488 3598 524 3657 sd
541 3595 662 3658 Salluil.
682 3598 750 3680 lug.
773 3615 839 3677 cap.
859 3613 917 3676 79.
937 3610 969 3658 et
987 3617 1065 3677 quos
1086 3600 1246 3681 producit,
1288 3591 1367 3658 simil

372 3699 438 3762 fere
454 3697 635 3778 exemplum
651 3699 683 3757 in
703 3698 770 3757 lacu
790 3711 1017 3760 commemorat
1032 3701 1196 3782 Ampelius
1213 3721 1240 3762 c.
1258 3711 1290 3775 ss.
1318 3693 1367 3756 Cut

366 3791 554 3892 subpriodas,
579 3799 639 3878 pix
659 3797 723 3860 alte
740 3797 908 3860 adtollitur
923 3813 954 3861 et
974 3797 1065 3892 quast
1085 3799 1126 3861 ab
1144 3821 1232 3884 aqua
1251 3786 1365 3886 bullesci

448 3997 579 4080 Fons)
616 4001 665 4060 De
681 3998 744 4059 hoc
761 3996 832 4062 iulis
848 3997 937 4063 fonte
951 4001 1080 4083 plurimi
1095 4004 1253 4074 dixerunt,
1276 4000 1367 4060 ducen

373 4099 460 4184 quod
496 4099 641 4172 videtur,
682 4097 778 4162 [scuti
808 4099 1011 4165 Herodotum
1036 4113 1072 4188 lp.
1102 4117 1183 4185 181.
1222 4107 1258 4166 in
1286 4099 1366 4186 quiin
