2852 4946
332 379 399 449 soe
600 369 766 430 NOTAE
806 372 1111 432 cxueertcttc

332 559 381 609 ter
395 545 472 608 alios
488 542 693 607 Callisthenes
709 543 792 626 apud
807 543 921 624 Polyb.
938 561 992 618 ια,
1013 561 1068 622 17.
1095 545 1153 608 ubi
1169 549 1247 612 olim
1261 541 1376 638 Πόρος

331 667 430 732 parve
451 642 647 732 legebatur.)
692 645 800 708 Hodie
816 637 984 736 Iiianerfy‚
1011 648 1114 730 quod,
1140 652 1213 732 quia
1235 671 1274 712 ex
1290 651 1374 713 dno·

331 749 393 812 bus
420 749 536 810 vicinis
564 747 672 808 fluviis
694 747 796 808 maior
823 747 876 818 stt,
916 747 1021 811 censet
1050 750 1199 814 Pococke
1221 753 1318 815 Tom.
1337 769 1374 816 Ω.

330 870 365 936 p.
384 869 428 912 m.
448 861 532 928 257.
559 846 616 908 ubi
637 849 734 910 etiam
756 862 1044 912 monumentorum
1067 852 1295 914 exstructorum
1321 873 1374 914 ru·

197 1013 204 1034 ,
333 955 407 1020 dere
430 949 586 1013 describit.
631 949 694 1011 Atii
714 949 802 1010 euim
826 951 941 1012 volunt
964 950 1023 1014 effe
1046 952 1079 1015 h.
1101 945 1226 1046 Deiisn.
1263 953 1375 1036 ipsum

334 1074 482 1136 campum
505 1051 747 1132 instructamque
767 1052 800 1110 in
823 1071 862 1114 eo
884 1053 985 1114 aciem
1009 1052 1191 1115 describunt
1211 1055 1375 1119 callisthe-

334 1177 393 1218 nes
413 1154 495 1237 apud
518 1152 634 1234 Polyb.
652 1171 679 1214 c.
695 1153 717 1213 l.
751 1152 872 1214 Arrian.
895 1168 928 1223 a,
951 1153 1051 1236 ssiqq.
1087 1156 1260 1218 Herodian.
1279 1169 1313 1236 5,
1335 1166 1372 1236 4.

334 1259 498 1320 Diodorus
521 1269 576 1329 17.
602 1267 660 1334 35.
693 1253 823 1314 Curtius
840 1252 967 1335 3.8iq.
1002 1277 1041 1318 ex
1063 1257 1294 1319 recentioribue
1311 1259 1376 1318 Po·

335 1357 436 1422 cocko
453 1376 479 1418 c.
494 1355 516 1418 l.
542 1367 575 1416 et
592 1355 742 1415 Mannert
758 1355 792 1415 in
808 1354 926 1440 Geogr.
942 1357 1013 1420 Vol.
1032 1357 1065 1420 6.
1081 1359 1120 1421 P.
1136 1373 1170 1422 a.
1193 1379 1224 1441 p.
1243 1371 1289 1438 53
1310 1357 1375 1440 iqq.

336 1458 436 1542 Quod
469 1475 547 1519 vero
574 1453 721 1518 Arbelitis
750 1455 814 1518 huc
845 1456 885 1518 de
914 1456 986 1520 loco
1018 1474 1150 1520 vocatur
1180 1479 1197 1520 a
1224 1459 1375 1530 Schotto,

335 1559 449 1624 felium
464 1557 524 1630 est,
558 1557 631 1638 quia
651 1559 685 1618 id
705 1558 745 1618 tie
762 1557 852 1618 tertia
873 1555 982 1642 pu'gna
1004 1561 1100 1624 vaiet.
1133 1560 1185 1623 Sic
1202 1559 1282 1621 hanc
1296 1559 1375 1623 falso

337 1653 484 1746 ὑστάτην
505 1651 622 1747 μα’χην
638 1657 716 1721 dicit
733 1659 936 1722 Herodianus
950 1678 977 1723 c.
993 1659 1015 1720 t
1056 1647 1241 1748 Pugnatum
1261 1675 1376 1724 autem

335 1763 380 1827 eit
395 1783 423 1826 a.
441 1761 518 1825 chr.
537 1773 621 1840 553.

415 1959 699 2046 discriminis)
731 1961 808 2025 Non
823 1963 974 2045 periculo.
997 1976 1034 2024 ut
1051 1961 1129 2025 solet
1142 1984 1177 2026 aa
1192 1983 1257 2026 vox
1273 1965 1377 2048 vulgo

339 2066 438 2138 iorni,
467 2063 515 2126 iod
531 2065 595 2126 fine
617 2065 685 2126 eiua
702 2063 859 2146 respectu,
886 2067 920 2142 in
939 2083 1004 2146 quo
1023 2085 1135 2148 magua
1152 2067 1229 2127 oiim
1251 2085 1301 2128 ree
1321 2069 1377 2128 de·

341 2183 424 2232 creta
439 2165 500 2228 init
517 2181 550 2228 et
566 2166 745 2236 rtitndicara,
766 2164 879 2228 utCic.
894 2169 931 2228 ad
944 2167 1064 2230 Attica
1075 2167 1107 2236 6,
1132 2180 1185 2244 15.
1209 2167 1265 2226 ubi
1282 2167 1376 2229 Grae·

340 2273 415 2332 vine
428 2272 461 2330 in
478 2284 554 2328 nota
569 2267 654 2326 hunc
671 2285 797 2347 quoque
814 2267 920 2328 locum
937 2263 1023 2328 citat.
1049 2287 1072 2328 r.
1091 2267 1375 2332 ononovtveMS.

341 2371 470 2453 Nempe
487 2369 666 2438 disrrinran,
690 2379 726 2426 ut
746 2365 833 2449 saepe
847 2368 928 2449 apud
942 2367 1142 2435 Ciceronem.
1165 2367 1217 2437 est.
1238 2369 1294 2430 nbi
1311 2388 1376 2431 cer·

342 2485 426 2534 tatur
442 2471 481 2530 de
500 2469 621 2530 summa
644 2486 688 2536 re,
714 2469 800 2530 uncie
819 2471 887 2531 eiua
909 2483 1044 2530 eventus
1063 2470 1162 2550 potest
1177 2469 1322 2552 cognosci
1344 2484 1377 2531 et

337 2571 517 2646 diiudicari.
570 2569 622 2631 Sic
645 2568 777 2630 Curtius
800 2581 832 2649 5,
852 2581 886 2648 8,
911 2585 969 2634 ao.
992 2571 1031 2633 de
1052 2569 1111 2631 hac
1132 2589 1256 2656 pugnat
1290 2573 1378 2633 tanti

341 2672 534 2736 discriminis
557 2681 696 2731 eventus.

411 2866 659 2966 fugientis)
709 2870 835 2956 Nempe
854 2871 928 2934 huic
945 2870 1080 2935 secundo
1096 2873 1218 2954 proelio
1242 2873 1379 2935 demum

344 2971 473 3048 adsuit‚'
504 2994 605 3057 quum
642 2975 782 3055 primurn
814 2975 985 3058 contigerit
1017 2975 1055 3036 ad
1089 2975 1261 3056 Granicum
1293 2977 1380 3036 inter

344 3080 558 3144 Alexandrum
576 3089 608 3137 et
626 3073 757 3157 satrapae
773 3077 872 3160 Darii.
906 3095 929 3140 t.
951 3095 1145 3138 cnouovrvr
1162 3077 1239 3140 MS.

414 3271 666 3374 spectator)
716 3277 768 3340 Sic
791 3275 886 3340 rebus
913 3277 1092 3339 inanimatis
1124 3277 1234 3338 tribuit
1259 3279 1383 3360 aliquid

346 3384 512 3468 proprium
534 3380 692 3447 hominis.
721 3378 808 3458 quod
832 3394 938 3439 tamen
959 3375 1179 3462 elegantiffimi
1198 3399 1263 3440 non
1289 3379 1384 3440 dubi·

348 3497 452 3547 tarnnt
470 3481 569 3544 facere
584 3482 679 3542 etiam
697 3493 770 3540 ante
784 3479 1013 3560 Pomponium,
1035 3482 1116 3560 apud
1134 3499 1228 3560 quem
1249 3479 1287 3539 fic
1301 3495 1335 3550 Ω,
1349 3495 1382 3560 3.

349 3585 530 3648 Marathon
548 3601 733 3662 magnarum
748 3581 904 3642 virtutum
925 3592 956 3640 te
970 3582 1021 3642 tis.
1062 3581 1173 3642 Livius
1190 3591 1249 3660 41,
1270 3595 1328 3658 25,
1346 3593 1383 3660 8.

349 3689 439 3748 Iovis
460 3683 601 3767 Olympii
619 3682 767 3763 tenrpinrn
788 3677 890 3771 potest
906 3681 993 3773 testis
1010 3673 1078 3768 effe.
1131 3682 1182 3742 Sic
1204 3681 1319 3745 Cicero
1343 3685 1384 3746 de

350 3787 435 3851 offic.
463 3805 492 3857 t,
516 3799 574 3846 22.
598 3786 643 3844 iu.
684 3782 821 3844 Salauris
859 3781 937 3841 ciarr'
962 3803 1043 3842 rurae
1085 3779 1173 3873 testis
1213 3785 1383 3846 victoriae.

348 3909 377 3952 r.
395 3905 586 3949 annnorrve
603 3883 680 3946 MS.
718 3883 825 3944 Notus
843 3882 1034 3943 Horatianus
1049 3883 1136 3944 locne
1153 3895 1187 3964 4.
1203 3885 1255 3947 od.
1268 3895 1304 3961 4,
1325 3897 1383 3964 53.

351 3987 438 4080 testis
456 3989 638 4050 Met-nurum
649 3977 785 4071 flumen.
821 3983 863 4042 Et
878 3983 918 4044 iic
939 3983 1028 4064 plura
1045 3998 1225 4054 occurrunt.
1264 3985 1330 4048 Pro
1346 4005 1384 4047 eo

354 4091 492 4152 Rutilius
507 4089 540 4146 in
560 4088 630 4146 itin.
647 4105 675 4153 ι,
692 4095 780 4164 499.
802 4083 880 4144 dicit
896 4081 1042 4144 Oceanus
1057 4085 1212 4146 virtutum
1229 4079 1384 4178 conscius,
