2764 4958
313 455 317 462 ¹
345 455 404 520 tsso
609 437 769 499 norun
810 439 1111 499 execarrcen

347 619 417 700 lug.
434 634 462 678 c.
481 629 535 696 19.
561 608 660 674 Livio
676 627 734 688 5ο,
757 624 811 692 95.
829 613 851 674 f.
875 613 1063 697 simpliciter
1077 615 1202 694 Leptis.
1228 613 1264 674 ln
1277 611 1352 696 polle

349 713 492 781 rioribus
524 710 645 796 legitur
670 729 837 776 contracte
857 715 1074 795 Leptiminns,
1106 733 1143 778 ut
1163 711 1199 776 in
1221 711 1352 776 Antonin

350 815 425 882 itin.
440 838 472 900 p.
490 825 548 892 58.
586 815 702 893 Leptis
724 818 827 876 miuus
850 817 969 898 Geogr.
990 819 1136 880 Ravenn.
1154 832 1187 894 3.
1207 827 1238 893 5.
1276 815 1351 892 sept

350 921 457 982 minus
471 913 506 976 in
521 915 641 975 eodem
656 927 689 992 5,
705 927 737 992 5.
764 931 797 977 et
815 917 879 978 tab.
894 915 1084 1000 Peutinger.
1100 919 1135 979 V.
1174 915 1224 979 ef.
1247 915 1352 976 Salmas

350 1020 392 1084 ad
410 1013 573 1101 Spartiani
591 1017 702 1077 Sever.
723 1037 751 1076 c.
774 1040 802 1078 1.
830 1032 863 1078 et
876 1017 1061 1102 Welseling.
1083 1019 1125 1080 ad
1139 1013 1291 1080 Antonin.
1308 1017 1352 1078 c.l

350 1121 479 1199 leptim
502 1119 649 1178 minorem
668 1112 754 1178 dixit
776 1132 887 1178 tamen
908 1116 1064 1182 Aethicus
1081 1142 1112 1204 p.
1133 1141 1178 1180 ιιι.
1198 1133 1278 1194 79ι.
1324 1117 1352 1176 t:

349 1215 452 1307 priori
471 1217 575 1278 sonna
592 1231 707 1277 natum
723 1216 974 1310 Leptiminenfls.
1011 1217 1083 1282 Vid.
1098 1215 1217 1280 notitia
1235 1251 1273 1263 -
1293 1211 1352 1278 Afri

350 1341 408 1384 cae
430 1317 466 1380 in
482 1315 651 1379 Sirmondi
668 1317 753 1400 Opp.
775 1319 816 1378 T.
837 1341 865 1381 1.
890 1342 922 1402 p.
942 1339 985 1384 9ο
992 1337 1024 1397 5.
1059 1317 1171 1383 Caroli
1194 1319 1259 1380 aS.
1273 1317 1352 1378 Paul«

350 1424 468 1502 Gcogr.
491 1419 578 1479 sacra
596 1439 628 1500 p.
651 1427 730 1494 ιο4.
782 1416 872 1482 Olim
891 1421 1088 1501 Leptitanus
1110 1418 1294 1491 dicebatur;
1325 1437 1352 1476 ra

349 1520 467 1584 tissime
485 1534 518 1580 et
538 1517 623 1580 sorte
642 1517 740 1578 semel
755 1517 885 1600 leptini
901 1517 937 1582 in
957 1519 1066 1584 'faciti
1081 1525 1198 1583 Annal.
1213 1536 1245 1599 5,
1260 1531 1313 1598 74.
1327 1515 1352 1576 in

349 1637 491 1708 proquo
512 1614 612 1681 etiam
628 1615 730 1703 aliqui
746 1621 863 1682 volunt
876 1621 1056 1703 Leptitani.
1103 1625 1154 1684 Ex
1174 1617 1299 1683 Punico
1320 1619 1352 1678 de

349 1721 436 1786 rivat
447 1720 591 1785 Bochart
605 1716 641 1780 in
657 1721 813 1782 Chanaan
837 1745 866 1802 1,
887 1732 942 1802 94.
970 1722 1059 1785 etad
1078 1719 1264 1805 emporium
1280 1736 1352 1782 trans

224 1835 235 1854 ‘
349 1824 423 1888 iert.
474 1821 571 1884 Certe
603 1818 789 1882 Phoenices
827 1820 1015 1884 conditores
1049 1821 1129 1886 facit
1161 1821 1282 1885 Sallust.
1304 1819 1352 1881 cl

350 1922 514 2006 Oppidum
528 1919 654 1984 liberum
672 1919 755 1984 dicit
767 1920 906 1996 Plinius,
923 1921 1148 1987 consentiente
1158 1921 1277 1994 Hirtio,
1294 1937 1323 1982 et
1337 1887 1352 1980 ii

350 2025 460 2090 tabula
479 2019 733 2106 Peutingeriana
754 2022 890 2086 maioris
913 2022 1028 2108 oppidi
1051 2027 1178 2108 lignum
1199 2025 1352 2108 adpositun

347 2127 457 2190 habet.
510 2121 599 2186 Olim
623 2126 742 2206 singula
764 2122 889 2187 indies
911 2129 1031 2188 talenta
1055 2123 1352 2210 Carthaginiensrbn

349 2222 469 2290 dedisse
484 2223 583 2286 refert
595 2222 711 2285 Livius
729 2237 787 2304 54,
803 2228 862 2296 69,
880 2241 912 2304 5.
944 2229 1063 2290 Aberat
1078 2248 1182 2311 prope
1198 2229 1237 2288 ab
1252 2223 1352 2286 llarlrn

291 2405 294 2412 .
347 2342 448 2396 meto,
467 2339 500 2386 et
513 2321 670 2386 Antonini
687 2322 798 2388 itiner.
813 2327 913 2390 habet
932 2338 985 2404 ¹8·
996 2329 1043 2389 M.
1060 2329 1096 2389 P.
1119 2327 1211 2390 unde
1226 2323 1295 2388 Vari
1312 2321 1352 2384 ite

347 2423 490 2490 iudicari
506 2425 608 2508 potest
622 2425 709 2508 apud
725 2424 872 2488 Hirtium
886 2427 927 2490 de
941 2431 978 2491 Β.
994 2427 1058 2492 nn.
1076 2449 1104 2490 c.
1115 2431 1174 2492 69.
1185 2429 1207 2492 s.
1242 2428 1352 2506 tempu

253 2557 260 2562 ·
347 2523 447 2590 hodie
469 2525 529 2586 esse
549 2541 642 2608 putat
663 2527 767 2592 Shaw
782 2529 822 2590 T.
845 2551 873 2590 1.
895 2549 927 2610 p.
948 2545 1029 2606 957.
1045 2544 1078 2589 ct
1094 2541 1177 2608 945.
1205 2544 1237 2590 ct
1252 2525 1296 2588 nil
1315 2521 1351 2585 nil

347 2624 496 2711 lapidum
522 2625 640 2688 struem
666 2641 699 2688 et
726 2625 845 2692 castelli
871 2627 980 2714 aliqua
1006 2627 1140 2713 vestigia
1167 2627 1216 2692 ibi
1242 2623 1351 2711 reperit

345 2724 467 2792 scribit.

428 2825 636 2910 Clupea)
685 2829 877 2908 Ptolemrt,
902 2845 935 2906 3.
957 2827 1115 2910 silverio,
1150 2845 1189 2892 ut
1213 2825 1351 2892 Strobos

349 2953 381 3016 p.
404 2947 482 3009 ¹9¹·
497 2929 518 2990 s.
539 2943 619 3004 977.
660 2926 788 2994 Κλιπὲα
807 2931 892 3012 apud
911 2927 1112 3013 Procopium
1127 2931 1170 2992 tle
1191 2933 1228 2993 B.
1244 2925 1351 2990 Varrdol

353 3050 385 3102 9,
413 3053 467 3091 ιι.
519 3031 677 3092 Auctoree
698 3027 808 3090 Latini
824 3031 925 3092 modo
946 3033 1066 3110 Clupea
1085 3029 1247 3102 scribunt,
1276 3025 1351 3090 modi

353 3133 489 3214 Clypea,
524 3129 613 3214 quod
643 3151 683 3191 ex
707 3127 859 3214 plurimis
889 3129 971 3193 locis
994 3131 1147 3214 adparet,
1181 3128 1256 3194 libri
1279 3125 1351 3190 ction

348 3233 461 3319 passim
486 3231 612 3310 Clipea,
647 3246 679 3291 ct
708 3231 833 3313 Clupea.
886 3231 936 3294 cf.
961 3235 1128 3295 Drakenb.
1153 3233 1196 3294 nd
1225 3229 1293 3293 tir.
1316 3241 1351 3300 27

354 3351 411 3412 99,
430 3347 463 3406 7.
489 3346 522 3391 et
536 3331 751 3415 Oudendorp.
767 3333 808 3392 ad
822 3335 945 3394 Lucan.
959 3344 994 3412 4,
1011 3335 1095 3410 586.
1131 3331 1279 3396 Variatur
1295 3327 1350 3390 iten

350 3429 385 3496 in
406 3451 564 3503 nurnero,
600 3434 641 3493 fic
662 3447 700 3492 ut
719 3433 847 3513 Clupeis
866 3431 966 3496 etiarn
987 3432 1188 3518 reperiatur,
1217 3425 1350 3495 velutin

282 3591 290 3601 ,
350 3533 485 3596 Caesare
501 3533 593 3594 dell.
611 3529 683 3596 Civ.
703 3552 734 3605 9,
754 3521 810 3610 95.
843 3531 953 3595 Hirtio
973 3534 1014 3596 de
1029 3537 1066 3596 Β.
1085 3533 1153 3598 Afr.
1171 3556 1200 3598 c.
1218 3550 1250 3612 3.
1278 3533 1350 3594 Anto

350 3630 422 3694 nini
446 3629 555 3694 itiner·
578 3653 609 3714 P·
626 3647 684 3709 57·
719 3635 838 3716 Geogr.
859 3635 1006 3696 Ravenn.
1025 3650 1059 3712 5,
1079 3647 1112 3712 5.
1141 3649 1176 3713 5,
1201 3649 1234 3714 5.
1267 3630 1350 3694 tabul

350 3731 537 3815 Pentinger.
553 3735 588 3792 V.
622 3733 663 3794 de
688 3753 754 3818 quo
775 3735 816 3797 cs.
840 3737 1054 3819 Oudendorp.
1076 3735 1117 3796 ad
1141 3733 1284 3798 Hirtium
1298 3751 1322 3792 t.
1344 3727 1350 3788 l

351 3837 406 3895 etsr
430 3831 601 3896 Berlrelius
628 3833 669 3894 ad
703 3836 857 3916 Stephon.
877 3859 909 3920 p.
932 3847 1011 3912 ¹82·
1040 3856 1100 3919 pro
1125 3831 1273 3920 singulari
1300 3848 1350 3914 pro

350 3949 483 4020 pugnat.
535 3931 668 3995 Graecia
687 3949 797 3996 tamen
818 3938 1013 4022 plerumque
1034 3953 1173 3998 vocatur
1191 3929 1308 4002 ’nerlu
1331 3949 1350 3988 Β

351 4031 468 4096 diserte
502 4031 652 4095 adfirmat
683 4036 799 4098 Strabo
826 4056 853 4099 c.
884 4041 923 4130 1„
969 4037 1107 4100 Causam
1138 4037 1243 4099 adfert
1274 4027 1350 4096 silio

351 4137 422 4200 Ital.
442 4150 476 4214 5,
499 4145 581 4216 944.
603 4138 648 4198 Iu
668 4137 769 4220 clypei
782 4129 920 4231 speeiem
943 4141 1085 4204 curvatis
1107 4135 1246 4204 turribus
1267 4123 1349 4227 Aspis
