2828 4966
177 359 362 416 ttitooll’.
391 359 505 420 teat,
547 361 626 420 LI.
666 361 745 418 αῖ.
785 341 918 430 §.um
1018 367 1058 432 25

61 537 62 540 Ἴ
95 535 216 618 &ssimi
234 547 386 619 ΜΡΝ,
412 555 484 619 quo
498 535 583 618 apud
601 553 662 597 noa
678 533 796 596 hieme.
847 532 946 618 Quod
968 550 1061 616 quor.

95 637 136 695 sun
149 637 187 697 hie
203 635 306 708 valeat,
330 655 398 699 non
417 637 531 702 video.
582 637 693 706 Iiecte,
719 637 847 718 opinor,
874 635 1061 698 Gronorine

94 737 331 798 aieritooinevim
348 739 446 800 verbi
467 739 690 807 vindicarunt,
712 750 749 797 nt
764 736 848 798 nihil
867 736 953 798 aliud
971 735 1062 806 velit,

95 859 149 916 pon
162 859 264 899 currere.
288 841 391 920 Atque
409 840 478 903 hoc
493 842 527 902 in
543 842 655 922 primia
670 839 805 900 declarat
820 839 910 900 soene
926 837 1064 900 auctorit

94 938 288 1000 adderenninm.
323 943 377 1002 Sic
393 938 464 1004 sere
480 941 661 1006 Eumeniua
676 941 716 1002 de
734 939 887 1002 omnibue
908 939 1010 1022 plagit
1029 939 1065 998 in

93 1059 189 1122 panegyr.
205 1044 238 1100 ad
259 1040 420 1106 Constant.
446 1042 537 1106 Caes.
559 1063 627 1124 cap.
642 1052 677 1120 4.
702 1054 735 1118 5.
763 1041 834 1102 Nec
849 1031 974 1132 soleam,
1000 1059 1066 1123 qua

92 1137 131 1200 iu
144 1143 229 1212 enan,
258 1155 287 1203 et
306 1145 473 1220 praeterit,
498 1157 529 1206 et
552 1143 708 1210 conditur,
734 1135 795 1234 sed
820 1144 917 1202 etiam
946 1161 987 1202 eac
1007 1139 1066 1201 iilo

89 1231 269 1328 septentrionali
286 1243 398 1326 plaga,
415 1236 562 1337 salutari
578 1242 680 1306 beatis
695 1245 763 1305 suee
783 1241 978 1324 prouincias.
1011 1241 1065 1304 Sic

91 1341 382 1424 iiiutn4‚1,260.
427 1347 489 1410 Seu
513 1347 648 1427 propior
677 1345 768 1407 terrie
793 1342 881 1426 (sol)
911 1341 1064 1437 aestivum

87 1432 155 1528 [ertu
175 1445 201 1503 ia
221 1443 314 1506 orbem
347 1447 411 1508 Sera
442 1447 521 1510 celer
552 1443 699 1508 stideruos
727 1457 879 1526 properat
906 1443 1065 1506 decurrere

90 1543 144 1604 ineu.
180 1543 361 1630 Comprobat
391 1549 477 1610 hanc
505 1549 751 1631 explicationem
777 1544 844 1630 ipse
871 1565 987 1615 nexne,
1021 1557 1065 1618 et,

88 1645 162 1721 quibu
176 1644 316 1708 demrrere
337 1651 578 1732 interponitur,
603 1662 693 1711 ortuo
708 1663 742 1711 et
761 1647 895 1712 occasue.
948 1647 1065 1729 Neque
1087 1657 1091 1666 '

90 1743 182 1824 dpuet,
209 1767 258 1809 cnr
281 1747 469 1812 descensum
495 1764 640 1822 tantum,
671 1767 739 1812 non
765 1751 861 1823 etiam
883 1747 1066 1810 adscensum

90 1845 228 1917 tuantur,
250 1851 322 1930 qnia
339 1850 381 1912 fic
395 1851 437 1913 ab
452 1864 585 1934 utraque
602 1851 749 1914 meridiei
766 1863 851 1913 mete
867 1849 986 1931 aequasi
1004 1847 1067 1931 spa·

89 1945 155 2006 tiosos
170 1949 247 2021 abest,
266 1964 374 2014 contra
389 1953 431 2015 ad
445 1953 581 2015 eandem
596 1953 701 2016 tendit
715 1965 749 2013 et
762 1951 801 2014 ab
817 1953 930 2014 eadem
946 1949 1067 2012 recedit

90 2046 184 2108 moerin
204 2048 261 2114 sno.
310 2053 407 2136 Quae
427 2053 469 2115 de
481 2055 589 2116 fluviis
610 2073 649 2116 ex
665 2053 752 2115 Mela
774 2053 863 2114 dedit
881 2051 1068 2114 Gronovine

89 2151 157 2210 mom
166 2171 223 2212 rem
236 2153 383 2216 evincere
403 2155 566 2220 videntur.
601 2155 672 2218 vid.
688 2153 863 2216 Burmann.
878 2153 916 2215 ed
932 2151 1067 2230 Phaedt.

93 2265 111 2313 ι.
124 2267 143 2318 ι,
155 2261 180 2328 5.
194 2251 243 2312 nbi
256 2258 352 2316 etiam
363 2255 469 2318 Melae
482 2257 591 2318 locum
612 2275 643 2327 a,
663 2267 719 2334 18.
743 2257 783 2317 de
801 2251 932 2316 decursu
947 2273 964 2316 a
981 2251 1068 2336 supe·

90 2349 137 2406 ῐὶῠῐὶ
147 2366 213 2431 parte
227 2354 383 2438 adposuit.
425 2358 466 2418 At
482 2359 525 2418 ita
539 2355 726 2438 deprtguout
747 2357 825 2418 dicit
838 2355 942 2418 nosset
961 2375 990 2426 t,
1011 2371 1067 2434 19,

94 2461 127 2520 ¹7·
140 2453 203 2532 qud
216 2475 284 2516 cum
300 2457 462 2518 dimicent
476 2459 626 2540 deinceps
640 2457 788 2520 variatur.
828 2453 880 2520 Cs.
905 2455 1015 2538 Nepoe
1032 2458 1068 2518 in

91 2547 193 2614 sienis
213 2567 244 2634 4,
263 2567 299 2635 4.
361 2557 477 2640 Neque
504 2559 593 2621 enim
623 2557 747 2640 semper
778 2558 863 2620 valet
894 2558 933 2618 ed
968 2558 1067 2619 finem

90 2666 196 2732 pugnae,
223 2657 299 2720 dum
321 2658 470 2730 cessetur,
500 2660 552 2719 nti
571 2657 742 2724 decertare.
794 2658 867 2721 vid.
890 2658 1067 2720 Burmann.

90 2749 228 2820 ditarer.
252 2777 280 2826 ι.
304 2773 364 2840 30.
388 2771 423 2837 5.
457 2759 667 2842 Oudendorp.
683 2759 722 2820 ad
741 2759 825 2821 Hirt.
848 2759 889 2821 de
910 2759 950 2820 B.
970 2756 1067 2822 Asric.

91 2867 157 2931 (129.
177 2871 205 2918 et
221 2879 296 2940 quae
310 2863 353 2923 de
375 2859 441 2922 hoc
459 2859 559 2924 verbo
574 2862 705 2942 aliisque
722 2860 850 2921 notavit
865 2861 1067 2923 Taobmauu.

91 2951 207 3039 &virgis
223 2961 301 3025 Aen.
322 2951 382 3034 ti,
403 2973 462 3041 59·
514 2963 561 3023 lta
580 2963 720 3023 hicnon
739 2960 799 3030 esi,
825 2959 949 3022 cursum
970 2959 1069 3023 absol·

91 3067 142 3124 ΜΕ,
159 3056 201 3120 sed
215 3057 321 3133 iacere,
347 3065 394 3124 ita
408 3075 515 3124 tamen
531 3077 569 3122 nt
585 3075 704 3126 cartam
719 3063 805 3124 viam
821 3059 964 3144 sequatur
979 3075 1012 3124 at
1029 3061 1068 3124 ed

93 3167 167 3218 aetam
180 3164 364 3244 propositam
384 3165 566 3226 contendat.

135 3356 170 3416 ei
189 3360 310 3428 adver
313 3355 341 3458 s
340 3385 363 3426 ο
368 3363 388 3446 )
434 3364 570 3448 Apparet
589 3363 751 3430 artificiose
765 3365 806 3428 ab
825 3376 952 3428 auctore
969 3375 1070 3447 capta·

93 3459 185 3522 mese
200 3461 275 3528 hanc
291 3465 549 3548 descriptionem,
573 3469 725 3549 quoniam
746 3466 961 3550 septemtrioni
985 3465 1070 3526 nihii

94 3567 137 3614 ten
154 3557 219 3633 sole,
255 3580 294 3628 ut
327 3567 460 3650 quidem
493 3567 752 3650 praecedentibus
785 3566 886 3628 tribua
917 3567 1070 3648 partibus.

93 3647 147 3718 Pdit
161 3663 240 3744 igitur
257 3669 322 3732 loci
343 3669 646 3732 demonstrationem
660 3687 728 3732 raon
745 3669 783 3732 ab
807 3666 894 3730 cursu
910 3666 991 3740 sosia,
1018 3667 1070 3730 serl

61 3753 63 3768 ’
95 3763 222 3828 inuidia,
255 3790 278 3834 1.
300 3789 496 3833 unouovrva
517 3771 594 3834 MS.

61 3929 63 4008 i

204 3971 231 4048 §-
258 3989 292 4039 α.
342 3971 483 4036 Huius
511 3970 667 4054 medio)
717 3972 837 4035 Contra
862 3969 976 4033 Cicero
1000 3965 1071 4062 iufi-

64 4129 71 4148 .
98 4075 146 4124 Μ
162 4067 187 4129 t'a
205 4075 310 4141 meridi
336 4073 440 4140 medio
472 4085 587 4138 teuum
620 4064 680 4164 effe
706 4075 766 4145 ait,
803 4089 866 4134 uou
891 4060 1070 4163 sublimem,
