2892 4950
365 393 430 465 49ss
636 382 801 441 NOTAE
842 383 1145 442 axaoaatcau

366 557 567 644 praedicatur
585 554 675 618 lucus
695 570 729 616 et
749 553 858 644 sanum
876 576 950 618 cum
972 557 1108 619 oraculo.
1148 555 1219 618 Vitl.
1241 552 1328 618 Croix
1348 547 1379 610 ad

371 659 505 722 Vibium
519 678 552 741 p.
569 659 654 734 265.
677 658 741 737 (ed.
761 657 883 734 Oberl.)
906 659 963 738 qni
976 660 1076 718 multa
1092 659 1132 717 de
1149 657 1238 719 Claro
1251 653 1378 732 conlegit.

370 760 514 822 Maxime
542 758 606 818 huc
628 758 713 818 valet
732 757 897 819 Pausaniae
914 774 946 832 7,
969 773 1001 838 5,
1027 779 1056 822 t.
1085 758 1144 818 uhi
1168 769 1280 824 narrat,
1303 751 1379 814 Caret

372 861 428 922 isia
447 861 516 922 loca
532 860 610 920 olim
633 857 781 930 tenuisse,
807 859 875 939 post
891 859 1000 922 Cretae
1023 880 1041 921 e
1056 859 1185 920 Graecia
1202 858 1322 918 colouot
1339 851 1380 910 ad·

373 961 493 1024 venisse
518 961 641 1022 lihacio
668 959 766 1031 doce;
804 960 870 1040 poll
896 960 1044 1022 Thebani
1070 980 1145 1020 cum
1173 958 1380 1032 silanto‚q110³

373 1062 498 1125 iusserat
534 1061 698 1122 oraculum
736 1060 930 1142 Delphicum
970 1063 1131 1124 coloniam
1164 1056 1320 1140 capeffere,
1351 1049 1380 1110 ad

374 1164 493 1228 Cleron
518 1160 635 1243 adpulsi
658 1173 692 1222 et
721 1181 738 1222 a
765 1162 885 1224 Rhacio
912 1163 946 1222 in
973 1161 1157 1224 societatem
1183 1159 1294 1236 recepti
1318 1153 1382 1214 sunt.

374 1265 485 1348 Quam
505 1275 612 1322 autem
635 1261 784 1346 ambigue
805 1263 845 1324 de
870 1263 964 1326 Claro
987 1277 1132 1325 auctores
1154 1261 1284 1324 omniuo
1304 1250 1382 1314 locuti

373 1365 452 1436 sint,
478 1360 622 1444 exposuit
633 1361 760 1425 Salmas.
776 1363 815 1423 ad
834 1364 934 1426 Sosin.
951 1385 982 1445 p.
1001 1384 1045 1426 m.
1058 1361 1144 1446 604.
1170 1362 1223 1444 qui
1239 1377 1306 1420 cum
1317 1353 1382 1414 lilar-

373 1467 461 1526 tiano
478 1463 555 1544 Cap.
568 1463 623 1524 lib.
643 1465 677 1526 6.
692 1484 724 1544 p.
735 1478 780 1525 22
791 1485 819 1525 r.
839 1466 872 1524 in
889 1464 967 1524 nrlte
983 1465 1176 1546 Colophone
1192 1461 1290 1544 ponit,
1309 1470 1382 1534 aqut

372 1580 481 1628 tamen
514 1561 652 1648 seiungit
676 1564 799 1625 Plinius
815 1577 847 1640 5,
874 1579 932 1644 51.
952 1563 972 1628 s.
992 1583 1051 1645 29.
1083 1583 1196 1647 parum
1222 1574 1320 1621 tamen
1341 1551 1383 1611 libi

374 1663 533 1736 constane,
560 1665 645 1746 quod
662 1679 694 1734 2,
715 1665 795 1728 106.
814 1663 833 1724 s.
856 1680 933 1746 ¹⁰5·
956 1664 1150 1750 Colophone
1173 1663 1265 1728 Clarii
1287 1653 1383 1738 Apolli·

373 1769 425 1830 nie
447 1765 573 1848 specum
595 1762 655 1826 esse
679 1765 794 1827 scribit.
844 1766 970 1848 Nempe
992 1768 1080 1838 olim,
1107 1767 1233 1848 opinor,
1261 1755 1384 1822 avicint

374 1867 453 1931 urbe
470 1867 546 1928 haec
562 1867 644 1926 dicta
667 1864 756 1934 sunt,
783 1879 950 1947 antequam
961 1865 1032 1950 'ipse
1053 1869 1145 1930 locus
1167 1869 1201 1926 in
1223 1861 1325 1923 urbem
1343 1873 1382 1915 ex·

376 1966 542 2038 cresceret,
578 1969 630 2028 vel
652 1968 724 2048 qnia
745 1970 777 2027 in
801 1967 1082 2051 Colophoniorum
1110 1987 1187 2053 agro
1210 1965 1313 2028 Clarae
1332 1965 1384 2018 erat

376 2070 442 2132 fita.
476 2069 562 2130 Hinc
584 2081 617 2130 et
637 2069 842 2131 Antimachus
863 2089 880 2130 a
901 2070 1057 2133 Cicerone
1078 2070 1113 2130 in
1138 2070 1239 2130 Bruto
1262 2082 1322 2144 cap·
1336 2069 1382 2133 5¹·

374 2169 500 2233 Clarius
513 2184 607 2254 poeta
623 2169 811 2252 adpellatur,
833 2171 887 2252 qui
903 2171 971 2232 aliis
988 2170 1031 2232 esi
1044 2170 1279 2253 Colophonius.
1311 2159 1382 2222 ldem

373 2272 410 2332 iu
426 2269 587 2332 Nicandro
605 2269 796 2333 observatur.
833 2271 905 2334 Vid.
922 2271 1094 2353 Spanitem.
1117 2273 1158 2332 ad
1174 2261 1341 2333 callimach.
1355 2257 1381 2314 5¹¹

374 2371 482 2452 Apoll.
502 2392 534 2433 v.
557 2387 616 2452 70.
667 2370 781 2452 Neque
811 2372 890 2433 aliua
924 2373 959 2433 in
985 2371 1266 2453 Colophoniorum
1294 2357 1380 2424 numia

373 2471 490 2552 Apollo
511 2471 658 2552 adparere
679 2474 817 2535 vitietur.
869 2473 945 2536 Fuit
964 2486 1121 2554 praeterea
1136 2473 1182 2534 ibi
1200 2469 1280 2536 sons·
1304 2473 1379 2544 quem

373 2566 499 2652 respicit
520 2571 685 2632 Anacreon
714 2587 767 2649 15,
786 2587 819 2650 5.
850 2586 882 2634 et
906 2573 1107 2656 Colophonis
1129 2571 1252 2636 fontem
1272 2565 1307 2628 ab
1326 2559 1380 2622 Cib

373 2685 483 2732 mente
505 2671 593 2734 Alex.
614 2665 670 2755 [in
691 2673 819 2736 admon.
841 2675 880 2734 ad
902 2687 1012 2759 gentes
1034 2695 1066 2756 p.
1090 2695 1133 2736 nt.
1151 2667 1207 2761 9.]
1231 2669 1288 2732 dici
1309 2667 1381 2747 potat

373 2769 500 2834 Salmas.
518 2773 556 2833 ad
568 2773 669 2835 Solin.
685 2794 716 2854 p.
730 2795 775 2836 m.
792 2776 876 2854 604.
909 2775 1036 2838 Poterat
1051 2776 1155 2836 's'aciti
1170 2777 1276 2837 locunt
1290 2756 1380 2828 Annal.

373 2887 407 2943 Ω.
424 2881 483 2952 64·
506 2873 570 2936 huc
588 2871 770 2948 transserre,
804 2876 862 2936 ubi
885 2876 918 2936 in
935 2876 1050 2938 oraculi
1074 2879 1143 2938 eiua
1165 2875 1256 2958 specu
1275 2874 1380 2928 arcanus

372 2971 447 3036 sone
465 2990 755 3049 commemoratur,
782 2977 906 3061 Adtigit
922 2997 998 3038 eum
1014 2979 1111 3039 etiam
1127 2977 1250 3040 Plinius
1267 2987 1297 3038 a·
1316 2957 1379 3028 1⁰⁶·

372 3073 395 3137 s.
417 3089 496 3153 103.
537 3077 630 3137 Vates
644 3079 714 3140 einr
729 3097 839 3158 aquarn
854 3077 1016 3148 bibebant,
1039 3079 1124 3140 unde
1139 3075 1251 3161 repleti
1269 3065 1380 3132 numine

370 3175 519 3238 vaticinia
541 3177 687 3240 edebant.
715 3177 900 3263 (lamblich.
918 3179 956 3240 de
975 3177 1099 3258 tnyiler.
1116 3179 1250 3262 Aegypt.
1268 3185 1297 3250 3·
1318 3153 1380 3240 tt.)

372 3276 470 3360 Quod
487 3276 598 3338 Strabo
619 3286 673 3358 ²4·
686 3298 718 3361 p.
733 3289 818 3359 442.
837 3278 858 3342 s.
873 3281 956 3358 642.
980 3279 1094 3351 scribit,
1118 3271 1219 3352 dicor
1236 3269 1294 3338 roi
1309 3259 1382 3328 ulr-

372 3373 441 3464 pioo
462 3371 684 3454 'tellinae
718 3374 748 3444 ἐν
766 3365 957 3470 ᾦμαντεῖον
979 3366 1016 3467 ἦν
1032 3402 1112 3444 ποτε
1132 3371 1288 3444 παλαιόν.
1314 3377 1379 3428 ⁰⁰²¹·

372 3478 481 3560 guitur
497 3497 534 3540 ex
551 3479 663 3542 Tacito
679 3499 705 3542 c.
722 3481 743 3545 l.
768 3483 823 3562 qui
845 3482 922 3542 illud
942 3501 958 3543 a
974 3480 1100 3545 Caesare
1118 3477 1300 3542 Germanico
1320 3481 1379 3526 cott-

372 3575 490 3638 sulturn
514 3575 602 3639 soille
624 3578 729 3644 refert.
770 3580 822 3646 Cs.
840 3583 935 3644 etiam
957 3598 1012 3652 aa,
1037 3598 1097 3645 22.
1119 3595 1152 3642 et
1174 3579 1268 3644 Ovitl.
1294 3567 1378 3630 fastor·

375 3696 407 3750 a,
426 3692 485 3740 20.
520 3679 563 3740 Et
577 3679 616 3740 stc
632 3679 684 3742 sub
701 3683 944 3765 imperatoribus
961 3685 1051 3744 numi
1064 3683 1203 3747 Clarium
1220 3671 1378 3760 Apollinem

369 3777 486 3841 sistunt.
510 3775 652 3864 (liasche
666 3783 700 3844 in
718 3785 793 3847 Lex.
809 3805 899 3847 nurn.
916 3785 956 3846 T.
973 3805 1000 3846 t.
1018 3785 1053 3846 P.
1066 3799 1099 3846 a.
1117 3805 1150 3865 p.
1167 3780 1247 3860 569·
1264 3789 1292 3836 et
1306 3769 1339 3828 Τ·
1354 3783 1376 3820 ¹·

370 3878 406 3942 Ρ·
422 3896 452 3942 ¹·
472 3899 504 3962 P·
514 3881 595 3966 95.)
628 3883 742 3944 ilitunt
758 3887 997 3948 vaticinantium
1012 3899 1045 3947 et
1058 3881 1237 3966 adparatum
1253 3861 1376 3940 describit

369 3980 499 4043 Tacitus
514 3983 598 4045 Ano.
618 3998 649 4056 a,
668 3995 727 4063 54.
748 3987 826 4048 Non
841 3978 972 4076 femina
993 3986 1072 4057 illic,
1097 3985 1220 4066 inquit,
1250 3989 1284 4040 ιιι
1303 3955 1375 4050 opt!d

367 4079 531 4162 Dsslllhvss
556 4071 619 4174 scd
639 4088 731 4149 certis
753 4109 770 4146 e
784 4077 928 4179 familiis
953 4099 984 4150 et
1006 4078 1113 4178 serare
1135 4083 1248 4150 Mileto
1269 4069 1374 4140 ntitas
