2852 4946
344 383 409 456 4¹4
614 377 777 438 uotae
818 380 1118 440 excommun

345 549 493 637 seiungit.
537 551 623 614 Hinc
644 549 812 636 Corycidas
826 551 997 635 Nymphae
1018 553 1103 638 apud
1127 552 1221 616 Ovid.
1239 547 1358 612 Metam.

350 674 379 725 ι,
398 667 482 732 320.
509 654 543 714 in
567 653 712 716 Parnasso
732 656 950 716 nominantur.
1003 657 1113 739 Longa
1132 655 1185 715 hic
1207 652 1248 716 esi
1268 652 1360 730 dispu-

340 757 424 817 tatio
447 753 544 818 votui
563 769 672 817 contre
693 755 893 826 salmasium,
925 759 983 837 qui
1004 758 1100 818 nimie
1120 755 1234 838 cupide
1257 752 1360 813 lllelatn

343 857 383 918 nd
405 857 569 920 Strabonis
590 854 833 938 descriptionem
854 858 979 944 adigere
1002 872 1195 929 tentaveram
1231 853 1278 916 sed
1298 870 1359 913 cnm

345 970 447 1020 totam
470 972 618 1019 excutere
638 977 725 1018 nunc
744 957 908 1030 dubitem,
940 961 1063 1041 potiora
1088 973 1212 1020 tentum
1232 951 1360 1017 deliballc

344 1071 379 1120 et
392 1057 564 1140 adspersisse
580 1056 719 1122 sufficiat.
747 1060 791 1130 Si.
808 1061 894 1142 quod
912 1079 967 1143 pat
981 1077 1056 1131 erat,
1081 1063 1114 1120 in
1132 1060 1283 1141 plerisque
1298 1074 1361 1115 con·

344 1158 495 1229 lentium,
519 1158 590 1220 sunt
603 1163 709 1230 etiam,
736 1181 814 1244 quae
834 1163 1024 1246 discrepent.
1049 1161 1103 1224 etsr
1118 1161 1237 1221 leuiora
1256 1157 1312 1225 illa.
1334 1166 1361 1214 et

345 1281 424 1340 quae
446 1281 484 1322 ex
511 1275 597 1341 parte
621 1265 774 1346 componi
795 1259 922 1346 pollmt.
974 1263 1073 1346 Quod
1095 1263 1183 1323 enim
1197 1258 1304 1334 Strabo
1322 1271 1359 1318 uo

343 1361 447 1423 lladiie
465 1363 545 1422 ultra
563 1362 724 1442 Corycum
741 1365 997 1445 promontorium
1012 1364 1121 1446 ponit.
1147 1375 1180 1426 et
1196 1359 1293 1443 ipsum
1310 1355 1363 1438 spe

344 1483 418 1524 cum
440 1458 579 1527 κοιλάδα
600 1461 782 1552 κυκλοτερῆ
806 1465 901 1538 dicit,
927 1485 1006 1548 quae
1029 1466 1142 1527 hebeat
1166 1456 1362 1548 rnpmnpe'mv

344 1556 452 1650 ὀφρὺν
468 1559 615 1651 πετρώδη
634 1564 750 1640 ἱκαναῖς
768 1557 921 1653 ὑψηλὴν,
951 1569 995 1630 ita
1013 1566 1088 1629 llere
1109 1561 1236 1648 poffint.
1260 1563 1363 1626 licum

343 1665 516 1728 Mannerto
538 1667 572 1726 in
595 1665 711 1752 Geogr.
736 1669 804 1732 Vol.
821 1671 854 1733 6.
878 1669 915 1730 l'.
936 1684 969 1732 o.
992 1690 1024 1750 p.
1043 1679 1102 1745 75.
1126 1663 1314 1728 intellexeris
1330 1659 1363 1720 de

343 1765 499 1850 profunda
516 1768 612 1838 valle.
637 1771 793 1832 continuo
809 1770 929 1832 montio
947 1784 1045 1832 tractu
1063 1765 1179 1838 clause,
1206 1786 1260 1848 Per
1278 1779 1363 1844 quem

344 1865 507 1930 descensus
527 1883 639 1952 patent.
678 1872 724 1932 lta
739 1873 845 1941 etiam,
867 1872 952 1952 quod
969 1871 1107 1932 maxime
1125 1869 1159 1930 in
1174 1861 1363 1930 monteniaci

291 1979 293 1984 ’
343 1969 492 2052 imposne
509 1987 649 2034 moratur
665 1972 864 2042 Salmasuuu,
892 1991 990 2053 quem
1012 1973 1094 2032 male
1115 1965 1362 2052 promontorium

343 2071 511 2134 existimari
542 2087 655 2136 monet
686 2069 825 2144 Velitne,
866 2075 1001 2134 narratio
1033 2075 1073 2132 de
1110 2091 1206 2132 amne
1237 2063 1364 2148 expediri

343 2173 459 2254 potest.
493 2174 514 2234 st
530 2195 568 2234 ex
590 2189 715 2236 remoto
731 2176 826 2236 latere
846 2194 922 2236 eum
939 2175 1079 2256 prosilire
1094 2175 1227 2257 cogites.
1277 2166 1364 2250 lpsiua

340 2294 421 2344 ¹vero
437 2277 518 2336 antri
538 2276 695 2360 lingulam
710 2290 743 2338 et
758 2278 836 2337 mira
851 2288 960 2336 natura
976 2275 1055 2336 adeo
1067 2273 1188 2334 Melam
1205 2259 1363 2354 perculltlle

344 2375 482 2446 videtur,
507 2390 541 2435 ut
558 2379 624 2438 ciue
639 2375 880 2458 descriptionem
898 2373 1099 2437 viridissimis
1113 2375 1274 2434 coloribus
1289 2385 1364 2430 exor-

342 2479 425 2536 narit
441 2477 674 2558 verborumque
691 2473 944 2560 splendidissimis
964 2477 1141 2536 luminibus
1157 2471 1364 2536 inlustraverit.

343 2591 491 2657 recteque
518 2577 703 2640 Horduinuc
736 2580 774 2639 ed
800 2580 883 2641 l’lin.
902 2591 935 2657 5,
958 2594 1017 2642 22.
1042 2576 1062 2640 l.
1089 2591 1148 2651 27.
1180 2569 1362 2658 pronuntiat

344 2691 408 2742 tam
428 2679 587 2764 eleganter
607 2679 685 2740 ltaec
698 2678 806 2761 scripta
823 2681 892 2750 elle,
919 2693 955 2740 ut
970 2679 1051 2741 nihil
1070 2679 1270 2746 concinnius,
1295 2669 1363 2734 nihil

343 2781 484 2842 ornatius
501 2781 620 2863 uspiam
635 2782 697 2865 legi
713 2781 795 2864 polle
809 2783 962 2844 videatur.
990 2781 1239 2862 Knppiueetiam
1256 2778 1291 2838 atl
1308 2771 1362 2834 h.l.

344 2881 416 2962 quia
437 2901 544 2952 uerno,
570 2881 630 2944 uili
651 2884 751 2944 oculis
772 2884 900 2954 viderit,
933 2895 997 2944 tam
1016 2881 1088 2942 scite
1109 2895 1244 2961 apteque
1267 2873 1363 2938 deleri·

344 2982 419 3044 bere
436 2979 544 3066 pellit.
572 2983 691 3044 Melam
712 2986 745 3045 ln
762 2983 872 3046 Cilicia
895 2981 982 3046 fuisse
1002 2982 1166 3063 ipsumque
1188 2973 1363 3062 perlustral'c

342 3083 420 3144 ltinc
435 3087 575 3148 coniicit.
613 3085 766 3148 Ceterum
783 3087 880 3146 etiam
897 3103 985 3146 croco
1003 3085 1147 3144 inclaruit
1162 3083 1225 3144 hoc
1239 3092 1363 3140 autumn

344 3205 439 3267 quem
458 3188 618 3268 optimum
635 3187 688 3247 hic
704 3183 786 3247 nasci
802 3186 944 3247 adfirmat
959 3185 1081 3253 Strab0.
1099 3185 1153 3246 etsr
1166 3185 1230 3252 alii,
1247 3194 1282 3240 nt
1296 3175 1364 3240 Soli·

343 3306 404 3348 nuc
420 3305 447 3350 c.
462 3301 520 3368 41.
537 3285 557 3348 s.
574 3299 632 3364 38.
656 3288 690 3348 iu
710 3288 824 3348 vicinia
841 3287 967 3362 volunt.
1007 3287 1092 3346 lliuc
1112 3305 1189 3347 vero
1209 3281 1364 3364 Corycium

344 3407 467 3447 crocum
490 3389 594 3468 plures
615 3403 886 3458 commemorant.
920 3407 1056 3468 qnorum
1075 3389 1140 3447 loca
1162 3383 1364 3468 adposuerunt

344 3489 382 3550 ad
400 3489 546 3552 Curtium
564 3503 596 3567 5,
612 3501 645 3571 4,
669 3509 721 3552 to.
750 3488 986 3552 Freinshemius
1006 3501 1037 3548 et
1056 3487 1219 3550 Cellariue.
1257 3487 1304 3544 De
1324 3481 1363 3540 di·

239 3627 241 3636 ‚
344 3587 434 3652 verso
461 3609 576 3673 genere
597 3591 686 3680 vecie
698 3581 831 3680 spectu,
866 3611 945 3672 quae
968 3589 1023 3651 hic
1044 3587 1215 3650 masculino
1235 3585 1363 3648 effertur,

343 3688 384 3754 cf.
404 3703 499 3754 uotae
516 3693 639 3752 criticae
659 3693 697 3752 ad
721 3713 748 3762 ι,
770 3712 781 3750 ι
790 3709 823 3770 9,
842 3707 874 3763 7.
898 3713 930 3784 p.
949 3701 1033 3771 534.
1074 3693 1122 3751 De
1144 3689 1277 3751 subiecta
1292 3699 1363 3746 voce

346 3793 470 3874 iugenio
485 3793 615 3874 eiusque
630 3792 725 3854 simili
740 3789 906 3875 supradixi
924 3794 964 3854 ad
985 3813 1013 3864 t,
1032 3807 1064 3868 7,
1082 3803 1163 3874 5.·p.
1180 3806 1260 3870 192.

417 3995 595 4078 potens)
643 3995 707 4058 Pro
739 3995 869 4078 simplici
899 4009 933 4058 et
958 3995 1082 4078 vulgari
1106 3993 1201 4054 habet
1222 3987 1362 4078 grandem

342 4093 485 4168 hiatum,
518 4117 598 4180 quae
614 4117 731 4184 magna
744 4095 787 4160 est
803 4098 893 4160 verbi
909 4097 1063 4184 elegantia
1078 4097 1117 4158 ad
1142 4111 1209 4159 rem
1232 4089 1361 4156 vividior
