<?xml version="1.0" encoding="UTF-8"?>
<!DOCTYPE html PUBLIC "-//W3C//DTD XHTML 1.0 Transitional//EN"
    "http://www.w3.org/TR/xhtml1/DTD/xhtml1-transitional.dtd">
<html xmlns="http://www.w3.org/1999/xhtml" xml:lang="en" lang="en">
 <head>
  <title>
</title>
<meta http-equiv="Content-Type" content="text/html;charset=utf-8" />
  <meta name='ocr-system' content='tesseract 3.04.00' />
  <meta name='ocr-capabilities' content='ocr_page ocr_carea ocr_par ocr_line ocrx_word'/>
</head>
<body>
  <div class='ocr_page' id='page_1' title='image "./pomponiimelaede06melagoog_0056.png"; bbox 0 0 2828 4966; ppageno 0'>
   <div class='ocr_carea' id='block_1_1' title="bbox 340 421 1121 502">
    <p class='ocr_par' dir='ltr' id='par_1_1' title="bbox 340 421 1121 502">
     <span class='ocr_line' id='line_1_1' title="bbox 340 421 1121 502; baseline 0.004 -19"><span class='ocrx_word' id='word_1_1' title='bbox 340 421 388 502; x_wconf 71' lang='lat'><strong>46</strong></span> <span class='ocrx_word' id='word_1_2' title='bbox 618 423 777 485; x_wconf 78' lang='lat' dir='ltr'><strong>norro</strong></span> <span class='ocrx_word' id='word_1_3' title='bbox 817 429 1121 488; x_wconf 79' lang='lat' dir='ltr'><strong>axacarrcta</strong></span> 
     </span>
    </p>
   </div>
   <div class='ocr_carea' id='block_1_2' title="bbox 247 592 1384 3922">
    <p class='ocr_par' dir='ltr' id='par_1_2' title="bbox 247 592 1384 3922">
     <span class='ocr_line' id='line_1_2' title="bbox 345 592 1384 686; baseline -0.001 -23"><span class='ocrx_word' id='word_1_4' title='bbox 345 593 363 686; x_wconf 73' lang='grc' dir='ltr'><strong><em>ἣ</em></strong></span> <span class='ocrx_word' id='word_1_5' title='bbox 386 595 475 674; x_wconf 78' lang='grc' dir='ltr'><strong>ἐντὸς</strong></span> <span class='ocrx_word' id='word_1_6' title='bbox 497 592 668 672; x_wconf 69' lang='grc' dir='ltr'><strong>θάλασσα,</strong></span> <span class='ocrx_word' id='word_1_7' title='bbox 695 593 829 682; x_wconf 88' lang='lat' dir='ltr'><strong>(Strabo</strong></span> <span class='ocrx_word' id='word_1_8' title='bbox 851 602 907 666; x_wconf 90' lang='lat' dir='ltr'><strong>lib.</strong></span> <span class='ocrx_word' id='word_1_9' title='bbox 925 617 957 666; x_wconf 76' lang='lat' dir='ltr'><strong>a.</strong></span> <span class='ocrx_word' id='word_1_10' title='bbox 977 617 1009 685; x_wconf 90' lang='lat' dir='ltr'><strong>p.</strong></span> <span class='ocrx_word' id='word_1_11' title='bbox 1030 615 1089 682; x_wconf 76' lang='lat'><strong>33.</strong></span> <span class='ocrx_word' id='word_1_12' title='bbox 1106 601 1128 667; x_wconf 91' lang='lat' dir='ltr'><strong>s.</strong></span> <span class='ocrx_word' id='word_1_13' title='bbox 1149 619 1239 666; x_wconf 81' lang='lat' dir='ltr'><strong>tot.</strong></span> <span class='ocrx_word' id='word_1_14' title='bbox 1272 601 1337 682; x_wconf 88' lang='lat' dir='ltr'><strong>qni</strong></span> <span class='ocrx_word' id='word_1_15' title='bbox 1366 621 1384 662; x_wconf 88' lang='lat' dir='ltr'><strong>a</strong></span> 
     </span>
     <span class='ocr_line' id='line_1_3' title="bbox 344 696 1384 790; baseline -0.002 -26"><span class='ocrx_word' id='word_1_16' title='bbox 344 703 402 772; x_wconf 87' lang='lat' dir='ltr'><strong>dit,</strong></span> <span class='ocrx_word' id='word_1_17' title='bbox 428 704 563 766; x_wconf 87' lang='lat' dir='ltr'><strong>eandem</strong></span> <span class='ocrx_word' id='word_1_18' title='bbox 585 696 644 786; x_wconf 71' lang='lat' dir='ltr'><strong>rint</strong></span> <span class='ocrx_word' id='word_1_19' title='bbox 665 699 743 764; x_wconf 66' lang='grc' dir='ltr'><strong>καθ’</strong></span> <span class='ocrx_word' id='word_1_20' title='bbox 762 697 977 790; x_wconf 74' lang='grc' dir='ltr'><strong>ἣμᾶςνοειιὶ,</strong></span> <span class='ocrx_word' id='word_1_21' title='bbox 1000 706 1133 786; x_wconf 86' lang='lat' dir='ltr'><strong>Appian.</strong></span> <span class='ocrx_word' id='word_1_22' title='bbox 1152 707 1183 764; x_wconf 91' lang='lat' dir='ltr'><strong>in</strong></span> <span class='ocrx_word' id='word_1_23' title='bbox 1209 705 1384 764; x_wconf 74' lang='lat' dir='ltr'><strong>Mithrida</strong></span> 
     </span>
     <span class='ocr_line' id='line_1_4' title="bbox 343 797 1384 892; baseline 0.001 -27"><span class='ocrx_word' id='word_1_24' title='bbox 343 823 370 866; x_wconf 89' lang='lat' dir='ltr'><strong>c.</strong></span> <span class='ocrx_word' id='word_1_25' title='bbox 384 817 440 884; x_wconf 82' lang='lat'><strong>93.</strong></span> <span class='ocrx_word' id='word_1_26' title='bbox 463 817 522 884; x_wconf 74' lang='lat'><strong>94.</strong></span> <span class='ocrx_word' id='word_1_27' title='bbox 540 818 572 865; x_wconf 89' lang='lat' dir='ltr'><strong>et</strong></span> <span class='ocrx_word' id='word_1_28' title='bbox 589 803 685 888; x_wconf 83' lang='lat' dir='ltr'><strong>alibi)</strong></span> <span class='ocrx_word' id='word_1_29' title='bbox 712 797 731 888; x_wconf 72' lang='lat' dir='ltr'><strong>sy</strong></span> <span class='ocrx_word' id='word_1_30' title='bbox 754 801 843 878; x_wconf 79' lang='grc' dir='ltr'><strong>ἐντὸς</strong></span> <span class='ocrx_word' id='word_1_31' title='bbox 857 801 1062 892; x_wconf 76' lang='grc' dir='ltr'>Ἡρακλείων</span> <span class='ocrx_word' id='word_1_32' title='bbox 1079 801 1210 890; x_wconf 70' lang='grc' dir='ltr'>στηλῶν</span> <span class='ocrx_word' id='word_1_33' title='bbox 1231 801 1384 868; x_wconf 59' lang='lat' dir='ltr'><strong>aalma&lt;</strong></span> 
     </span>
     <span class='ocr_line' id='line_1_5' title="bbox 343 906 1384 988; baseline 0 -24"><span class='ocrx_word' id='word_1_34' title='bbox 343 907 469 988; x_wconf 78' lang='lat' dir='ltr'>plenius</span> <span class='ocrx_word' id='word_1_35' title='bbox 492 909 575 986; x_wconf 88' lang='lat' dir='ltr'><strong>apud</strong></span> <span class='ocrx_word' id='word_1_36' title='bbox 600 906 755 969; x_wconf 80' lang='lat' dir='ltr'><strong>Aristotel.</strong></span> <span class='ocrx_word' id='word_1_37' title='bbox 787 907 958 970; x_wconf 88' lang='lat' dir='ltr'><strong>Meteorol.</strong></span> <span class='ocrx_word' id='word_1_38' title='bbox 984 923 1015 976; x_wconf 87' lang='lat'><strong>2,</strong></span> <span class='ocrx_word' id='word_1_39' title='bbox 1047 928 1075 969; x_wconf 93' lang='grc' dir='ltr'><strong>ι.</strong></span> <span class='ocrx_word' id='word_1_40' title='bbox 1118 907 1268 986; x_wconf 80' lang='lat' dir='ltr'>Dionys.</span> <span class='ocrx_word' id='word_1_41' title='bbox 1301 907 1384 966; x_wconf 87' lang='lat' dir='ltr'><strong>Hali</strong></span> 
     </span>
     <span class='ocr_line' id='line_1_6' title="bbox 350 1003 1384 1093; baseline 0 -25"><span class='ocrx_word' id='word_1_42' title='bbox 350 1029 380 1078; x_wconf 88' lang='lat'><strong>1,</strong></span> <span class='ocrx_word' id='word_1_43' title='bbox 403 1021 435 1086; x_wconf 84' lang='lat'><strong>3.</strong></span> <span class='ocrx_word' id='word_1_44' title='bbox 460 1006 619 1070; x_wconf 80' lang='lat' dir='ltr'><strong>Plutarch.</strong></span> <span class='ocrx_word' id='word_1_45' title='bbox 636 1008 669 1066; x_wconf 93' lang='lat' dir='ltr'><strong>in</strong></span> <span class='ocrx_word' id='word_1_46' title='bbox 686 1007 844 1090; x_wconf 76' lang='lat' dir='ltr'>Pompelo</span> <span class='ocrx_word' id='word_1_47' title='bbox 858 1027 885 1068; x_wconf 86' lang='lat' dir='ltr'><strong>o.</strong></span> <span class='ocrx_word' id='word_1_48' title='bbox 907 1019 964 1084; x_wconf 85' lang='lat'><strong>25.</strong></span> <span class='ocrx_word' id='word_1_49' title='bbox 1000 1003 1103 1092; x_wconf 74' lang='grc' dir='ltr'><strong>Τὴυδε</strong></span> <span class='ocrx_word' id='word_1_50' title='bbox 1126 1003 1184 1093; x_wconf 76' lang='lat' dir='ltr'><strong>riyu</strong></span> <span class='ocrx_word' id='word_1_51' title='bbox 1206 1003 1384 1071; x_wconf 70' lang='grc' dir='ltr'><strong>θάλασσὶ</strong></span> 
     </span>
     <span class='ocr_line' id='line_1_7' title="bbox 342 1105 1375 1192; baseline 0 -24"><span class='ocrx_word' id='word_1_52' title='bbox 342 1105 450 1192; x_wconf 85' lang='lat' dir='ltr'><strong>palstm</strong></span> <span class='ocrx_word' id='word_1_53' title='bbox 474 1122 567 1168; x_wconf 86' lang='lat' dir='ltr'><strong>vocat</strong></span> <span class='ocrx_word' id='word_1_54' title='bbox 589 1109 750 1192; x_wconf 80' lang='lat' dir='ltr'><strong>Appianua</strong></span> <span class='ocrx_word' id='word_1_55' title='bbox 772 1123 944 1191; x_wconf 87' lang='lat' dir='ltr'><strong>praeeunte</strong></span> <span class='ocrx_word' id='word_1_56' title='bbox 961 1109 1129 1172; x_wconf 85' lang='lat' dir='ltr'>Herodoto</span> <span class='ocrx_word' id='word_1_57' title='bbox 1145 1121 1179 1189; x_wconf 74' lang='grc'><strong>4,</strong></span> <span class='ocrx_word' id='word_1_58' title='bbox 1199 1125 1270 1189; x_wconf 84' lang='lat'><strong>39.</strong></span> <span class='ocrx_word' id='word_1_59' title='bbox 1293 1113 1375 1185; x_wconf 62' lang='lat' dir='ltr'><strong>etl,</strong></span> 
     </span>
     <span class='ocr_line' id='line_1_8' title="bbox 342 1208 1384 1294; baseline -0.001 -25"><span class='ocrx_word' id='word_1_60' title='bbox 342 1211 426 1292; x_wconf 88' lang='lat' dir='ltr'><strong>quod</strong></span> <span class='ocrx_word' id='word_1_61' title='bbox 449 1223 538 1270; x_wconf 91' lang='lat' dir='ltr'><strong>notat</strong></span> <span class='ocrx_word' id='word_1_62' title='bbox 555 1209 845 1293; x_wconf 79' lang='lat' dir='ltr'><strong>Schweighaeuser.</strong></span> <span class='ocrx_word' id='word_1_63' title='bbox 865 1212 903 1272; x_wconf 89' lang='lat' dir='ltr'><strong>ad</strong></span> <span class='ocrx_word' id='word_1_64' title='bbox 924 1208 1052 1294; x_wconf 83' lang='lat' dir='ltr'><strong>praefat.</strong></span> <span class='ocrx_word' id='word_1_65' title='bbox 1068 1230 1133 1294; x_wconf 86' lang='lat' dir='ltr'><strong>cap.</strong></span> <span class='ocrx_word' id='word_1_66' title='bbox 1158 1233 1188 1273; x_wconf 92' lang='grc' dir='ltr'><strong>ι.</strong></span> <span class='ocrx_word' id='word_1_67' title='bbox 1249 1213 1264 1271; x_wconf 89' lang='lat'>1</span> <span class='ocrx_word' id='word_1_68' title='bbox 1272 1225 1305 1270; x_wconf 85' lang='lat' dir='ltr'><strong>ta</strong></span> <span class='ocrx_word' id='word_1_69' title='bbox 1327 1231 1384 1270; x_wconf 86' lang='lat' dir='ltr'><strong>vet</strong></span> 
     </span>
     <span class='ocr_line' id='line_1_9' title="bbox 343 1309 1384 1382; baseline -0.004 -9"><span class='ocrx_word' id='word_1_70' title='bbox 343 1312 441 1373; x_wconf 84' lang='lat' dir='ltr'><strong>etiarn</strong></span> <span class='ocrx_word' id='word_1_71' title='bbox 457 1309 610 1372; x_wconf 78' lang='lat' dir='ltr'><strong>artuoret.</strong></span> <span class='ocrx_word' id='word_1_72' title='bbox 630 1311 800 1374; x_wconf 86' lang='lat' dir='ltr'><strong>Meteorol.</strong></span> <span class='ocrx_word' id='word_1_73' title='bbox 819 1328 852 1382; x_wconf 76' lang='lat' dir='ltr'><strong>o,</strong></span> <span class='ocrx_word' id='word_1_74' title='bbox 873 1327 907 1374; x_wconf 75' lang='lat' dir='ltr'><strong>a.</strong></span> <span class='ocrx_word' id='word_1_75' title='bbox 943 1313 1033 1374; x_wconf 89' lang='lat' dir='ltr'><strong>Sicut</strong></span> <span class='ocrx_word' id='word_1_76' title='bbox 1053 1330 1130 1374; x_wconf 85' lang='lat' dir='ltr'><strong>vero</strong></span> <span class='ocrx_word' id='word_1_77' title='bbox 1148 1312 1271 1373; x_wconf 84' lang='lat' dir='ltr'><strong>Graeci</strong></span> <span class='ocrx_word' id='word_1_78' title='bbox 1299 1312 1348 1374; x_wconf 85' lang='lat' dir='ltr'><strong>de</strong></span> <span class='ocrx_word' id='word_1_79' title='bbox 1371 1331 1384 1369; x_wconf 80' lang='lat' dir='ltr'><strong>e</strong></span> 
     </span>
     <span class='ocr_line' id='line_1_10' title="bbox 324 1404 1384 1496; baseline -0.001 -21"><span class='ocrx_word' id='word_1_80' title='bbox 324 1404 432 1486; x_wconf 76' lang='grc' dir='ltr'><strong>’ἐντὸς</strong></span> <span class='ocrx_word' id='word_1_81' title='bbox 446 1425 478 1474; x_wconf 88' lang='lat' dir='ltr'><strong>et</strong></span> <span class='ocrx_word' id='word_1_82' title='bbox 491 1407 552 1476; x_wconf 82' lang='grc' dir='ltr'><strong>ἔσω</strong></span> <span class='ocrx_word' id='word_1_83' title='bbox 569 1411 730 1482; x_wconf 87' lang='lat' dir='ltr'><strong>adhihent,</strong></span> <span class='ocrx_word' id='word_1_84' title='bbox 755 1413 795 1474; x_wconf 88' lang='lat' dir='ltr'><strong>lic</strong></span> <span class='ocrx_word' id='word_1_85' title='bbox 811 1414 915 1474; x_wconf 86' lang='lat' dir='ltr'><strong>Latini</strong></span> <span class='ocrx_word' id='word_1_86' title='bbox 932 1425 1047 1474; x_wconf 86' lang='lat' dir='ltr'><strong>vocant</strong></span> <span class='ocrx_word' id='word_1_87' title='bbox 1065 1414 1220 1474; x_wconf 83' lang='lat' dir='ltr'><strong>internum</strong></span> <span class='ocrx_word' id='word_1_88' title='bbox 1243 1413 1360 1496; x_wconf 90' lang='lat' dir='ltr'><strong>(Plin.</strong></span> <span class='ocrx_word' id='word_1_89' title='bbox 1377 1428 1384 1490; x_wconf 71' lang='grc' dir='ltr'>ξ</span> 
     </span>
     <span class='ocr_line' id='line_1_11' title="bbox 341 1511 1381 1606; baseline -0.001 -33"><span class='ocrx_word' id='word_1_90' title='bbox 341 1531 488 1596; x_wconf 90' lang='lat' dir='ltr'><strong>prooem.</strong></span> <span class='ocrx_word' id='word_1_91' title='bbox 512 1527 544 1592; x_wconf 88' lang='lat'><strong>3,</strong></span> <span class='ocrx_word' id='word_1_92' title='bbox 570 1527 601 1590; x_wconf 88' lang='lat'><strong>5.</strong></span> <span class='ocrx_word' id='word_1_93' title='bbox 619 1515 664 1576; x_wconf 92' lang='lat' dir='ltr'><strong>in.</strong></span> <span class='ocrx_word' id='word_1_94' title='bbox 684 1513 704 1574; x_wconf 93' lang='lat' dir='ltr'><strong>s.</strong></span> <span class='ocrx_word' id='word_1_95' title='bbox 727 1511 778 1597; x_wconf 79' lang='lat'><strong>4.)</strong></span> <span class='ocrx_word' id='word_1_96' title='bbox 808 1513 989 1606; x_wconf 82' lang='lat' dir='ltr'><strong>intestinum</strong></span> <span class='ocrx_word' id='word_1_97' title='bbox 1013 1514 1096 1576; x_wconf 86' lang='lat' dir='ltr'><strong>Flor.</strong></span> <span class='ocrx_word' id='word_1_98' title='bbox 1120 1525 1155 1594; x_wconf 78' lang='grc'><strong>4,</strong></span> <span class='ocrx_word' id='word_1_99' title='bbox 1177 1529 1209 1582; x_wconf 77' lang='lat' dir='ltr'><strong>a.</strong></span> <span class='ocrx_word' id='word_1_100' title='bbox 1237 1515 1307 1588; x_wconf 85' lang='lat'><strong>76.</strong></span> <span class='ocrx_word' id='word_1_101' title='bbox 1348 1535 1381 1594; x_wconf 84' lang='lat' dir='ltr'><strong>qr</strong></span> 
     </span>
     <span class='ocr_line' id='line_1_12' title="bbox 342 1601 1384 1700; baseline -0.002 -24"><span class='ocrx_word' id='word_1_102' title='bbox 342 1615 479 1696; x_wconf 84' lang='lat' dir='ltr'>obponit</span> <span class='ocrx_word' id='word_1_103' title='bbox 500 1601 661 1676; x_wconf 48' lang='lat' dir='ltr'><strong>*extenuem</strong></span> <span class='ocrx_word' id='word_1_104' title='bbox 681 1617 703 1676; x_wconf 90' lang='lat' dir='ltr'><strong>i.</strong></span> <span class='ocrx_word' id='word_1_105' title='bbox 717 1635 745 1678; x_wconf 89' lang='lat' dir='ltr'><strong>e.</strong></span> <span class='ocrx_word' id='word_1_106' title='bbox 762 1615 927 1678; x_wconf 83' lang='lat' dir='ltr'>Oceanum</span> <span class='ocrx_word' id='word_1_107' title='bbox 946 1615 1151 1700; x_wconf 72' lang='lat' dir='ltr'><strong>Atlanticuttl,</strong></span> <span class='ocrx_word' id='word_1_108' title='bbox 1178 1613 1243 1696; x_wconf 89' lang='lat' dir='ltr'><strong>(cs.</strong></span> <span class='ocrx_word' id='word_1_109' title='bbox 1268 1615 1384 1678; x_wconf 76' lang='lat' dir='ltr'><strong>Sallus</strong></span> 
     </span>
     <span class='ocr_line' id='line_1_13' title="bbox 247 1703 1384 1810; baseline -0.003 -32"><span class='ocrx_word' id='word_1_110' title='bbox 247 1798 253 1810; x_wconf 92' lang='lat'><strong>.</strong></span> <span class='ocrx_word' id='word_1_111' title='bbox 342 1716 413 1799; x_wconf 84' lang='lat' dir='ltr'><strong>lug.</strong></span> <span class='ocrx_word' id='word_1_112' title='bbox 439 1735 467 1778; x_wconf 89' lang='lat' dir='ltr'><strong>c.</strong></span> <span class='ocrx_word' id='word_1_113' title='bbox 491 1731 544 1792; x_wconf 86' lang='lat'><strong>17,</strong></span> <span class='ocrx_word' id='word_1_114' title='bbox 565 1711 624 1798; x_wconf 74' lang='grc'><strong>4.)</strong></span> <span class='ocrx_word' id='word_1_115' title='bbox 656 1735 752 1798; x_wconf 91' lang='lat' dir='ltr'><strong>quem</strong></span> <span class='ocrx_word' id='word_1_116' title='bbox 776 1730 808 1778; x_wconf 89' lang='lat' dir='ltr'><strong>et</strong></span> <span class='ocrx_word' id='word_1_117' title='bbox 831 1716 941 1778; x_wconf 89' lang='lat' dir='ltr'><strong>Graeci</strong></span> <span class='ocrx_word' id='word_1_118' title='bbox 962 1709 1022 1800; x_wconf 69' lang='lat' dir='ltr'><strong>etp</strong></span> <span class='ocrx_word' id='word_1_119' title='bbox 1045 1703 1109 1790; x_wconf 75' lang='grc' dir='ltr'><strong>ἔξω</strong></span> <span class='ocrx_word' id='word_1_120' title='bbox 1128 1709 1327 1780; x_wconf 66' lang='grc' dir='ltr'><strong>θάλατταν</strong></span> <span class='ocrx_word' id='word_1_121' title='bbox 1352 1717 1384 1776; x_wconf 74' lang='grc' dir='ltr'><strong>ιιι</strong></span> 
     </span>
     <span class='ocr_line' id='line_1_14' title="bbox 341 1815 1384 1899; baseline 0 -21"><span class='ocrx_word' id='word_1_122' title='bbox 341 1817 471 1899; x_wconf 87' lang='lat' dir='ltr'><strong>pellant,</strong></span> <span class='ocrx_word' id='word_1_123' title='bbox 492 1831 529 1878; x_wconf 92' lang='lat' dir='ltr'><strong>ut</strong></span> <span class='ocrx_word' id='word_1_124' title='bbox 543 1817 705 1880; x_wconf 78' lang='lat' dir='ltr'><strong>Plutarch.</strong></span> <span class='ocrx_word' id='word_1_125' title='bbox 721 1819 754 1878; x_wconf 90' lang='lat' dir='ltr'><strong>in</strong></span> <span class='ocrx_word' id='word_1_126' title='bbox 765 1815 852 1881; x_wconf 87' lang='lat' dir='ltr'><strong>Caes.</strong></span> <span class='ocrx_word' id='word_1_127' title='bbox 868 1838 894 1880; x_wconf 93' lang='lat' dir='ltr'><strong>c.</strong></span> <span class='ocrx_word' id='word_1_128' title='bbox 911 1833 965 1880; x_wconf 78' lang='lat' dir='ltr'><strong>ro.</strong></span> <span class='ocrx_word' id='word_1_129' title='bbox 992 1817 1102 1880; x_wconf 87' lang='lat' dir='ltr'><strong>Liban.</strong></span> <span class='ocrx_word' id='word_1_130' title='bbox 1120 1819 1190 1880; x_wconf 91' lang='lat' dir='ltr'><strong>Vol.</strong></span> <span class='ocrx_word' id='word_1_131' title='bbox 1205 1840 1235 1880; x_wconf 91' lang='grc' dir='ltr'><strong>ι.</strong></span> <span class='ocrx_word' id='word_1_132' title='bbox 1256 1839 1292 1898; x_wconf 87' lang='lat' dir='ltr'><strong>p.</strong></span> <span class='ocrx_word' id='word_1_133' title='bbox 1310 1829 1384 1894; x_wconf 72' lang='lat'><strong>395</strong></span> 
     </span>
     <span class='ocr_line' id='line_1_15' title="bbox 343 1907 1384 2007; baseline -0.005 -26"><span class='ocrx_word' id='word_1_134' title='bbox 343 1917 457 1981; x_wconf 70' lang='lat' dir='ltr'><strong>ttetsk.</strong></span> <span class='ocrx_word' id='word_1_135' title='bbox 497 1921 550 1982; x_wconf 89' lang='lat' dir='ltr'><strong>Sic</strong></span> <span class='ocrx_word' id='word_1_136' title='bbox 572 1911 630 2005; x_wconf 70' lang='lat' dir='ltr'><strong>rint</strong></span> <span class='ocrx_word' id='word_1_137' title='bbox 651 1907 715 1992; x_wconf 78' lang='grc' dir='ltr'><strong>ἔξω</strong></span> <span class='ocrx_word' id='word_1_138' title='bbox 732 1920 784 1981; x_wconf 89' lang='lat' dir='ltr'><strong>vel</strong></span> <span class='ocrx_word' id='word_1_139' title='bbox 799 1913 892 1992; x_wconf 78' lang='grc' dir='ltr'>ἐκτὸς</span> <span class='ocrx_word' id='word_1_140' title='bbox 913 1931 945 1979; x_wconf 89' lang='lat' dir='ltr'><strong>et</strong></span> <span class='ocrx_word' id='word_1_141' title='bbox 964 1911 1022 2003; x_wconf 60' lang='grc' dir='ltr'><strong>τὴν</strong></span> <span class='ocrx_word' id='word_1_142' title='bbox 1048 1915 1125 1981; x_wconf 69' lang='grc' dir='ltr'><strong><em>καθ’</em></strong></span> <span class='ocrx_word' id='word_1_143' title='bbox 1145 1912 1231 2007; x_wconf 72' lang='grc' dir='ltr'><strong>ἣμᾶς</strong></span> <span class='ocrx_word' id='word_1_144' title='bbox 1259 1913 1384 1982; x_wconf 66' lang='lat' dir='ltr'><strong>Sn&#39;hor</strong></span> 
     </span>
     <span class='ocr_line' id='line_1_16' title="bbox 342 2013 1384 2107; baseline -0.006 -25"><span class='ocrx_word' id='word_1_145' title='bbox 342 2041 404 2082; x_wconf 81' lang='lat' dir='ltr'><strong>rav</strong></span> <span class='ocrx_word' id='word_1_146' title='bbox 428 2019 564 2102; x_wconf 80' lang='lat' dir='ltr'>obponit</span> <span class='ocrx_word' id='word_1_147' title='bbox 585 2021 701 2105; x_wconf 82' lang='lat' dir='ltr'><strong>Polyb.</strong></span> <span class='ocrx_word' id='word_1_148' title='bbox 727 2035 759 2100; x_wconf 92' lang='lat'><strong>3,</strong></span> <span class='ocrx_word' id='word_1_149' title='bbox 785 2035 842 2100; x_wconf 80' lang='lat'><strong>37,</strong></span> <span class='ocrx_word' id='word_1_150' title='bbox 866 2017 949 2100; x_wconf 82' lang='lat' dir='ltr'><strong>9sq.</strong></span> <span class='ocrx_word' id='word_1_151' title='bbox 995 2016 1162 2107; x_wconf 65' lang='grc' dir='ltr'><strong>Ἑσπερίην</strong></span> <span class='ocrx_word' id='word_1_152' title='bbox 1192 2013 1268 2082; x_wconf 77' lang='grc' dir='ltr'><strong>ἅλα</strong></span> <span class='ocrx_word' id='word_1_153' title='bbox 1300 2038 1384 2080; x_wconf 84' lang='lat' dir='ltr'><strong>voca</strong></span> 
     </span>
     <span class='ocr_line' id='line_1_17' title="bbox 343 2119 1384 2204; baseline -0.007 -21"><span class='ocrx_word' id='word_1_154' title='bbox 343 2121 476 2198; x_wconf 87' lang='lat' dir='ltr'><strong>Dionys.</strong></span> <span class='ocrx_word' id='word_1_155' title='bbox 505 2143 536 2204; x_wconf 90' lang='lat' dir='ltr'><strong>p.</strong></span> <span class='ocrx_word' id='word_1_156' title='bbox 560 2132 620 2200; x_wconf 70' lang='lat'><strong>45.</strong></span> <span class='ocrx_word' id='word_1_157' title='bbox 656 2119 798 2203; x_wconf 87' lang='lat' dir='ltr'><strong>respectu</strong></span> <span class='ocrx_word' id='word_1_158' title='bbox 825 2122 961 2184; x_wconf 87' lang='lat' dir='ltr'><strong>aliorum</strong></span> <span class='ocrx_word' id='word_1_159' title='bbox 992 2123 1128 2182; x_wconf 88' lang='lat' dir='ltr'><strong>marium</strong></span> <span class='ocrx_word' id='word_1_160' title='bbox 1158 2135 1190 2182; x_wconf 92' lang='lat' dir='ltr'><strong>et</strong></span> <span class='ocrx_word' id='word_1_161' title='bbox 1220 2121 1319 2202; x_wconf 85' lang='lat' dir='ltr'><strong>quoti</strong></span> <span class='ocrx_word' id='word_1_162' title='bbox 1357 2139 1384 2178; x_wconf 84' lang='lat' dir='ltr'><strong>e:</strong></span> 
     </span>
     <span class='ocr_line' id='line_1_18' title="bbox 344 2221 1384 2293; baseline -0.007 -9"><span class='ocrx_word' id='word_1_163' title='bbox 344 2222 473 2285; x_wconf 81' lang='lat' dir='ltr'><strong>Oceano</strong></span> <span class='ocrx_word' id='word_1_164' title='bbox 504 2225 636 2293; x_wconf 75' lang='lat' dir='ltr'><strong>occiduo</strong></span> <span class='ocrx_word' id='word_1_165' title='bbox 668 2224 797 2284; x_wconf 91' lang='lat' dir='ltr'><strong>oriatur.</strong></span> <span class='ocrx_word' id='word_1_166' title='bbox 862 2224 959 2284; x_wconf 83' lang='lat' dir='ltr'><strong>Mare</strong></span> <span class='ocrx_word' id='word_1_167' title='bbox 991 2222 1253 2282; x_wconf 80' lang='lat' dir='ltr'><strong>mediterraneum</strong></span> <span class='ocrx_word' id='word_1_168' title='bbox 1292 2221 1384 2282; x_wconf 73' lang='lat' dir='ltr'><strong>serio.</strong></span> 
     </span>
     <span class='ocr_line' id='line_1_19' title="bbox 342 2322 1384 2406; baseline -0.007 -22"><span class='ocrx_word' id='word_1_169' title='bbox 342 2323 548 2393; x_wconf 83' lang='lat' dir='ltr'><strong>dictumest,</strong></span> <span class='ocrx_word' id='word_1_170' title='bbox 582 2343 642 2385; x_wconf 88' lang='lat' dir='ltr'><strong>nec</strong></span> <span class='ocrx_word' id='word_1_171' title='bbox 667 2325 723 2384; x_wconf 87' lang='lat' dir='ltr'><strong>nili</strong></span> <span class='ocrx_word' id='word_1_172' title='bbox 752 2323 836 2404; x_wconf 87' lang='lat' dir='ltr'><strong>apud</strong></span> <span class='ocrx_word' id='word_1_173' title='bbox 864 2322 1049 2404; x_wconf 75' lang='lat' dir='ltr'><strong>posteriores</strong></span> <span class='ocrx_word' id='word_1_174' title='bbox 1070 2325 1244 2406; x_wconf 85' lang='lat' dir='ltr'><strong>reperitur,</strong></span> <span class='ocrx_word' id='word_1_175' title='bbox 1284 2323 1384 2383; x_wconf 86' lang='lat' dir='ltr'><strong>velut</strong></span> 
     </span>
     <span class='ocr_line' id='line_1_20' title="bbox 341 2422 1381 2506; baseline -0.006 -19"><span class='ocrx_word' id='word_1_176' title='bbox 341 2425 444 2487; x_wconf 89' lang='lat' dir='ltr'><strong>Soliu.</strong></span> <span class='ocrx_word' id='word_1_177' title='bbox 465 2445 492 2485; x_wconf 93' lang='lat' dir='ltr'><strong>c.</strong></span> <span class='ocrx_word' id='word_1_178' title='bbox 518 2440 576 2486; x_wconf 80' lang='lat' dir='ltr'><strong>tto.</strong></span> <span class='ocrx_word' id='word_1_179' title='bbox 598 2422 619 2488; x_wconf 93' lang='lat' dir='ltr'><strong>s.</strong></span> <span class='ocrx_word' id='word_1_180' title='bbox 643 2435 698 2502; x_wconf 70' lang='grc' dir='ltr'><strong>ιθ.</strong></span> <span class='ocrx_word' id='word_1_181' title='bbox 751 2427 797 2486; x_wconf 91' lang='lat' dir='ltr'><strong>lta</strong></span> <span class='ocrx_word' id='word_1_182' title='bbox 821 2444 916 2493; x_wconf 89' lang='lat' dir='ltr'><strong>vero,</strong></span> <span class='ocrx_word' id='word_1_183' title='bbox 944 2425 1116 2506; x_wconf 79' lang='lat' dir='ltr'><strong>interprete</strong></span> <span class='ocrx_word' id='word_1_184' title='bbox 1145 2424 1269 2498; x_wconf 73' lang='lat' dir='ltr'><strong>isidoro</strong></span> <span class='ocrx_word' id='word_1_185' title='bbox 1294 2423 1381 2504; x_wconf 77' lang='lat' dir='ltr'><strong>Orig</strong></span> 
     </span>
     <span class='ocr_line' id='line_1_21' title="bbox 348 2521 1383 2607; baseline -0.004 -22"><span class='ocrx_word' id='word_1_186' title='bbox 348 2539 403 2604; x_wconf 84' lang='lat'><strong>15,</strong></span> <span class='ocrx_word' id='word_1_187' title='bbox 434 2527 488 2588; x_wconf 82' lang='lat'><strong>16.</strong></span> <span class='ocrx_word' id='word_1_188' title='bbox 515 2539 664 2596; x_wconf 86' lang='lat' dir='ltr'><strong>vocatur,</strong></span> <span class='ocrx_word' id='word_1_189' title='bbox 699 2527 774 2607; x_wconf 70' lang='lat' dir='ltr'><strong>osuio</strong></span> <span class='ocrx_word' id='word_1_190' title='bbox 803 2547 860 2604; x_wconf 80' lang='lat' dir='ltr'><strong>per</strong></span> <span class='ocrx_word' id='word_1_191' title='bbox 890 2524 1025 2586; x_wconf 80' lang='lat' dir='ltr'><strong>mediam</strong></span> <span class='ocrx_word' id='word_1_192' title='bbox 1061 2539 1178 2586; x_wconf 84' lang='lat' dir='ltr'><strong>terram</strong></span> <span class='ocrx_word' id='word_1_193' title='bbox 1211 2547 1317 2607; x_wconf 84' lang='lat' dir='ltr'><strong>usqne</strong></span> <span class='ocrx_word' id='word_1_194' title='bbox 1344 2521 1383 2582; x_wconf 77' lang='lat' dir='ltr'><strong>od</strong></span> 
     </span>
     <span class='ocr_line' id='line_1_22' title="bbox 345 2617 1383 2716; baseline -0.007 -28"><span class='ocrx_word' id='word_1_195' title='bbox 345 2625 503 2688; x_wconf 74' lang='lat' dir='ltr'><strong>Orientem</strong></span> <span class='ocrx_word' id='word_1_196' title='bbox 528 2617 750 2716; x_wconf 63' lang='lat' dir='ltr'><strong>perfunditur,</strong></span> <span class='ocrx_word' id='word_1_197' title='bbox 784 2627 949 2706; x_wconf 75' lang='lat' dir='ltr'><strong>Europam</strong></span> <span class='ocrx_word' id='word_1_198' title='bbox 975 2639 1006 2686; x_wconf 81' lang='lat' dir='ltr'><strong>et</strong></span> <span class='ocrx_word' id='word_1_199' title='bbox 1032 2619 1180 2715; x_wconf 80' lang='lat' dir='ltr'><strong>Africam</strong></span> <span class='ocrx_word' id='word_1_200' title='bbox 1209 2624 1383 2715; x_wconf 81' lang='lat' dir='ltr'><strong>Afiamqna</strong></span> 
     </span>
     <span class='ocr_line' id='line_1_23' title="bbox 343 2727 1383 2808; baseline -0.006 -20"><span class='ocrx_word' id='word_1_201' title='bbox 343 2727 578 2790; x_wconf 75' lang='lat' dir='ltr'><strong>disterminans.</strong></span> <span class='ocrx_word' id='word_1_202' title='bbox 643 2729 839 2790; x_wconf 79' lang='lat' dir='ltr'><strong>Generaliter</strong></span> <span class='ocrx_word' id='word_1_203' title='bbox 875 2729 971 2788; x_wconf 87' lang='lat' dir='ltr'><strong>etiam</strong></span> <span class='ocrx_word' id='word_1_204' title='bbox 1005 2748 1154 2807; x_wconf 81' lang='lat' dir='ltr'><strong>ntagnum</strong></span> <span class='ocrx_word' id='word_1_205' title='bbox 1187 2727 1251 2788; x_wconf 91' lang='lat' dir='ltr'><strong>dici</strong></span> <span class='ocrx_word' id='word_1_206' title='bbox 1292 2735 1383 2808; x_wconf 89' lang='lat' dir='ltr'><strong>putat</strong></span> 
     </span>
     <span class='ocr_line' id='line_1_24' title="bbox 344 2824 1382 2909; baseline -0.01 -18"><span class='ocrx_word' id='word_1_207' title='bbox 344 2828 473 2891; x_wconf 85' lang='lat' dir='ltr'><strong>Oroliue</strong></span> <span class='ocrx_word' id='word_1_208' title='bbox 501 2851 530 2900; x_wconf 89' lang='lat'><strong>1,</strong></span> <span class='ocrx_word' id='word_1_209' title='bbox 553 2851 583 2892; x_wconf 87' lang='lat' dir='ltr'><strong>t.</strong></span> <span class='ocrx_word' id='word_1_210' title='bbox 617 2827 668 2894; x_wconf 88' lang='lat' dir='ltr'><strong>Cs.</strong></span> <span class='ocrx_word' id='word_1_211' title='bbox 684 2829 791 2892; x_wconf 85' lang='lat' dir='ltr'><strong>Iosnae</strong></span> <span class='ocrx_word' id='word_1_212' title='bbox 808 2829 887 2889; x_wconf 88' lang='lat' dir='ltr'><strong>liber</strong></span> <span class='ocrx_word' id='word_1_213' title='bbox 907 2851 935 2898; x_wconf 90' lang='grc' dir='ltr'><strong>ι,</strong></span> <span class='ocrx_word' id='word_1_214' title='bbox 957 2837 992 2906; x_wconf 76' lang='grc'><strong>4.</strong></span> <span class='ocrx_word' id='word_1_215' title='bbox 1045 2824 1177 2890; x_wconf 83' lang='lat' dir='ltr'><strong>Causam</strong></span> <span class='ocrx_word' id='word_1_216' title='bbox 1201 2829 1282 2890; x_wconf 87' lang='lat' dir='ltr'><strong>inde</strong></span> <span class='ocrx_word' id='word_1_217' title='bbox 1304 2827 1382 2909; x_wconf 85' lang='lat' dir='ltr'><strong>petit</strong></span> 
     </span>
     <span class='ocr_line' id='line_1_25' title="bbox 342 2925 1382 3012; baseline -0.009 -20"><span class='ocrx_word' id='word_1_218' title='bbox 342 2929 479 2992; x_wconf 75' lang='lat' dir='ltr'><strong>Isidorus</strong></span> <span class='ocrx_word' id='word_1_219' title='bbox 494 2951 522 2993; x_wconf 91' lang='lat' dir='ltr'><strong>c.</strong></span> <span class='ocrx_word' id='word_1_220' title='bbox 540 2931 563 2993; x_wconf 94' lang='lat' dir='ltr'><strong>l.</strong></span> <span class='ocrx_word' id='word_1_221' title='bbox 586 2934 662 3012; x_wconf 83' lang='lat' dir='ltr'><strong>qor&#39;o</strong></span> <span class='ocrx_word' id='word_1_222' title='bbox 684 2945 785 2992; x_wconf 85' lang='lat' dir='ltr'><strong>cetero</strong></span> <span class='ocrx_word' id='word_1_223' title='bbox 806 2933 906 2990; x_wconf 83' lang='lat' dir='ltr'><strong>utorio</strong></span> <span class='ocrx_word' id='word_1_224' title='bbox 927 2930 961 2989; x_wconf 85' lang='lat' dir='ltr'><strong>t&#39;rt</strong></span> <span class='ocrx_word' id='word_1_225' title='bbox 985 2931 1222 3007; x_wconf 81' lang='lat' dir='ltr'><strong>comparatione</strong></span> <span class='ocrx_word' id='word_1_226' title='bbox 1237 2932 1306 2990; x_wconf 82' lang='lat' dir='ltr'><strong>eins</strong></span> <span class='ocrx_word' id='word_1_227' title='bbox 1331 2925 1382 2984; x_wconf 64' lang='lat' dir='ltr'><strong>mi¹</strong></span> 
     </span>
     <span class='ocr_line' id='line_1_26' title="bbox 343 3023 1382 3122; baseline -0.007 -30"><span class='ocrx_word' id='word_1_228' title='bbox 343 3051 422 3092; x_wconf 86' lang='lat' dir='ltr'><strong>nora</strong></span> <span class='ocrx_word' id='word_1_229' title='bbox 444 3023 536 3122; x_wconf 78' lang='lat' dir='ltr'><strong>stent.</strong></span> <span class='ocrx_word' id='word_1_230' title='bbox 590 3033 661 3095; x_wconf 88' lang='lat' dir='ltr'><strong>Virl.</strong></span> <span class='ocrx_word' id='word_1_231' title='bbox 686 3033 842 3094; x_wconf 87' lang='lat' dir='ltr'><strong>Harduin.</strong></span> <span class='ocrx_word' id='word_1_232' title='bbox 867 3031 905 3091; x_wconf 83' lang='lat' dir='ltr'><strong>ad</strong></span> <span class='ocrx_word' id='word_1_233' title='bbox 933 3029 1016 3091; x_wconf 91' lang='lat' dir='ltr'><strong>Plin.</strong></span> <span class='ocrx_word' id='word_1_234' title='bbox 1034 3049 1066 3109; x_wconf 88' lang='lat'><strong>9,</strong></span> <span class='ocrx_word' id='word_1_235' title='bbox 1096 3041 1149 3107; x_wconf 80' lang='lat'><strong>18.</strong></span> <span class='ocrx_word' id='word_1_236' title='bbox 1171 3029 1191 3090; x_wconf 96' lang='lat' dir='ltr'><strong>s.</strong></span> <span class='ocrx_word' id='word_1_237' title='bbox 1215 3043 1271 3108; x_wconf 81' lang='lat'><strong>15.</strong></span> <span class='ocrx_word' id='word_1_238' title='bbox 1304 3029 1382 3088; x_wconf 84' lang='lat' dir='ltr'><strong>Bur·</strong></span> 
     </span>
     <span class='ocr_line' id='line_1_27' title="bbox 342 3129 1382 3212; baseline -0.006 -20"><span class='ocrx_word' id='word_1_239' title='bbox 342 3151 451 3192; x_wconf 87' lang='lat' dir='ltr'><strong>ntann.</strong></span> <span class='ocrx_word' id='word_1_240' title='bbox 468 3133 504 3194; x_wconf 84' lang='lat' dir='ltr'><strong>ad</strong></span> <span class='ocrx_word' id='word_1_241' title='bbox 522 3133 623 3195; x_wconf 90' lang='lat' dir='ltr'><strong>Valer.</strong></span> <span class='ocrx_word' id='word_1_242' title='bbox 647 3133 746 3197; x_wconf 85' lang='lat' dir='ltr'><strong>Flacc.</strong></span> <span class='ocrx_word' id='word_1_243' title='bbox 767 3157 794 3205; x_wconf 91' lang='grc' dir='ltr'><strong>ι,</strong></span> <span class='ocrx_word' id='word_1_244' title='bbox 814 3145 871 3208; x_wconf 87' lang='lat'><strong>50.</strong></span> <span class='ocrx_word' id='word_1_245' title='bbox 896 3143 928 3193; x_wconf 88' lang='lat' dir='ltr'><strong>et</strong></span> <span class='ocrx_word' id='word_1_246' title='bbox 950 3151 1030 3212; x_wconf 83' lang='lat' dir='ltr'><strong>qttoa</strong></span> <span class='ocrx_word' id='word_1_247' title='bbox 1049 3145 1241 3193; x_wconf 87' lang='lat' dir='ltr'><strong>memorant.</strong></span> <span class='ocrx_word' id='word_1_248' title='bbox 1297 3129 1382 3191; x_wconf 76' lang='lat' dir='ltr'><strong>Aliae</strong></span> 
     </span>
     <span class='ocr_line' id='line_1_28' title="bbox 343 3233 1381 3314; baseline -0.008 -21"><span class='ocrx_word' id='word_1_249' title='bbox 343 3245 450 3294; x_wconf 89' lang='lat' dir='ltr'><strong>tamen</strong></span> <span class='ocrx_word' id='word_1_250' title='bbox 468 3255 553 3294; x_wconf 87' lang='lat' dir='ltr'><strong>mare</strong></span> <span class='ocrx_word' id='word_1_251' title='bbox 572 3255 718 3314; x_wconf 80' lang='lat' dir='ltr'><strong>magnum</strong></span> <span class='ocrx_word' id='word_1_252' title='bbox 742 3237 782 3296; x_wconf 88' lang='lat' dir='ltr'><strong>de</strong></span> <span class='ocrx_word' id='word_1_253' title='bbox 799 3235 927 3296; x_wconf 84' lang='lat' dir='ltr'><strong>Oceano</strong></span> <span class='ocrx_word' id='word_1_254' title='bbox 944 3233 1069 3302; x_wconf 86' lang='lat' dir='ltr'><strong>dicitur,</strong></span> <span class='ocrx_word' id='word_1_255' title='bbox 1093 3237 1139 3291; x_wconf 92' lang='lat' dir='ltr'><strong>uti</strong></span> <span class='ocrx_word' id='word_1_256' title='bbox 1156 3253 1193 3293; x_wconf 88' lang='lat' dir='ltr'><strong>ex</strong></span> <span class='ocrx_word' id='word_1_257' title='bbox 1210 3247 1381 3292; x_wconf 85' lang='lat' dir='ltr'><strong>auctorum</strong></span> 
     </span>
     <span class='ocr_line' id='line_1_29' title="bbox 344 3333 1381 3419; baseline -0.009 -24"><span class='ocrx_word' id='word_1_258' title='bbox 344 3335 421 3396; x_wconf 82' lang='lat' dir='ltr'><strong>locis</strong></span> <span class='ocrx_word' id='word_1_259' title='bbox 437 3336 547 3396; x_wconf 85' lang='lat' dir='ltr'><strong>docuit</strong></span> <span class='ocrx_word' id='word_1_260' title='bbox 561 3336 657 3399; x_wconf 84' lang='lat' dir='ltr'><strong>Corte</strong></span> <span class='ocrx_word' id='word_1_261' title='bbox 673 3337 710 3396; x_wconf 87' lang='lat' dir='ltr'><strong>ad</strong></span> <span class='ocrx_word' id='word_1_262' title='bbox 727 3336 844 3398; x_wconf 87' lang='lat' dir='ltr'><strong>Sallust.</strong></span> <span class='ocrx_word' id='word_1_263' title='bbox 862 3339 932 3419; x_wconf 82' lang='lat' dir='ltr'><strong>lug.</strong></span> <span class='ocrx_word' id='word_1_264' title='bbox 955 3355 982 3396; x_wconf 89' lang='lat' dir='ltr'><strong>c.</strong></span> <span class='ocrx_word' id='word_1_265' title='bbox 1002 3346 1056 3410; x_wconf 87' lang='lat'><strong>¹8·</strong></span> <span class='ocrx_word' id='word_1_266' title='bbox 1078 3349 1110 3394; x_wconf 88' lang='lat' dir='ltr'><strong>et</strong></span> <span class='ocrx_word' id='word_1_267' title='bbox 1122 3347 1227 3414; x_wconf 86' lang='lat' dir='ltr'><strong>aperte</strong></span> <span class='ocrx_word' id='word_1_268' title='bbox 1242 3333 1381 3395; x_wconf 78' lang='lat' dir='ltr'><strong>declarat</strong></span> 
     </span>
     <span class='ocr_line' id='line_1_30' title="bbox 343 3435 1378 3517; baseline -0.014 -17"><span class='ocrx_word' id='word_1_269' title='bbox 343 3437 458 3515; x_wconf 88' lang='lat' dir='ltr'><strong>Polyb.</strong></span> <span class='ocrx_word' id='word_1_270' title='bbox 478 3451 508 3515; x_wconf 91' lang='lat'><strong>3,</strong></span> <span class='ocrx_word' id='word_1_271' title='bbox 529 3451 585 3516; x_wconf 89' lang='lat'><strong>37.</strong></span> <span class='ocrx_word' id='word_1_272' title='bbox 604 3435 625 3498; x_wconf 85' lang='lat' dir='ltr'><strong>s.</strong></span> <span class='ocrx_word' id='word_1_273' title='bbox 664 3439 706 3498; x_wconf 90' lang='lat' dir='ltr'><strong>Et</strong></span> <span class='ocrx_word' id='word_1_274' title='bbox 720 3437 760 3498; x_wconf 88' lang='lat' dir='ltr'><strong>stc</strong></span> <span class='ocrx_word' id='word_1_275' title='bbox 778 3437 938 3517; x_wconf 74' lang='lat' dir='ltr'><strong>Ampeliou</strong></span> <span class='ocrx_word' id='word_1_276' title='bbox 958 3455 983 3498; x_wconf 94' lang='lat' dir='ltr'><strong>c.</strong></span> <span class='ocrx_word' id='word_1_277' title='bbox 1004 3449 1037 3510; x_wconf 85' lang='lat'><strong>7.</strong></span> <span class='ocrx_word' id='word_1_278' title='bbox 1078 3435 1271 3495; x_wconf 82' lang='lat' dir='ltr'><strong>Atlanticum</strong></span> <span class='ocrx_word' id='word_1_279' title='bbox 1291 3435 1378 3492; x_wconf 57' lang='lat' dir='ltr'><strong>iiten</strong></span> 
     </span>
     <span class='ocr_line' id='line_1_31' title="bbox 345 3535 1377 3617; baseline -0.01 -19"><span class='ocrx_word' id='word_1_280' title='bbox 345 3541 451 3598; x_wconf 84' lang='lat' dir='ltr'><strong>vocari</strong></span> <span class='ocrx_word' id='word_1_281' title='bbox 469 3539 527 3607; x_wconf 91' lang='lat' dir='ltr'><strong>ait,</strong></span> <span class='ocrx_word' id='word_1_282' title='bbox 554 3552 590 3597; x_wconf 91' lang='lat' dir='ltr'><strong>ut</strong></span> <span class='ocrx_word' id='word_1_283' title='bbox 605 3537 687 3600; x_wconf 88' lang='lat' dir='ltr'><strong>Plin.</strong></span> <span class='ocrx_word' id='word_1_284' title='bbox 708 3553 739 3617; x_wconf 90' lang='lat'><strong>3,</strong></span> <span class='ocrx_word' id='word_1_285' title='bbox 764 3558 818 3600; x_wconf 86' lang='lat' dir='ltr'><strong>ro.</strong></span> <span class='ocrx_word' id='word_1_286' title='bbox 835 3536 855 3600; x_wconf 92' lang='lat' dir='ltr'><strong>s.</strong></span> <span class='ocrx_word' id='word_1_287' title='bbox 874 3549 907 3614; x_wconf 88' lang='lat'><strong>5.</strong></span> <span class='ocrx_word' id='word_1_288' title='bbox 959 3536 1113 3597; x_wconf 83' lang='lat' dir='ltr'><strong>Extendit</strong></span> <span class='ocrx_word' id='word_1_289' title='bbox 1132 3551 1236 3596; x_wconf 90' lang='lat' dir='ltr'><strong>autem</strong></span> <span class='ocrx_word' id='word_1_290' title='bbox 1254 3535 1340 3595; x_wconf 86' lang='lat' dir='ltr'><strong>Mela</strong></span> <span class='ocrx_word' id='word_1_291' title='bbox 1362 3549 1377 3588; x_wconf 91' lang='lat' dir='ltr'><strong>a</strong></span> 
     </span>
     <span class='ocr_line' id='line_1_32' title="bbox 344 3632 1375 3720; baseline -0.009 -22"><span class='ocrx_word' id='word_1_292' title='bbox 344 3633 425 3699; x_wconf 88' lang='lat' dir='ltr'><strong>freto</strong></span> <span class='ocrx_word' id='word_1_293' title='bbox 443 3639 600 3700; x_wconf 87' lang='lat' dir='ltr'><strong>Gaditano</strong></span> <span class='ocrx_word' id='word_1_294' title='bbox 622 3641 659 3700; x_wconf 87' lang='lat' dir='ltr'><strong>ad</strong></span> <span class='ocrx_word' id='word_1_295' title='bbox 675 3639 822 3720; x_wconf 83' lang='lat' dir='ltr'><strong>paludem</strong></span> <span class='ocrx_word' id='word_1_296' title='bbox 840 3638 1011 3699; x_wconf 85' lang='lat' dir='ltr'><strong>Maeotida.</strong></span> <span class='ocrx_word' id='word_1_297' title='bbox 1061 3637 1199 3718; x_wconf 87' lang='lat' dir='ltr'><strong>Quidam</strong></span> <span class='ocrx_word' id='word_1_298' title='bbox 1221 3637 1260 3698; x_wconf 88' lang='lat' dir='ltr'><strong>de</strong></span> <span class='ocrx_word' id='word_1_299' title='bbox 1284 3632 1375 3718; x_wconf 80' lang='lat' dir='ltr'><strong>parti·</strong></span> 
     </span>
     <span class='ocr_line' id='line_1_33' title="bbox 345 3731 1376 3822; baseline -0.007 -24"><span class='ocrx_word' id='word_1_300' title='bbox 345 3737 404 3799; x_wconf 83' lang='lat' dir='ltr'><strong>bna</strong></span> <span class='ocrx_word' id='word_1_301' title='bbox 428 3741 496 3802; x_wconf 86' lang='lat' dir='ltr'><strong>eiua</strong></span> <span class='ocrx_word' id='word_1_302' title='bbox 519 3737 629 3821; x_wconf 78' lang='lat' dir='ltr'><strong>passam</strong></span> <span class='ocrx_word' id='word_1_303' title='bbox 645 3751 769 3802; x_wconf 88' lang='lat' dir='ltr'><strong>tantum</strong></span> <span class='ocrx_word' id='word_1_304' title='bbox 791 3751 928 3822; x_wconf 86' lang='lat' dir='ltr'><strong>ponunt,</strong></span> <span class='ocrx_word' id='word_1_305' title='bbox 952 3751 990 3800; x_wconf 89' lang='lat' dir='ltr'><strong>ut</strong></span> <span class='ocrx_word' id='word_1_306' title='bbox 1008 3737 1122 3822; x_wconf 87' lang='lat' dir='ltr'><strong>probat</strong></span> <span class='ocrx_word' id='word_1_307' title='bbox 1138 3737 1318 3798; x_wconf 83' lang='lat' dir='ltr'><strong>Markland.</strong></span> <span class='ocrx_word' id='word_1_308' title='bbox 1338 3731 1376 3793; x_wconf 88' lang='lat' dir='ltr'><strong>ad</strong></span> 
     </span>
     <span class='ocr_line' id='line_1_34' title="bbox 345 3838 659 3922; baseline 0.01 -22"><span class='ocrx_word' id='word_1_309' title='bbox 345 3838 431 3904; x_wconf 85' lang='lat' dir='ltr'><strong>Max.</strong></span> <span class='ocrx_word' id='word_1_310' title='bbox 449 3843 527 3922; x_wconf 87' lang='lat' dir='ltr'><strong>Tyr.</strong></span> <span class='ocrx_word' id='word_1_311' title='bbox 547 3857 605 3921; x_wconf 75' lang='lat'><strong>32,</strong></span> <span class='ocrx_word' id='word_1_312' title='bbox 627 3855 659 3921; x_wconf 80' lang='lat'><strong>3.</strong></span> 
     </span>
    </p>
   </div>
   <div class='ocr_carea' id='block_1_3' title="bbox 348 4037 1373 4237">
    <p class='ocr_par' dir='ltr' id='par_1_3' title="bbox 348 4037 1373 4237">
     <span class='ocr_line' id='line_1_35' title="bbox 510 4037 1373 4128; baseline -0.021 -17"><span class='ocrx_word' id='word_1_313' title='bbox 510 4047 540 4122; x_wconf 87' lang='lat'><strong>§.</strong></span> <span class='ocrx_word' id='word_1_314' title='bbox 567 4057 599 4122; x_wconf 86' lang='lat'><strong>5.</strong></span> <span class='ocrx_word' id='word_1_315' title='bbox 651 4046 809 4106; x_wconf 79' lang='lat' dir='ltr'><strong>Fretum</strong></span> <span class='ocrx_word' id='word_1_316' title='bbox 816 4043 835 4126; x_wconf 92' lang='lat'><em>)</em></span> <span class='ocrx_word' id='word_1_317' title='bbox 885 4043 976 4106; x_wconf 88' lang='lat' dir='ltr'><strong>Varie</strong></span> <span class='ocrx_word' id='word_1_318' title='bbox 996 4055 1139 4105; x_wconf 88' lang='lat' dir='ltr'><strong>vocatur.</strong></span> <span class='ocrx_word' id='word_1_319' title='bbox 1183 4037 1217 4128; x_wconf 87' lang='lat'><strong>1)</strong></span> <span class='ocrx_word' id='word_1_320' title='bbox 1242 4039 1373 4104; x_wconf 81' lang='lat' dir='ltr'><strong>Gadita·</strong></span> 
     </span>
     <span class='ocr_line' id='line_1_36' title="bbox 348 4135 1371 4237; baseline -0.005 -31"><span class='ocrx_word' id='word_1_321' title='bbox 348 4165 421 4208; x_wconf 86' lang='lat' dir='ltr'><strong>num</strong></span> <span class='ocrx_word' id='word_1_322' title='bbox 436 4135 563 4237; x_wconf 85' lang='lat' dir='ltr'><strong>fretum</strong></span> <span class='ocrx_word' id='word_1_323' title='bbox 582 4145 720 4209; x_wconf 88' lang='lat' dir='ltr'><strong>aPlinio</strong></span> <span class='ocrx_word' id='word_1_324' title='bbox 737 4159 769 4226; x_wconf 89' lang='lat'><strong>3,</strong></span> <span class='ocrx_word' id='word_1_325' title='bbox 791 4169 820 4210; x_wconf 90' lang='grc' dir='ltr'><strong>ι.</strong></span> <span class='ocrx_word' id='word_1_326' title='bbox 847 4145 932 4208; x_wconf 82' lang='lat' dir='ltr'><strong>Flor.</strong></span> <span class='ocrx_word' id='word_1_327' title='bbox 952 4159 983 4224; x_wconf 89' lang='lat'><strong>3,</strong></span> <span class='ocrx_word' id='word_1_328' title='bbox 999 4147 1032 4214; x_wconf 85' lang='grc'><strong>6,</strong></span> <span class='ocrx_word' id='word_1_329' title='bbox 1050 4165 1083 4206; x_wconf 88' lang='grc' dir='ltr'><strong>ι.</strong></span> <span class='ocrx_word' id='word_1_330' title='bbox 1106 4175 1156 4194; x_wconf 90' lang='grc'>-</span> <span class='ocrx_word' id='word_1_331' title='bbox 1189 4139 1371 4230; x_wconf 73' lang='lat' dir='ltr'><strong>Fosatpoim</strong></span> 
     </span>
    </p>
   </div>
   <div class='ocr_carea' id='block_1_4' title="bbox 0 0 1418 4966">
    <p class='ocr_par' dir='ltr' id='par_1_4' title="bbox 0 0 1418 4966">
     <span class='ocr_line' id='line_1_37' title="bbox 0 0 1418 4966; baseline 0 0"><span class='ocrx_word' id='word_1_332' title='bbox 0 0 1418 4966; x_wconf 95' lang='lat' dir='ltr'><strong> </strong></span> 
     </span>
    </p>
   </div>
  </div>
 </body>
</html>
