2800 4954
335 351 397 432 μό
605 353 768 416 Nouus
809 351 1113 412 uxuaauucsu

335 531 411 599 liic.
437 519 524 610 lupis
549 545 577 595 1.
596 527 630 596 6,
653 547 682 588 ι.
707 525 747 588 tls
769 523 943 588 Numidia:
983 525 1070 587 culta
1092 525 1195 608 magis
1217 537 1247 590 st
1269 528 1364 606 ditia,

343 632 401 692 ubi
418 628 458 693 sl.
470 640 587 691 notata.
616 626 722 688 Dives
736 640 926 688 autemeam
940 629 1082 712 cognatis
1093 644 1127 691 et
1142 628 1318 708 synonymis
1334 635 1366 696 lis

345 746 378 794 et
392 732 475 814 apud
497 731 576 792 alios
594 729 740 792 occurrit.
791 729 843 790 Sic
862 728 986 790 Plinius
1006 743 1061 800 12,
1080 744 1137 810 30.
1157 729 1178 793 l.
1201 729 1289 810 13.st
1308 747 1366 798 tun

345 850 378 895 es
394 833 554 911 myrrham
580 829 712 892 divilias
728 828 855 892 Arabiae
874 843 985 902 vocat,
1017 843 1051 893 et
1072 851 1147 914 opas
1167 827 1265 898 maris
1285 848 1368 920 atqua

345 948 499 1028 carnarum
515 931 628 997 Nollet
646 952 675 1002 ι,
696 945 750 1001 12,
766 939 801 1015 4.

421 1133 536 1218 aare)
585 1133 625 1196 ln
641 1133 754 1216 primis
773 1132 882 1211 Sabaoi
903 1147 1033 1218 propter
1054 1147 1124 1198 turs
1146 1131 1317 1208 olarilliml.
1339 1153 1371 1204 ut

347 1239 425 1300 dicis
440 1239 562 1298 Plinius
580 1237 612 1304 6,
632 1231 719 1314 32.l.
732 1246 789 1312 28.
814 1251 846 1296 es
861 1238 894 1296 in
911 1239 1022 1320 primis
1042 1253 1094 1307 ss.
1113 1252 1170 1314 30.
1189 1237 1210 1300 l.
1234 1249 1287 1315 ιι..
1309 1252 1372 1300 tura

348 1352 472 1422 praeter
483 1335 630 1400 Arabiam
641 1335 744 1405 nauis,
765 1357 804 1395 aa
819 1359 856 1398 aa
864 1336 998 1400 Arabiae
1009 1338 1132 1422 qssidm
1145 1331 1319 1430 universae.
1332 1371 1371 1386 -

350 1443 451 1521 Regio
470 1459 573 1498 soram
594 1428 730 1526 laetifera
746 1435 831 1499 Saba
847 1437 1021 1516 adpellata.
1059 1443 1109 1502 Ds
1122 1439 1189 1522 ipis
1208 1441 1315 1519 arbore
1330 1440 1372 1503 len

351 1543 492 1626 virgulto
508 1541 593 1599 idem
610 1537 687 1619 poll.
716 1534 872 1602 cleliam
884 1540 1082 1623 Theophrsll
1107 1541 1176 1602 hist.
1194 1542 1292 1622 plant.
1305 1555 1371 1621 9.4.

352 1645 419 1727 Qui
434 1643 522 1724 plura
539 1641 637 1720 cupit,
658 1640 748 1699 adeat
758 1634 940 1702 salmasium
957 1643 994 1702 ad
1013 1643 1113 1706 Solin.
1129 1663 1162 1724 p.
1175 1663 1220 1704 ns.
1244 1655 1311 1719 355
1322 1643 1372 1725 qu.

349 1745 436 1806 Hinc
458 1759 536 1804 varo
553 1738 706 1802 Sabaeum
726 1752 794 1813 aas.
821 1739 908 1806 saba
929 1733 1069 1836 turifera
1089 1757 1122 1808 at
1144 1744 1259 1808 limilia
1279 1764 1373 1807 occur·

323 1861 326 1868 '
349 1845 482 1912 suntin
505 1841 698 1909 auctoribus.

427 2041 647 2128 odoribus)
696 2039 873 2127 Iupania
893 2045 1009 2110 herbas
1031 2046 1225 2120 odoriferae,
1252 2063 1374 2112 aromau

353 2161 516 2210 vocantur.
569 2149 621 2211 Sic
640 2147 790 2208 Tibullus
814 2169 841 2218 ι,
866 2164 898 2218 s,
923 2163 956 2226 3.
978 2150 1102 2232 aliique.
1147 2153 1240 2213 ldem
1262 2161 1373 2220 veroa,

356 2266 389 2320 2,
411 2261 464 2324 ¹8·
487 2249 580 2311 hinc:
605 2249 707 2310 asltor
720 2247 873 2310 odoratae
887 2247 975 2311 diaes
989 2249 1093 2314 Arabs
1107 2241 1238 2342 segetis,
1260 2265 1292 2314 et
1305 2253 1374 2332 Apu·

353 2352 436 2414 leius
454 2351 608 2413 Floridor.
630 2350 686 2412 lib.
708 2369 738 2412 s.
755 2370 787 2432 p.
805 2371 849 2411 m.
869 2365 953 2426 302.
972 2351 1102 2412 odorum
1121 2352 1243 2414 divites
1260 2349 1372 2414 Araba.

356 2441 535 2532 Utrumque
557 2467 608 2512 tus
628 2463 661 2512 et
687 2449 796 2512 ociores
817 2454 983 2535 coniungit
1005 2456 1101 2514 esiam
1125 2453 1240 2516 Noster
1257 2467 1288 2534 5,
1305 2464 1334 2532 fl.
1348 2453 1374 2514 6.

355 2553 481 2614 Plinius
500 2553 532 2619 6.
551 2554 607 2615 06.
626 2551 645 2613 1.
665 2566 723 2630 23.
743 2567 775 2612 et
798 2553 861 2615 alii.
912 2553 979 2614 Hac
999 2554 1039 2614 ds
1059 2551 1145 2616 cassia
1165 2556 1263 2617 etiam
1281 2553 1375 2616 Arabis

357 2654 391 2716 in
420 2654 527 2718 aunxis
554 2655 730 2734 adpolilum
760 2651 855 2715 habet
878 2673 1003 2714 ramum
1027 2655 1124 2726 turis,
1160 2653 1215 2717 seu
1237 2656 1375 2716 calamum

358 2754 543 2826 odoratum,
570 2757 618 2814 uti
639 2755 756 2818 docent
778 2773 829 2826 eo.
856 2775 934 2834 quaa
957 2755 1097 2840 conlegit
1118 2754 1239 2818 liniche
1262 2759 1294 2816 in
1312 2755 1374 2815 Les.

358 2875 449 2916 num.
467 2857 507 2917 T.
525 2855 604 2918 1.l‘.
620 2875 649 2918 ι.
664 2875 695 2938 p.
712 2872 818 2932 1019.
853 2853 1375 2938 RespicitautemArabiam,q1um

361 2955 497 3038 adpellat
513 2957 636 3018 Plinius
653 2967 685 3033 5,
708 2971 763 3020 su.
777 2953 798 3019 l.
818 2975 830 3016 ι
844 2976 872 3019 ι.
892 2947 1097 3046 odoriferam,
1120 2957 1253 3019 divitem
1267 2969 1297 3017 et
1310 2957 1375 3016 Bea-

361 3071 416 3124 cna
436 3060 620 3138 cognomina
640 3056 810 3128 inclutam,
846 3058 938 3120 cuius
962 3061 1115 3121 maiorem
1138 3071 1261 3140 partem
1283 3055 1375 3120 Sabaei

363 3157 530 3228 tenebant,
557 3159 659 3219 ussit
681 3157 793 3220 Noller
815 3156 895 3220 infra
913 3171 944 3237 3,
961 3169 993 3236 8,
1011 3161 1044 3223 6.
1095 3158 1182 3222 Cum
1206 3161 1302 3244 igitur
1319 3158 1375 3218 sa·

360 3257 460 3330 biam,
486 3279 580 3341 quam
602 3260 655 3320 hic
672 3260 818 3342 adtingit.
841 3259 879 3320 sd
897 3259 1027 3321 alteram
1041 3261 1128 3326 illam
1145 3260 1301 3332 extendat,
1321 3259 1374 3321 sisu

364 3379 441 3445 opes
455 3361 496 3426 fic
512 3359 651 3424 breviter
664 3360 761 3423 huius
779 3361 905 3444 inopias
920 3361 1066 3447 obponit.

444 3554 626 3654 Casio)
676 3565 727 3626 Do
760 3561 908 3646 scriptura
938 3563 1100 3626 adeundas
1136 3575 1231 3628 notos
1260 3561 1374 3626 critias.

366 3660 553 3730 Kaossiwla
575 3647 696 3752 πέτραι)
712 3678 805 3728 vocat
821 3663 951 3742 Dionyl.
968 3687 1001 3726 v.
1018 3667 1102 3728 060.
1143 3666 1265 3728 Neutro
1279 3678 1373 3748 genere

367 3765 405 3826 ab
425 3768 588 3828 Herodoto
609 3768 723 3836 efferri,
750 3780 862 3828 monet
879 3766 1056 3830 Pintianus.
1106 3765 1152 3828 lta
1169 3769 1294 3848 quidem
1307 3775 1374 3823 recto

368 3881 497 3952 propter
514 3869 687 3951 adpositum
706 3859 795 3952 ὅρος,
822 3883 861 3928 ut
879 3883 910 3936 a.
929 3869 961 3939 6,
984 3878 1062 3944 158.
1092 3879 1123 3945 3,
1147 3881 1181 3945 5.
1220 3869 1269 3932 Sic
1283 3879 1310 3926 st
1323 3862 1373 3922 alil.

368 3969 475 4032 eafius
485 3970 594 4034 eadem
605 3968 689 4032 caula
699 3969 813 4032 Latini.
837 3968 965 4030 Nomen
976 3989 992 4030 a
1005 3966 1093 4034 caso.
1108 3949 1374 4054 Cyclaiuminlnlo

369 4070 423 4135 val
440 4069 529 4146 Calo,
549 4071 734 4138 Cleomaahi
750 4071 827 4145 filio,
848 4069 1158 4158 derivatstephanus
1172 4068 1196 4138 l.
1210 4093 1243 4138 v.
1257 4059 1373 4140 Κάσιον,
