2764 4954
334 373 398 456 διό
605 377 765 435 noran
807 379 1109 440 nxnonrrcaa

311 539 314 549 ¹
335 548 448 618 κλεῖδα
467 565 565 616 vocat
587 551 646 636 τῆς
665 546 835 636 Αἰγύπτου
856 547 983 618 εἰσόδου
1007 525 1061 619 n'al
1085 543 1218 632 ἓξόδου;
1245 555 1358 618 claustra

335 657 473 740 Aegypti
492 656 604 715 Livius
620 664 680 733 45,
702 675 755 723 ιι,
773 665 807 731 4.
836 675 933 737 quare
949 671 983 717 et
999 659 1080 718 illud
1097 659 1250 740 praesidio
1269 659 1357 738 impo-

337 757 393 818 fito
408 757 512 818 tenuit
527 755 703 817 Antiochus
720 757 924 838 Epiphanes,
949 759 1017 840 poll
1033 760 1192 822 Antonius
1207 761 1358 842 occuparit

335 859 516 939 (Plutarch.
540 859 572 917 in
596 857 715 918 llrrton.
738 863 832 936 c.,3.)
858 879 931 920 cum
955 859 1166 932 Paraetonio,
1198 881 1277 944 quae
1303 859 1356 920 duo

334 962 474 1045 Aegypti
495 977 614 1020 cornua
636 971 753 1019 vocant
774 959 857 1021 Flor.
882 969 916 1038 4,
944 981 998 1032 ιι,
1021 981 1056 1040 9.
1091 977 1124 1026 et
1148 962 1239 1026 Oroi.
1258 965 1288 1032 6,
1313 979 1357 1038 ¹9·

335 1065 374 1124 ln
390 1063 458 1124 eius
472 1061 580 1122 locum
598 1055 737 1120 lucceffit
751 1059 956 1122 fil-Parmam
974 1061 995 1125 l.
1010 1064 1178 1133 Faromelr.
1203 1063 1360 1141 (rl'rlnville

334 1185 366 1248 p.
384 1177 442 1243 97.
460 1181 486 1224 c.
503 1163 538 1242 l.)
563 1161 712 1221 Farama.
739 1157 885 1246 (Savary
902 1165 999 1226 Tom.
1020 1182 1049 1226 t.
1072 1186 1104 1247 p.
1121 1167 1205 1228 969.
1222 1185 1249 1226 c.
1264 1165 1286 1226 l.
1313 1163 1360 1244 qui

335 1265 437 1348 magis
454 1263 494 1324 ad
512 1263 670 1324 orientem
687 1259 812 1342 ponit.)
854 1263 1006 1325 Arabicae
1024 1267 1175 1351 originis.
1203 1266 1253 1328 led
1267 1265 1361 1324 brevia

336 1367 460 1428 aetatis.
511 1363 663 1434 Plurimi,
689 1376 727 1423 ut
743 1361 876 1446 Prosper
893 1365 1030 1446 Alpinae
1047 1367 1143 1430 delcr.
1165 1369 1243 1451 Aeg.
1265 1389 1296 1450 p.
1312 1377 1360 1444 38.

333 1467 461 1528 Maillet
481 1485 512 1547 p.
536 1479 616 1540 ι97.
635 1497 683 1512 -
707 1463 876 1526 Dantem
895 1480 1026 1547 putant,
1051 1469 1136 1549 quod
1157 1483 1266 1530 tamen
1286 1467 1363 1548 oppi·

334 1569 412 1630 dum
430 1587 447 1627 a
462 1565 579 1628 Pelusii
593 1563 761 1627 ruderibus
782 1567 984 1647 aliquantum
1005 1569 1098 1632 abeli.
1133 1570 1203 1632 Nec
1220 1571 1306 1631 valet
1321 1585 1363 1636 eo,

333 1672 420 1752 quorl
442 1672 475 1729 in
492 1668 570 1729 locis
591 1666 777 1748 palustribus
794 1667 885 1728 srturn
909 1667 969 1737 eli.
996 1671 1082 1732 unde
1105 1671 1242 1752 probare
1260 1669 1363 1730 nititur

333 1771 474 1840 Maillet,
497 1769 672 1832 cumidem
691 1769 730 1828 tle
748 1771 816 1830 allia
834 1771 895 1830 dici
912 1773 1009 1831 etiarn
1027 1769 1130 1853 poffit.
1167 1773 1363 1836 Occalronem

333 1872 450 1935 dedisse
477 1871 619 1942 videtur,
654 1869 741 1951 quod
767 1871 929 1933 devastato
964 1871 1088 1934 Pelusio
1120 1873 1237 1935 ostium
1263 1871 1364 1955 oppidi

333 1975 499 2037 Darniette
523 1971 676 2033 orientale
698 1968 821 2032 factum
845 1971 898 2034 est.
938 1970 988 2036 cf.
1010 1974 1171 2036 d’Anville
1194 1997 1226 2058 p.
1245 1993 1291 2052 90
1308 1971 1363 2052 qu.

332 2090 366 2139 et
382 2073 567 2136 Harrluinue
582 2074 622 2134 ad
640 2071 723 2134 Plin.
743 2085 775 2148 5,
795 2093 850 2135 tr.
869 2072 891 2138 l.
912 2093 968 2139 to.
1003 2075 1086 2138 Urbe
1102 2077 1254 2138 inclaruit
1268 2075 1363 2137 Ptole

332 2180 427 2250 maei,
454 2175 649 2260 Geographi,
675 2173 846 2238 natalibus.

411 2376 690 2460 Canopicum)
739 2379 871 2462 Septem
888 2377 940 2441 hic
955 2393 1123 2441 enumerat
1136 2379 1207 2441 Nili
1224 2379 1311 2450 ollia,
1333 2377 1362 2436 ia

331 2499 396 2564 quo
424 2493 456 2542 et
482 2481 536 2540 alii
566 2479 654 2542 varie
688 2478 901 2542 consentiunt.
954 2482 1006 2544 Sic
1030 2481 1127 2542 Nilus
1151 2473 1362 2573 septemfluus.

332 2583 451 2661 (Ovid.
480 2581 613 2642 Metam.
645 2601 673 2651 ι,
699 2585 803 2661 499.)
833 2574 1048 2672 septemplex,
1077 2584 1184 2660 (idem
1208 2595 1241 2662 5,
1271 2581 1361 2658 187.)

324 2676 606 2778 septemgeminas,
637 2683 767 2766 (Virgil.
798 2685 876 2745 Aen.
902 2685 936 2756 6,
963 2697 1046 2762 801.
1085 2683 1204 2747 Catull.
1235 2704 1289 2756 tt,
1314 2683 1360 2756 7»)

324 2777 461 2880 ftptevza
476 2805 533 2844 ora
548 2783 620 2845 Nili
640 2783 768 2868 (livien.
787 2805 820 2846 a.
838 2781 910 2866 99.)
935 2799 967 2847 et
982 2789 1118 2847 omnino
1134 2785 1207 2846 Nili
1223 2807 1278 2847 ora
1293 2781 1361 2844 mul-

332 2885 437 2980 tifida.
473 2887 630 2963 (Eumen.
663 2886 698 2947 in
728 2901 808 2949 orat.
843 2905 901 2968 pro
935 2887 1142 2948 restaurandis
1170 2885 1267 2950 schol.
1295 2881 1361 2956 fin.)

333 2989 461 3050 Graecia
477 2988 593 3047 dicitur
607 2980 827 3076 ἑπτάστομος,
854 2979 1039 3074 ἑπτάπορος
1063 3023 1109 3037 -
1160 2989 1226 3050 Sed
1244 2989 1320 3049 haec
1334 2995 1362 3046 et

332 3091 393 3152 alia
409 3090 547 3173 conlegit
564 3086 771 3150 Hofmannuo
788 3092 826 3149 arl
843 3089 969 3150 oracula
985 3088 1097 3168 Sibyll.
1114 3089 1168 3150 lib.
1183 3099 1220 3172 4.
1236 3113 1268 3174 p.
1285 3098 1360 3167 5⁰3·

330 3193 426 3255 Plura
443 3205 549 3250 tamen
566 3191 664 3251 etiarn
681 3191 811 3271 quidam
828 3203 1094 3254 commemorant.
1129 3191 1181 3252 Sic
1196 3193 1320 3253 Plinius
1332 3197 1360 3264 5,

336 3315 392 3356 ar.
406 3291 427 3354 l.
443 3311 496 3351 ro.
519 3292 655 3352 omnino
676 3308 729 3354 ι9.
753 3291 882 3374 reperiri
901 3289 1022 3362 scribit,
1050 3289 1206 3375 superque
1224 3306 1360 3376 quatuor»

331 3415 413 3476 quae
431 3391 505 3453 salla
524 3410 577 3452 ora
594 3394 766 3475 adpellent.
794 3391 843 3454 [erl
862 3392 1063 3454 celeberrima
1085 3391 1217 3476 [eptem.
1269 3395 1309 3455 Et
1329 3389 1361 3446 stc

330 3497 535 3557 Ptolemaeus
551 3503 584 3572 4.
604 3506 636 3570 5.
658 3489 876 3582 ψευδόστομα
894 3495 960 3554 duo
978 3491 1098 3576 septem
1114 3495 1174 3556 illis
1192 3496 1291 3564 addit,
1313 3489 1360 3552 Pi»

331 3596 466 3675 neptimi
480 3609 511 3655 et
530 3594 677 3657 Dialeon.
705 3589 987 3684 Τυφλοστόματα
1003 3597 1140 3682 adtingit
1154 3599 1253 3656 etiam
1264 3591 1361 3656 Eula-

332 3697 420 3764 thiue
444 3696 483 3754 ad
507 3693 641 3759 Horrrer.
662 3697 699 3760 ll.
720 3713 752 3766 9,
777 3695 859 3777 657.
888 3718 920 3778 p.
940 3715 984 3758 m.
1011 3711 1094 3780 233.
1144 3698 1277 3760 Potiora
1300 3695 1358 3755 duo

332 3798 408 3858 inde
439 3795 592 3866 aDelta.
626 3797 682 3858 ubi
709 3797 803 3860 Nilne
836 3797 986 3859 scinditur
1013 3799 1129 3861 Strabo
1150 3816 1205 3880 17.
1229 3821 1261 3882 p.
1280 3805 1356 3874 542·

331 3897 353 3960 l.
372 3909 454 3976 788.
479 3893 556 3958 facit
578 3895 736 3985 Pelufium
759 3899 799 3959 ad
822 3899 986 3969 dextram,
1015 3897 1209 3962 Cauobt'crtm
1231 3897 1358 3962 illem·

331 3999 493 4061 cleoticum
517 4000 556 4059 ad
578 3999 745 4071 sinistram,
778 4013 872 4082 atque
894 4003 1033 4062 interea
1054 4001 1121 4084 post
1141 4003 1279 4084 quinque
1301 3997 1356 4056 alia

331 4099 489 4172 receulet‚
523 4100 579 4164 etli
609 4103 756 4164 tenuiora
782 4103 942 4185 quaedam
967 4117 1132 4187 praeterea
1155 4101 1214 4166 elle
1240 4108 1353 4164 monet.
