2770 4954
213 366 568 438 turoneum„
607 370 692 430 at.
733 369 839 431 cvr.
882 369 962 441 tr.
1047 367 1112 446 ιω

65 557 177 635 portae
195 544 284 630 apud
305 543 445 609 Ptolem.
461 551 497 624 4,
516 557 550 608 a.
583 561 682 626 quern
705 544 789 606 inter
810 541 948 626 Quium
969 555 1003 610 et
1023 543 1112 608 Arse·

65 651 185 714 naam
200 649 314 730 ponit,
338 659 372 708 et
388 645 442 706 alii
457 646 491 706 in
506 645 569 707 hoc
584 658 685 706 tractu
699 659 965 708 commemorant.
1001 642 1110 710 Volsro
1185 645 1186 650 ’

66 750 257 814 etGraevio
272 750 306 809 in
322 747 409 810 notia
427 745 549 809 Mssur
564 745 598 810 lt.
619 743 663 808 eli
685 736 785 836 Golfo
800 744 840 806 de
857 747 978 810 zerem.
1016 747 1113 812 straw

65 853 103 915 Τ.
125 873 156 915 ι.
177 870 215 932 p.
232 861 293 926 25.
314 848 445 912 coniicit
465 845 540 918 esse,
566 865 663 929 quem
678 845 784 908 Mauri
804 849 965 932 adpellant
983 841 1114 941 Harslra

65 972 183 1034 goutte,
220 951 342 1014 Leonia
363 947 573 1030 Hares-gell.
635 947 698 1010 Sed
724 946 851 1022 confer,
877 968 959 1034 quae
984 951 1114 1014 notavit

65 1053 253 1118 Hermann
267 1053 307 1114 ad
323 1050 439 1112 Edrilli
455 1047 593 1112 Africam
614 1068 646 1132 p.
670 1060 751 1128 187.

141 1217 416 1301 Sardabale)
463 1219 570 1280 Plinio
587 1228 622 1296 5,
645 1236 676 1282 1.
692 1215 713 1283 s.
733 1233 766 1285 a.
790 1217 958 1284 seruabat
994 1221 1115 1284 Verum

66 1323 244 1386 ieamnem
262 1323 350 1384 launc
367 1321 473 1404 iungit
493 1337 568 1381 cnm
586 1322 654 1382 slve
675 1313 799 1407 [Savo]
823 1335 856 1384 et
871 1321 995 1386 Nabare
1012 1323 1117 1385 llumi·

65 1425 187 1497 nibua,
212 1423 255 1486 ad
276 1423 405 1486 alteram
418 1421 593 1486 Numidiae
617 1434 739 1504 partem
756 1423 839 1494 litlat
872 1425 958 1486 unde
978 1425 1116 1508 adparet,

67 1545 145 1586 enm
162 1525 251 1587 male
264 1525 441 1588 admodum
459 1519 606 1604 accepisse
620 1522 718 1586 verba
736 1523 850 1588 Melae.
889 1527 1011 1588 Auctor
1028 1529 1117 1588 eninr
1146 1551 1152 1565 ·

66 1625 179 1690 noller
205 1626 262 1688 hic
287 1623 461 1708 auspicatur
487 1621 663 1688 Numidiae
694 1623 942 1709 descriptionem
968 1629 1117 1692 emedio

66 1727 181 1790 litore.
222 1729 335 1808 ltaque
349 1727 492 1810 primum
506 1739 676 1790 enumerat
688 1727 797 1790 omnia
812 1748 848 1790 ea
864 1727 948 1799 loca,
969 1745 1047 1811 quae
1064 1729 1118 1792 fita

68 1826 209 1890 suntab
230 1829 298 1899 lol,
331 1827 395 1890 srve
416 1825 564 1890 Caesarea
584 1847 685 1910 utque
706 1828 746 1888 ad
767 1827 956 1891 Mulucham
976 1837 1117 1895 amnem.
1144 1908 1149 1917 Ι
1195 1865 1201 1878 ·

69 1931 109 1992 ln
132 1930 188 1991 his
209 1929 407 2012 postremum
421 1927 546 1992 obtinet
562 1929 669 1995 locum
687 1929 834 1992 Sardabal
850 1929 979 1994 lluvina.
1017 1931 1121 2016 Adpa-

69 2044 119 2094 ret
139 2033 263 2112 itaque,
287 2050 364 2093 eum
380 2029 439 2092 else
454 2032 637 2114 proximum
654 2030 838 2094 Malachae.
879 2033 1037 2114 Deinceps
1051 2031 1120 2096 loca

1 2125 2 2140 ³
70 2147 104 2196 et
126 2133 266 2194 llumina
287 2133 407 2213 aliquot
432 2130 588 2204 recenset,
623 2130 797 2216 quaesunt
823 2133 906 2196 ultra
927 2132 1120 2204 Caesaream,

72 2232 266 2318 Ampsagam
290 2251 405 2315 usque.
459 2234 498 2295 ln
521 2233 573 2298 hia
590 2233 663 2296 lunt
682 2234 766 2296 Avea
790 2227 937 2322 [Savus]
963 2248 995 2296 et
1015 2234 1121 2300 Nabar

73 2355 199 2398 amaea.
253 2335 351 2397 aliud
372 2335 476 2416 itaque
498 2353 595 2418 agene
609 2335 734 2398 l’liniua
756 2336 862 2400 iunxit
883 2337 960 2400 haec
971 2337 1120 2411 flumina,

73 2457 156 2518 quae
179 2455 279 2519 quam
301 2431 483 2522 tongtffima
504 2455 522 2498 a
546 2435 576 2500 le
598 2437 738 2500 invicem
758 2433 881 2499 absunt.
932 2439 995 2502 Sed
1017 2435 1121 2502 sorsan

73 2539 148 2600 ideo
172 2558 210 2599 ea
228 2539 262 2597 in
281 2538 377 2598 fiuent
395 2537 505 2619 capitia
525 2536 807 2620 descriptionisque
823 2539 1031 2602 Mauritaniae
1046 2559 1122 2602 con·

76 2639 165 2708 iecit,
191 2637 464 2722 rptodjgnoraret,
488 2637 617 2702 ubinam
637 2639 818 2702 collocanda
833 2639 942 2704 essent.
972 2660 1120 2704 rorarva.

78 2739 202 2802 Contra
223 2739 365 2822 legitima
383 2739 434 2799 illa
455 2737 531 2802 laria
552 2759 568 2802 a
589 2739 696 2802 Plinio
717 2739 870 2804 recenseri
890 2755 923 2804 et
943 2740 1122 2803 Ptolemaei

1 2917 2 2920 Ἴ
77 2835 248 2922 Χινᾶφαλ
269 2838 292 2902 s.
314 2835 471 2920 arraldo
498 2839 558 2904 esse
584 2854 674 2924 putat
698 2842 885 2906 Hardulnua
906 2845 991 2904 iuxta
1014 2839 1121 2906 Caesa·

79 2963 170 3004 ream
193 2945 289 3022 (cum
305 2941 510 3018 Ptolemaeo)
533 2941 632 3006 hodie
653 2942 760 3015 Tenea,
786 2956 824 3004 ut
839 2943 876 3008 stt
891 2935 1017 3033 Sefaia,
1042 2962 1122 3025 quae

79 3037 216 3125 quidem
240 3055 443 3125 propterea,
475 3060 555 3124 quae
577 3044 617 3104 de
633 3043 778 3108 Caesarea
796 3037 902 3126 paullo
922 3057 1123 3106 antenotata

81 3143 172 3216 sunt,
200 3145 311 3206 locum
329 3141 445 3204 habere
465 3162 534 3204 non
554 3144 691 3228 possunt.
743 3143 822 3210 alita
838 3145 880 3207 eit
896 3142 1002 3207 Serbes
1018 3145 1123 3208 Ptole·

82 3229 178 3318 maai,
202 3246 255 3306 uti
268 3246 395 3326 adparet
409 3264 449 3307 ex
463 3243 587 3320 Ortelio
601 3247 799 3312 et-Ferrario.
837 3247 899 3309 Alii
920 3247 1019 3316 aliter,
1042 3264 1123 3326 quoe

82 3349 114 3408 in
136 3369 173 3411 re
198 3347 319 3408 incerta
340 3365 407 3407 non
430 3363 550 3409 moror.
601 3347 658 3409 Cia
682 3345 861 3412 Caesaream
885 3361 991 3408 tamen
1017 3347 1124 3427 quaeri

1 3523 2 3532 ἵ
85 3449 197 3521 debet,
233 3459 267 3512 et
292 3445 312 3506 st
336 3445 373 3507 stt
392 3441 550 3528 Χιναλᾰφ
577 3447 764 3521 Ptolemaei,
792 3467 893 3532 prope
916 3437 1015 3541 Serfel
1036 3465 1123 3508 nunc

84 3549 212 3612 carrium
231 3547 361 3620 habeat,
394 3562 428 3610 et
448 3562 517 3610 tum
534 3546 618 3612 sorte
640 3549 683 3611 eli
700 3549 866 3630 Schelliplt.

154 3715 304 3799 ultra)
353 3716 426 3780 scil.
452 3717 520 3792 lol,
551 3719 628 3780 licut
659 3731 733 3780 ante
758 3729 1010 3789 memoraverat,
1045 3735 1125 3800 quaa

84 3821 166 3884 eitra
189 3821 279 3883 lianc
300 3831 391 3881 erant
411 3819 475 3883 stra.
490 3807 495 3819 ’
513 3837 727 3884 rantzoatvs.

154 3989 420 4052 monumenta
431 4009 461 4048 m
469 3986 489 4070 )
539 3989 639 4052 Prout
669 3983 874 4070 antiquilllnri
899 3987 1060 4074 eligebant
1085 3987 1124 4050 ad

88 4089 261 4178 sepulcrum
283 4089 354 4154 loca
369 4090 475 4153 vicina
494 4093 591 4164 mari,
620 4102 655 4158 at
676 4089 754 4153 hiae
768 4091 872 4154 etiam
895 4085 977 4176 ipsae
1000 4087 1125 4162 insulae,
