2764 4954
314 367 377 450 276
582 369 749 430 noran
789 373 1093 432 execerrcac

318 559 484 632 propterea
512 544 556 608 sol
582 545 625 607 eil
650 547 782 628 propior
811 546 874 608 illie
900 549 1002 610 terrie.
1037 565 1230 612 ocrranrvs.
1286 549 1360 612 Hoc

319 649 566 734 intelligendum
587 647 690 709 elide
705 646 813 709 hieme
828 647 938 719 nollra,
963 649 1090 730 quando
1107 651 1185 711 circa
1203 649 1270 711 Nili
1287 649 1361 712 ion-

319 765 367 815 tee
388 750 432 812 est
451 749 560 819 aenas.
596 763 629 810 et
646 749 726 808 radii
748 746 856 810 solarer
873 751 910 809 ad
932 751 1064 832 angulos
1086 761 1188 813 rectos
1210 751 1360 813 incidunt

198 877 203 898 ι
318 856 354 915 in
377 866 489 915 terram
512 851 615 920 illam.
649 862 726 910 tunc
749 851 890 912 exsiccari
912 851 1041 933 possunt
1064 852 1175 914 ardore
1198 850 1269 913 solie
1289 853 1361 914 Nili

319 954 437 1018 sontee.
489 955 531 1014 At
547 971 586 1013 eo
604 965 765 1034 tempore.
797 953 924 1033 qnando
944 953 1027 1032 apud
1050 972 1109 1014 noe
1125 953 1168 1014 est
1178 949 1297 1024 ‘aelian
1325 969 1360 1017 et

319 1055 364 1118 sol
385 1056 445 1127 hie,
473 1055 527 1136 qni
547 1051 602 1112 snb
620 1051 815 1134 Capricorno
831 1067 940 1137 agunt.
967 1054 1061 1136 longe
1082 1053 1174 1122 abeli.
1200 1069 1362 1137 augentur

317 1176 415 1239 aquae
447 1157 481 1216 in
511 1153 562 1214 illa
588 1156 735 1238 regione,
774 1167 808 1216 et
839 1153 1046 1214 intumescere
1077 1153 1195 1220 saciunt
1229 1156 1357 1220 Nilum.

321 1275 556 1322 menecrates.
610 1255 687 1316 Non
713 1257 801 1316 enim
834 1254 955 1337 semper
981 1257 1013 1315 in
1039 1257 1150 1317 eadem
1178 1258 1361 1320 Eccemrici

318 1363 401 1421 linea
416 1355 570 1426 versatur,
597 1355 648 1418 sed
664 1355 774 1417 aestate
790 1357 823 1416 in
843 1353 991 1418 altillimo
1009 1372 1040 1418 et
1056 1355 1265 1420 remotissimo
1283 1361 1361 1421 loco

318 1475 432 1524 eterra
448 1459 625 1520 extollitur:
651 1451 820 1540 ’Λπόγειον
844 1456 895 1518 seu
913 1461 1035 1541 Augem
1056 1458 1210 1542 Astrologi
1226 1475 1360 1522 vocant.

307 1563 436 1624 ‘Hieme
454 1579 528 1621 vere
544 1561 633 1622 terrie
652 1561 783 1640 propior
797 1557 840 1620 est
854 1559 1030 1619 Eccentrici
1047 1559 1234 1632 differentia,
1258 1561 1291 1621 id
1311 1563 1360 1624 esi

318 1663 481 1726 diametria
498 1662 612 1722 xxiv.
638 1673 673 1719 ut
694 1661 795 1741 placet
812 1660 1007 1722 Ptolemaeo.
1061 1660 1136 1721 Nun
1161 1661 1222 1722 ell'e
1245 1677 1360 1725 antem

316 1765 404 1826 idem
421 1777 565 1825 centrum
585 1760 656 1824 solis
675 1774 708 1823 et
729 1761 796 1842 poli
819 1781 857 1822 ex
874 1761 1041 1823 Tlreoricio
1061 1762 1257 1843 planetarum
1273 1763 1365 1824 dirli-

315 1867 428 1928 cimut.
476 1864 561 1924 Hinc
584 1864 682 1926 etiam
711 1863 784 1923 lndi
808 1874 841 1923 et
866 1863 1044 1944 Aethiopes.
1063 1861 1120 1922 sub
1147 1863 1364 1948 Capricorno,

314 1987 409 2050 quam
429 1963 484 2026 sub
506 1965 630 2028 Cancro
654 1963 754 2048 magle
776 1961 902 2048 perusii.
936 1981 1112 2026 acuorrvr.

394 2158 596 2260 Etesiae)
656 2167 829 2249 Duplicem
868 2162 969 2228 adfert
1001 2167 1232 2251 etymologiam
1265 2173 1366 2234 vocis

316 2271 491 2376 Hyginus
482 2291 515 2329 rn
540 2281 627 2354 poet.
644 2267 755 2330 allron.
774 2283 794 2330 n
799 2276 859 2350 ,.4
878 2287 911 2349 p.
929 2279 1014 2348 234.
1042 2269 1163 2331 Staver.
1180 2263 1309 2340 abiro<
1329 2287 1366 2334 et

316 2369 430 2444 αἰτέω,
427 2343 544 2432 unde
565 2369 694 2452 quidam
711 2365 851 2456 Aetefiue
873 2369 1053 2432 maluerint.
1106 2371 1204 2432 llddit
1226 2374 1365 2434 tertiam

314 2471 515 2534 Munckerua
545 2491 585 2532 ex
616 2469 791 2532 Theone
783 2491 817 2531 m
851 2469 981 2531 Aratum
1011 2491 1042 2554 p.
1068 2487 1125 2533 no.
1152 2472 1363 2550 (Phaenom.

312 2595 345 2637 v.
366 2574 469 2651 152.)
491 2567 560 2632 ab
550 2566 656 2651 ετεὸν,
681 2565 732 2633 tri
748 2593 787 2635 ro
774 2563 963 2660 μηδέποτε
978 2561 1254 2657 μεταβάλλειν
1217 2568 1363 2650 aurelia,

313 2667 395 2740 irae
416 2670 433 2738 ὁ
454 2667 563 2760 καιρὸς
581 2662 692 2736 αὐτῶν
711 2668 816 2760 ἐνστῇ.
855 2673 918 2734 Sed
935 2675 1002 2737 vid.
1018 2676 1058 2735 de
1076 2676 1114 2736 iia
1129 2675 1266 2736 omnino
1286 2676 1365 2739 Ma·

311 2789 381 2839 nut.
400 2777 438 2838 ad
455 2775 559 2838 Cicer.
581 2774 668 2858 epill.
694 2776 732 2835 ad
753 2771 867 2837 divers.
885 2789 920 2845 ιι,
941 2785 997 2852 ι5.
1023 2774 1173 2856 idemque
1193 2773 1363 2857 prolixius

312 2879 351 2940 ad
367 2878 428 2939 lul.
448 2875 534 2940 Caes.
550 2877 590 2939 de
606 2877 644 2938 Β.
663 2871 737 2938 civ.
759 2889 791 2956 3.
816 2890 896 2950 107.
923 2889 956 2937 et
978 2893 1058 2956 quoa
1079 2873 1168 2937 addit
1184 2877 1363 2944 staveren.

311 2980 350 3041 ad
367 2977 490 3063 Hygin.
507 2999 534 3041 c.
552 2978 573 3040 l.
606 2975 716 3039 Latius
732 2973 871 3062 intelligi
888 2995 905 3038 a
922 2974 1098 3048 veteribus.
1116 2975 1230 3040 diserte
1252 2981 1370 3042 decla·

312 3093 359 3142 rat
373 3077 510 3142 Diodor.
529 3076 592 3142 Sic.
613 3101 641 3150 ι,
660 3093 718 3157 39.
746 3075 867 3161 quippe
887 3075 943 3159 qui
965 3075 1070 3148 refert.
1096 3097 1163 3142 non
1183 3077 1264 3141 soloe
1288 3081 1364 3143 Bo·

311 3201 379 3244 reae
395 3196 448 3242 aut
464 3178 635 3263 dparctias.
658 3177 951 3263 (septemtrionales
975 3183 1108 3258 ventos)
1136 3179 1185 3242 sed
1202 3194 1236 3242 ct
1252 3183 1365 3266 Arge·

312 3282 370 3347 llas
390 3282 550 3360 (Cauros)
567 3282 605 3342 ab
622 3279 730 3344 occasu
745 3277 863 3344 aellivo
879 3281 988 3344 slantee
1004 3280 1066 3343 hoc
1083 3277 1218 3342 nomine
1232 3280 1365 3348 notari.

313 3381 366 3448 Ci.
388 3379 435 3444 ibi
456 3380 691 3468 Welselingiue.
719 3379 890 3451 Gelliuen.
911 3399 969 3444 22.
1022 3381 1139 3444 Etesiae
1162 3395 1248 3444 certo
1272 3382 1366 3448 anni

313 3499 460 3568 tempore
483 3505 556 3545 cum
575 3479 765 3547 Prodromie
785 3479 910 3547 oriente
930 3485 1017 3546 Cane
1035 3503 1074 3545 ex
1096 3481 1155 3544 alia
1172 3499 1267 3565 atque
1291 3483 1371 3568 aliq'

314 3583 394 3648 coeli
414 3599 501 3669 parte
519 3582 632 3667 spirare
648 3582 739 3648 dicit.
791 3581 973 3648 Arilloteler
991 3581 1044 3646 ille
1061 3585 1101 3646 de
1121 3585 1250 3647 llllundo
1270 3605 1299 3648 c.
1317 3597 1369 3677 4

311 3675 401 3777 μίξιν
424 3687 538 3748 habere
560 3685 605 3748 ait
629 3687 694 3751 τῶν
714 3709 751 3751 τε
773 3680 838 3752 dard
861 3687 919 3762 τῆς
941 3679 964 3748 ri
966 3707 1065 3772 ρκτου
1088 3683 1153 3773 φερ
1137 3684 1275 3775 ρομένιιν
1296 3683 1368 3771 rto]

313 3778 483 3876 ζεφύρων,
509 3803 541 3850 et
563 3810 619 3870 per
634 3789 778 3851 aestatem
802 3707 981 3856 dominari:
1008 3801 1044 3848 ut
1066 3787 1191 3848 Notum
1209 3807 1267 3870 per
1285 3787 1367 3851 hie«

313 3909 413 3952 mem.
450 3885 521 3950 Vid.
540 3889 660 3950 Lndols
672 3903 848 3955 comment.
863 3889 900 3950 ael
919 3885 989 3950 titt.
1006 3885 1159 3970 Aethiop.
1177 3910 1205 3957 r.
1222 3887 1314 3953 62.
1304 3911 1366 3962 ιη..

313 3991 339 4054 Δ
357 3985 584 4072 septemtrione
604 3987 639 4051 in
661 3987 862 4053 occidentem
886 4005 919 4053 et
939 3985 1016 4051 hinc
1036 3985 1072 4050 in
1095 3987 1255 4053 orientem
1272 3989 1365 4058 ferri

312 4111 353 4156 ex
368 4087 543 4155 Aristotelia
564 4091 731 4156 llleteorol.
750 4109 783 4165 2,
801 4095 835 4158 6.
863 4091 996 4176 probare
1015 4088 1135 4156 lluduit
1157 4091 1287 4158 Manet.
1312 4079 1364 4162 ad
