2922 4958
215 365 566 425 inponuntur.
609 359 695 424 ur.
738 364 873 424 cxur.
914 365 1013 438 e...
1081 365 1144 448 σο,

92 541 252 624 exemplie
265 541 433 604 coufirmat
446 539 583 624 Scaliger
599 539 638 602 ad
657 538 864 622 Theophras.
883 540 923 604 de
940 539 1019 604 crus.
1036 544 1136 623 plant.

93 656 130 723 5,
148 661 183 724 9.
203 663 275 740 pag.
294 652 379 722 287.
431 641 524 702 Taiee
548 641 644 702 ctiam
659 641 692 700 in
710 645 796 731 pagis
814 643 934 724 aliquot
950 642 1135 706 Chersonesi

92 747 249 807 Tauricae
271 743 410 806 inveniri
428 759 469 804 cx
489 744 591 804 arnico
612 743 775 804 audiverat
801 743 911 806 Pallae.
939 743 1027 830 (Vid.
1044 747 1135 806 Jour-

92 847 148 908 nal
163 843 216 907 siir
232 843 349 908 Fabrik
365 878 413 892 --
432 845 474 907 Τ.
494 855 549 922 15.
571 843 606 908 P.
624 859 655 906 a.
677 865 709 926 p.
730 841 825 930 ιι5.)
863 845 947 908 Cum
970 847 1048 908 olim
1067 843 1134 908 Ma·

92 965 208 1010 cronee
224 947 305 1008 banc
321 947 431 1030 capitia
444 943 580 1008 sormam
596 945 782 1015 habuerint.
812 949 944 1008 eoadem
958 949 1052 1008 etiam
1073 947 1133 1012 esse

92 1049 261 1112 contendit
283 1067 322 1110 cx
350 1061 516 1130 auctorum
539 1047 774 1128 comparatione
796 1047 943 1110 Oleariue
965 1049 1003 1110 ad
1025 1048 1134 1112 Philo·

90 1150 177 1212 sirati
200 1151 300 1212 vitam
314 1149 418 1232 dpoll.
434 1163 468 1226 5,
483 1157 544 1230 47.
560 1167 593 1230 p.
612 1157 693 1230 134.
745 1148 910 1211 Convenit
931 1150 1039 1231 utique
1059 1151 1133 1214 fitur

89 1265 125 1314 et
144 1253 261 1314 vicinia
276 1251 480 1333 populorum,
504 1267 585 1330 quoe
600 1247 653 1309 hic
674 1247 758 1334 Mese
776 1247 925 1321 recenset,
951 1253 1000 1312 uti
1014 1271 1132 1336 cogno·

90 1335 191 1414 'terrm
212 1371 252 1414 ex
273 1351 446 1434 Aponon..
476 1350 583 1413 unua.
608 1365 640 1420 2.
668 1360 775 1434 1242.
816 1351 970 1431 oronyoo
993 1373 1025 1416 v.
1046 1351 1129 1428 766.
1239 1427 1243 1436 ,

89 1452 250 1516 Prisciano
263 1473 297 1517 v.
314 1463 398 1533 74ο.
426 1453 552 1516 Avieno
569 1472 602 1516 v.
620 1449 703 1530 946.
738 1453 791 1514 Sic
805 1467 927 1534 praeter
941 1455 1018 1517 alioe
1032 1455 1131 1517 etiam

89 1554 205 1619 Strabo
226 1569 281 1618 tc.
301 1574 333 1636 p.
344 1563 427 1629 378.
444 1551 466 1616 s.
482 1562 567 1636 543.
600 1553 767 1614 Macrones
783 1553 817 1614 in
831 1553 893 1616 boc
909 1569 1008 1617 tractu
1024 1558 1129 1621 norit.

90 1657 178 1720 Cum
200 1653 402 1732 Mosynoecie
423 1667 455 1716 et
470 1653 638 1718 Tibarenie
657 1655 825 1738 coniungit
847 1655 1002 1719 Herodot.
1019 1672 1050 1732 5,
1067 1667 1128 1738 94.

91 1757 176 1821 conl.
194 1771 227 1832 7,
244 1769 302 1834 75.
326 1756 364 1817 ad
379 1755 624 1818 Thermodonta
644 1753 751 1817 versuo
769 1755 907 1818 Colchos
926 1759 1019 1839 ponit
1040 1759 1130 1820 idem

89 1875 125 1930 Ω,
147 1869 228 1936 104.
267 1857 390 1918 Sannoe
405 1855 510 1940 postea
531 1857 632 1920 dictor
653 1853 748 1917 refert
762 1856 874 1920 Strabo
889 1878 915 1921 c.
933 1858 954 1920 l.
978 1873 1010 1922 et
1024 1859 1130 1921 Enisa·

86 1961 179 2023 thius
201 1959 240 2020 ad
264 1955 397 2037 Dionys.
413 1978 440 2020 c.
456 1959 477 2019 l.
510 1970 542 2020 et
563 1959 651 2040 quod
673 1957 726 2018 hic
747 1958 851 2029 addit,
880 1961 981 2044 magia
1000 1964 1129 2042 proprie

86 2061 255 2147 posteriori
277 2073 391 2128 aetate,
419 2060 626 2121 confirmante
651 2059 692 2150 id,
711 2057 868 2140 Procopio
895 2060 935 2122 de
960 2061 999 2124 Β.
1023 2061 1124 2126 Goth.

86 2176 123 2244 4,
149 2183 178 2226 r.
205 2161 340 2224 Trauos.
390 2161 483 2221 Plura
499 2160 586 2222 dabit
600 2161 640 2222 de
658 2161 697 2222 iia
716 2178 894 2242 eorumque
910 2163 942 2222 in
962 2161 1020 2223 hac
1038 2177 1126 2244 parte

83 2263 215 2328 sedibur
230 2263 317 2324 idem
331 2261 506 2343 Procopius
520 2263 560 2322 de
576 2261 614 2324 Β.
632 2261 671 2324 G.
687 2271 720 2340 4,
738 2277 771 2322 c.
798 2262 837 2322 de
853 2262 1002 2324 aedificiie
1016 2273 1049 2346 4,
1066 2263 1125 2340 67.

85 2369 171 2430 Rem
187 2363 280 2446 plene
301 2359 430 2424 conficit
446 2381 599 2442 anonym.
618 2365 657 2424 de
680 2361 788 2424 Ponto
806 2382 875 2446 pag.
900 2373 951 2442 ¹4·
978 2365 1070 2440 (Vos.
1088 2377 1123 2442 3.

88 2469 208 2552 (icogr.
234 2462 353 2540 Huds.)
385 2463 440 2545 qui
464 2484 481 2524 a
504 2464 704 2546 Trapezunte
730 2465 769 2525 td
795 2461 927 2524 insulam
955 2465 1125 2538 Aristiadia,

86 2571 168 2632 oiim
187 2563 371 2634 Cerasunta,
397 2567 485 2646 priua
507 2563 655 2626 habitasse
675 2563 780 2625 scribit
800 2566 935 2626 Acronus
949 2567 1014 2630 stre
1030 2577 1127 2630 Acro·

85 2667 249 2748 captator,
276 2669 311 2727 in
328 2685 390 2746 quo
407 2665 559 2728 aberratio
581 2667 698 2726 librarii
717 2664 806 2728 saciie
824 2667 1041 2749 deprenditur.
1083 2671 1127 2730 Et

83 2771 127 2832 sic
149 2771 294 2832 locorum
320 2769 416 2830 etiam
444 2765 536 2828 seriee
560 2765 715 2828 consentit
740 2769 773 2826 in
800 2787 963 2850 anonymo
988 2785 1021 2832 et
1048 2770 1125 2832 Pro·

84 2873 180 2954 cupio
197 2873 237 2931 de
252 2869 290 2931 B.
309 2868 407 2930 Goth.
420 2877 454 2950 4,
474 2887 504 2932 o.
540 2867 633 2950 Quod
647 2869 768 2928 Pliniue
785 2869 819 2939 6,
836 2879 870 2946 4.
886 2867 959 2929 facit
973 2869 1124 2941 diversor,
1142 2856 1145 2864 ¹

83 2987 118 3036 et
143 2973 286 3054 primurn
303 2969 577 3050 Macrocephaloe,
609 2967 678 3051 posi
693 2969 865 3030 interiectio
886 2970 954 3030 aliie
973 2971 1124 3053 gentibue

83 3074 256 3136 Macronce
282 3082 314 3132 et
338 3069 405 3152 posi
428 3071 550 3131 Sannoe
572 3071 681 3151 ponit,
716 3067 838 3131 secutur
863 3069 922 3138 est.
957 3083 993 3129 ut
1021 3069 1123 3154 saepe,

83 3171 229 3238 diversor
243 3186 395 3240 auctores.
421 3173 570 3242 incurset,
598 3184 706 3230 utrum
731 3191 775 3238 re.
808 3190 848 3230 an
870 3169 974 3232 verbie
998 3185 1124 3234 tantum

81 3277 310 3358 diecreparent.
363 3271 481 3342 Numi,
505 3289 585 3352 quoe
598 3273 726 3352 quidam
744 3274 780 3331 ad
801 3272 1055 3354 Macrocepbaior
1077 3293 1124 3336 re·

81 3375 209 3447 serunt,
234 3375 269 3434 in
290 3375 401 3454 primia
419 3373 579 3443 Goltziue‚
602 3372 695 3454 dubii
715 3369 803 3442 sunt,
832 3372 884 3433 vei
899 3371 1055 3452 Corcyrae
1072 3375 1125 3436 ad·

81 3477 175 3541 scribi
192 3475 321 3538 debent.
358 3476 429 3537 vid.
453 3472 571 3534 Rasche
595 3475 629 3533 in
651 3474 729 3536 Lex.
745 3493 836 3536 num.
858 3476 954 3535 Torn.
974 3489 1005 3553 5.
1031 3475 1069 3536 P.
1092 3496 1122 3540 ι.

81 3601 115 3664 p.
132 3593 194 3656 7ο.
216 3589 250 3639 et
264 3573 388 3638 Eckbel
408 3576 443 3635 in
460 3575 602 3636 doctrina
617 3593 708 3637 num.
724 3575 761 3640 P.
777 3594 807 3638 t.
825 3575 894 3638 Vol.
910 3591 941 3638 o.
957 3595 988 3660 p.
1006 3587 1091 3656 555.

157 3775 354 3858 Beckeri)
405 3775 460 3840 Gr.
486 3769 649 3862 Βὲχειρες,
678 3777 792 3846 rarius,
825 3789 862 3837 ut
884 3789 970 3838 certo
989 3775 1122 3859 quidem

80 3883 247 3966 adpareat.
273 3875 440 3964 Βὲχειροι,
468 3877 507 3938 rie
527 3896 587 3957 qna
611 3878 783 3939 variatione
799 3878 919 3938 dictum
936 3877 978 3939 esi
1000 3878 1033 3940 in
1053 3893 1122 3944 not.

79 3984 184 4047 critic.
204 4001 276 4064 pag.
295 3981 381 4056 6ι5.
434 3973 592 4041 Ποντικὸν
616 3973 707 4052 ἔθνος
732 3972 787 4040 καὶ
812 3971 1006 4040 tacentia
1030 3993 1126 4043 vocat

79 4081 225 4148 Euisath.
247 4081 286 4140 ad
310 4075 443 4158 Dionys.
462 4098 495 4142 r.
514 4079 599 4153 762.
649 4080 735 4143 Situe
758 4099 797 4142 ex
819 4097 967 4142 connexu
986 4079 1125 4144 aliorum

130 4200 231 4274 emp.
247 4197 340 4254 Mar..
363 4197 478 4268 aaran.
493 4193 571 4251 nr.
809 4177 873 4266 Qq
