2828 4966
174 416 219 472 IN
244 417 390 474 POMP.
425 417 540 473 met„
582 415 663 474 Li.
705 415 798 473 ott.
840 416 918 488 §.5-
1031 429 1073 494 73

65 591 91 648 lt
105 586 172 648 milli
198 588 350 650 ridentur
382 589 457 652 dno
483 585 596 672 populi
621 589 812 672 illommque
838 587 923 652 ledes
946 587 1006 651 ell'e
1028 589 1075 650 di·

65 687 147 750 retias.
181 690 217 750 ln
233 690 320 751 Mela
336 704 432 750 certe
450 689 526 752 terri
545 691 596 752 hic
617 693 655 752 ad
671 691 791 775 Gangis
808 689 882 754 ostia
898 703 1074 772 nequeunt.

64 791 185 850 inuenit
205 791 341 863 Strabo,
379 794 443 872 qui
468 792 668 854 Gandaritim
688 793 816 878 longius
836 793 912 854 inde
932 805 1077 854 removet

63 893 156 952 alPori
168 893 327 954 ditionem
342 905 440 954 trans
457 895 608 956 dcefinen
624 906 656 955 et
672 893 840 972 Hyarotim
857 895 894 954 ad
913 895 1078 976 Hypanim

64 1009 112 1050 tun
130 993 286 1070 llionysao.
342 994 400 1055 lta
422 996 524 1056 etiarn
548 995 750 1058 Ptolemaeus
773 994 932 1056 Gandaras
952 1013 970 1055 a
995 993 1079 1056 Gan·

61 1095 146 1174 gaddis
167 1094 222 1154 htn
250 1095 355 1178 longe
383 1109 519 1156 remoto
553 1093 708 1180 seiungit.
745 1115 882 1178 quorum
908 1095 969 1158 illis
993 1095 1079 1156 nihil

61 1196 163 1256 omnino
182 1215 254 1255 cnm
288 1196 413 1280 Gange
446 1195 510 1256 fuit
541 1215 732 1266 commune.
767 1195 818 1260 led
846 1216 884 1258 ex
909 1197 1078 1259 Alexandri

60 1293 154 1356 lilioria
170 1299 219 1358 vel
245 1295 356 1358 forma
384 1297 560 1380 depravata
580 1298 632 1360 vel
656 1298 768 1381 populi
792 1297 886 1360 miili.
937 1295 989 1361 Ci.
1014 1297 1078 1362 Sal-

60 1396 184 1458 nsliuset
199 1397 409 1469 Harduinru,
439 1399 495 1460 hic
509 1399 547 1460 ad
565 1399 717 1468 Plinium.
743 1417 787 1462 cc.
806 1399 839 1462 ll.
890 1399 975 1460 Hinc
997 1417 1076 1462 vero

59 1497 220 1580 intelligim.
245 1519 304 1562 cnr
315 1519 336 1560 a
350 1499 524 1581 Stephano
538 1493 620 1564 ‘tm
635 1499 755 1560 dicatur
771 1495 863 1572 πόλις
876 1495 1079 1588 Πινδαρικῆς

59 1597 178 1673 Σιιέὶας
194 1615 226 1662 et
245 1601 286 1662 ad
304 1600 456 1662 Gerrnm
475 1613 509 1661 et
526 1601 659 1679 Scythas
679 1601 860 1684 relegentur
881 1601 1076 1687 Gangaridae

58 1697 73 1754 i.
87 1719 109 1759 a.
130 1700 321 1762 Gandaridae
345 1721 365 1762 a
386 1703 515 1762 Valerio
542 1702 652 1763 Flacco
675 1703 708 1770 6,
733 1703 792 1774 67.
837 1703 922 1764 Hinc
939 1723 1016 1764 vero
1037 1703 1077 1764 de

61 1814 159 1880 unque
172 1803 206 1865 in
227 1803 430 1866 nemoribus
451 1799 599 1892 [criptura
619 1803 721 1892 potell
740 1803 881 1870 indicari.
914 1801 967 1868 Cf.
982 1817 1078 1866 notas

59 1917 163 1966 urnae.

112 2105 329 2190 Pariani)
389 2107 486 2169 itaet
507 2108 542 2168 in
564 2107 632 2170 aliis
656 2127 818 2172 occurrere
841 2105 1026 2170 dictumest
1046 2106 1081 2168 in

61 2219 110 2266 not
121 2208 181 2270 crit.
204 2211 403 2292 Stephanus
417 2220 456 2270 ex
471 2211 626 2272 Hecataeo
638 2210 760 2271 derivat
772 2229 788 2272 s
800 2210 958 2280 Paricane.
985 2207 1082 2270 Perli-

63 2305 97 2366 lis
112 2307 187 2370 urbe.
225 2312 332 2395 Quod
349 2311 477 2372 lirecte
494 2309 605 2382 hahet,
631 2331 706 2372 cum
722 2330 789 2372 non
806 2311 846 2372 ds
863 2311 951 2371 urbis
968 2310 1081 2372 incolis

63 2405 175 2485 lopratur
191 2412 244 2474 hic
267 2413 385 2482 mela,
420 2409 469 2472 led
487 2410 528 2474 de
544 2425 613 2474 toto
633 2412 770 2496 populo.
795 2413 944 2494 primaria
959 2411 1009 2472 illa
1032 2431 1079 2473 rs·
1193 2457 1203 2470 .

64 2509 142 2587 pionis
154 2511 291 2575 Perticae
308 2513 395 2574 urbs
409 2509 481 2582 fuit,
507 2515 593 2593 quod
611 2514 751 2574 cernitur
768 2515 801 2573 in
816 2513 934 2575 Bactris
951 2526 983 2573 et
999 2513 1078 2576 aliis.

64 2607 215 2675 llardninus
239 2615 281 2676 ad
306 2615 399 2676 Plin.
425 2613 457 2683 6,
488 2625 541 2690 ¹8·
565 2611 586 2678 s.
610 2615 665 2677 16.
689 2615 836 2684 coniicit,
870 2613 995 2676 forsitan
1020 2612 1080 2675 elle

64 2726 118 2776 θοι.
138 2715 357 2793 ducentenas
379 2715 461 2794 apud
478 2713 632 2776 Plautium
653 2714 724 2777 cod.
743 2729 802 2790 73.
823 2736 854 2798 p.
877 2733 956 2794 1⁰9·
978 2715 1082 2800 Βαρι-

65 2809 165 2886 κιιίιυς
184 2815 244 2899 (al.
269 2810 503 2902 Bnpauvionr)
525 2829 631 2878 vocet.
667 2815 731 2877 Sed
746 2816 786 2878 de
802 2835 913 2878 eorum
932 2817 988 2876 situ
1004 2816 1082 2878 certi

66 2909 157 2990 tiiqnid
177 2916 337 2980 constitui
367 2915 419 2976 vel
442 2915 481 2976 lic
503 2917 624 2998 nequit.
660 2915 839 2997 Stephanus
861 2935 901 2978 ex
925 2917 1081 2978 Hecataeo

67 3015 173 3076 omnino
187 3018 333 3080 Perfidia
350 3017 463 3078 urbem
480 3031 583 3082 vocat.
626 3017 711 3080 Cum
728 3017 760 3078 in
777 3009 877 3080 Ctefia
896 3018 1083 3100 praecedant

67 3111 206 3187 Derbices.
226 3115 294 3201 (de
321 3117 440 3199 quihus
461 3132 494 3194 3,
512 3131 544 3195 5,
558 3115 619 3200 tp.)
645 3133 677 3180 et
701 3117 886 3182 Herodotus
909 3119 1084 3202 coniungat

69 3229 122 3272 rum
135 3217 267 3302 Caspiis,
295 3221 336 3282 in
352 3219 408 3279 illo
428 3231 526 3281 tractu
546 3219 716 3301 quaerendi
736 3219 897 3282 videntur.
937 3219 969 3280 Si
988 3221 1084 3280 Acta·

66 3307 268 3396 surtinus,
290 3317 390 3398 18.i.
411 3321 465 3384 ιδ.
492 3339 570 3402 quos
591 3321 674 3382 inter
690 3319 851 3384 (laudares
866 3333 898 3382 et
916 3319 1084 3381 Punicanos

71 3421 149 3490 ponit,
171 3441 209 3483 ex
223 3422 391 3486 lietduini
408 3421 562 3502 opinione
577 3421 740 3485 Strabonis
756 3445 809 3483 ιι.
824 3441 855 3502 p.
874 3430 956 3500 554.
968 3418 989 3484 [.
999 3431 1019 3497 5
1029 3439 1039 3480 t
1050 3433 1083 3496 3.

72 3511 123 3578 [ιιι
137 3522 255 3592 dtralli,
284 3521 345 3585 etii
362 3521 413 3582 alii
431 3522 554 3606 dugalri
574 3523 713 3591 malunt,
741 3521 777 3584 ad
797 3521 1034 3606 Mallagetarum
1052 3533 1085 3582 et

71 3613 190 3684 Sacarum
205 3623 350 3704 confinia
364 3623 451 3684 reiici
467 3623 596 3694 dehent,
613 3639 646 3686 et
660 3636 736 3683 tunc
748 3621 831 3684 Mela
848 3624 923 3685 inde
938 3621 977 3684 ab
993 3623 1084 3684 lndia

74 3721 154 3783 trrlns
181 3724 323 3786 antimus
347 3738 380 3785 et
406 3721 662 3804 septemtrionem
687 3725 852 3788 interiores
875 3723 1013 3812 populos
1037 3741 1084 3788 re·

75 3821 165 3887 uniet.
199 3825 332 3890 Direrl't
354 3826 503 3897 Pariani,
527 3825 566 3888 de
584 3825 698 3912 quibus
714 3825 755 3888 acl
776 3845 805 3897 ι,
827 3845 881 3905 ¹9·
899 3827 945 3888 iu.

132 4025 302 4110 Bactri)
347 4028 402 4091 Sic
424 4039 457 4088 et
481 4027 589 4090 Plinio
613 4029 647 4098 6,
672 4039 726 4106 18.
753 4025 773 4089 l.
798 4027 852 4090 ι6.
876 4039 909 4088 et
930 4025 1007 4088 alibi
1027 4043 1085 4086 vo·

77 4139 171 4192 satu.
204 4129 387 4215 Stephanus
404 4129 493 4192 idem
506 4141 596 4192 notat
609 4143 642 4194 et
655 4122 811 4217 Βάκτριοι
829 4140 861 4189 et
875 4121 1085 4217 Βακτριανοί,
1161 4214 1165 4226 ¹
